3330 5580
707 457 953 513 eostre-³

190 606 346 669 absurdo
378 606 444 667 che
468 604 634 666 havendo
659 623 737 666 cum
762 612 861 667 tanto
885 611 1022 667 matura
1046 604 1306 669 deliberatione
1337 606 1470 669 de'tuti

190 711 348 793 Principi
385 720 419 773 et
444 709 566 793 populi
592 709 669 773 suoi
700 709 850 792 subditi,
887 731 986 774 come
1010 712 1116 774 volea
1139 714 1174 774 la
1197 712 1347 795 ragion,
1383 712 1471 777 fatto

190 818 224 880 el
248 818 414 880 mandato
439 826 564 880 contra
588 827 714 898 questa
737 817 911 895 haeresia,
935 838 1006 881 non
1031 821 1228 883 solamente
1252 839 1325 883 non
1351 820 1387 884 lo
1402 820 1471 884 faci

190 924 358 1006 exequir,
383 945 440 987 ma
463 923 567 987 toleri
591 924 675 1006 ogni
700 921 736 986 di
760 923 1020 1004 quodammodo
1044 923 1079 987 in
1105 924 1271 1007 despetto
1295 945 1362 990 suo
1386 927 1471 993 farsi

190 1030 366 1114 maggiori
390 1030 591 1094 desordeni.

278 1137 324 1201 Et
357 1158 464 1202 ancor
497 1137 562 1200 che
586 1136 716 1199 Nostro
741 1134 894 1218 Signore
922 1135 1020 1199 habii
1052 1136 1142 1201 fatto
1175 1149 1310 1220 quanto
1345 1160 1470 1224 appar·

189 1246 285 1309 tiene
317 1266 339 1308 a
369 1265 408 1308 se
436 1244 472 1306 in
505 1252 630 1325 questa
647 1223 755 1322 cosa,
791 1252 826 1305 et
851 1243 916 1306 che
940 1245 1017 1307 solo
1049 1245 1152 1326 resti,
1189 1265 1210 1308 a
1234 1243 1308 1310 Sua
1332 1247 1472 1312 Maesti

190 1352 245 1415 far
269 1354 305 1416 la
329 1351 540 1414 executione
563 1370 663 1413 come
687 1360 761 1413 tute
785 1351 866 1430 lege
882 1351 1024 1431 volen0,
1048 1370 1119 1414 non
1137 1351 1279 1416 dimeno
1294 1350 1370 1417 Sua
1386 1353 1470 1418 San·

189 1459 253 1522 tita
285 1458 365 1522 sera
389 1478 529 1540 sempre
554 1466 674 1539 presta
705 1476 784 1518 cum
808 1475 871 1518 suo
895 1457 967 1519 bon
992 1457 1149 1521 conselio
1183 1467 1219 1522 et
1242 1460 1324 1523 altri
1348 1461 1470 1544 meggi

190 1568 254 1630 che
279 1567 325 1628 da
349 1575 475 1647 questa
499 1561 594 1627 Sede
619 1584 657 1627 se
681 1564 743 1645 pol
766 1573 801 1627 et
826 1563 918 1627 deve
942 1574 1124 1646 expettar,
1157 1565 1320 1648 assistet,
1356 1579 1394 1632 et
1416 1569 1472 1632 far

188 1673 209 1735 l'
224 1672 342 1736 officio
368 1673 412 1734 de
437 1675 508 1734 bon
533 1670 676 1733 Vicario
702 1671 746 1732 de
771 1670 853 1750 Jesu
879 1670 1030 1734 Christ0.
1357 1677 1361 1689 '

278 1780 348 1842 Per
371 1778 395 1840 li
420 1776 584 1854 remedii,
619 1776 638 1839 ὲ
667 1776 868 1839 necessario
893 1777 959 1840 che
984 1775 1057 1841 Sua
1080 1779 1220 1862 Maesta
1243 1790 1379 1862 quanto
1411 1783 1471 1865 piir

190 1895 312 1967 presto
344 1883 462 1946 mandi
497 1903 563 1965 per
591 1892 716 1964 questa
747 1904 853 1946 causa
882 1895 1173 1965 expressamente
1208 1886 1245 1949 in
1276 1885 1472 1954 Germania

189 2014 236 2056 un
261 1994 366 2054 homo
391 1995 460 2054 ben
485 1990 661 2063 instrutt0‚
688 2000 722 2054 et
747 1993 812 2054 che
836 1992 878 2054 sii
903 1993 947 2056 de
963 1992 1094 2074 qualiti
1120 2005 1155 2056 et
1173 1994 1378 2059 conditione
1406 1999 1472 2061 che

190 2099 298 2182 quelli
323 2097 480 2179 Principi
506 2108 542 2159 et
565 2098 687 2180 populi
713 2098 954 2179 cognoschino
979 2098 1286 2165 manifestamente
1312 2103 1381 2166 che
1398 2101 1472 2167 Sua

188 2206 329 2269 Maesta
353 2225 390 2268 se
415 2216 557 2269 resente
582 2216 617 2267 et
642 2206 723 2268 dole
748 2225 846 2267 esser
869 2205 959 2267 fatta
982 2226 1048 2288 per
1072 2208 1148 2270 loro
1173 2218 1299 2289 questa
1324 2229 1471 2274 enorme

188 2312 317 2376 iniuria
354 2333 375 2374 a
408 2312 494 2392 Dio,
526 2333 546 2374 a
570 2312 605 2374 la
628 2311 779 2392 religion
805 2310 988 2375 Catholica
1013 2323 1048 2376 et
1083 2335 1104 2376 a
1128 2311 1202 2376 Sua
1225 2315 1366 2378 Maesta
1392 2337 1469 2380 curn

189 2439 303 2502 pocco
327 2420 442 2483 honor
466 2418 511 2480 de
536 2418 643 2498 quelli
668 2418 800 2499 populi,
826 2427 861 2480 et
886 2420 1111 2483 damnatione
1135 2421 1181 2483 de
1197 2421 1230 2484 le
1248 2421 1365 2485 anime
1381 2424 1470 2487 loro.

189 2527 230 2589 Li
255 2526 349 2608 quali
380 2526 415 2588 in
448 2544 529 2587 cose
554 2524 657 2587 dela
685 2523 768 2587 fede
793 2533 891 2587 tanto
924 2534 1181 2590 maturamente
1218 2536 1254 2590 et
1285 2529 1469 2611 religiosa·

188 2643 306 2696 mente
331 2631 562 2696 determinate
587 2630 700 2711 primo
725 2633 846 2712 peria
871 2629 967 2695 Sede
991 2633 1217 2713 Apostolica,
1251 2643 1287 2697 et
1314 2637 1375 2717 poi
1405 2657 1471 2719 per

193 2739 268 2803 Sua
290 2738 428 2802 Maesta
453 2748 488 2800 et
518 2739 562 2800 de
593 2737 749 2800 conselio
777 2740 853 2801 loro
886 2739 921 2800 in
954 2743 1025 2801 cosl
1057 2743 1233 2820 populosa
1261 2741 1393 2806 Diaeta
1425 2745 1470 2808 de

189 2846 356 2909 Wormes
380 2866 450 2908 non
475 2844 671 2907 solamente
700 2864 770 2906 non
802 2844 948 2908 habiino
978 2846 1124 2909 obedito
1158 2848 1203 2910 ad
1239 2850 1288 2910 tal
1321 2850 1469 2915 decreto

188 2974 246 3016 ma
269 2973 376 3015 ancor
399 2951 544 3015 habiino
569 2952 677 3013 hauto
692 2951 788 3013 ardir
811 2951 846 3013 in
872 2962 997 3033 queste
1021 2955 1097 3016 loro
1114 2953 1240 3018 Diaete
1257 2956 1303 3019 de
1320 2956 1468 3021 >lorem-

188 3063 316 3141 berga‚
347 3079 452 3122 senza
477 3058 711 3122 deliberation
736 3059 781 3121 de
805 3056 878 3122 Sua
903 3058 1039 3122 Maesta
1063 3059 1192 3124 limitar
1216 3062 1315 3125 detto
1340 3062 1470 3128 Edicto

189 3165 468 3246 Wormatiense,
498 3176 534 3228 et
564 3167 665 3228 voler
700 3165 755 3228 far
779 3185 873 3228 nova
897 3167 1153 3247 congregation
1179 3188 1286 3250 sopra
1310 3169 1372 3232 tali
1398 3192 1468 3234 ma·

188 3272 295 3353 terie3
327 3272 350 3349 il
383 3273 448 3335 che
477 3272 495 3334 ὲ
528 3272 572 3334 de
596 3271 732 3334 directo
757 3283 882 3335 contra
906 3292 985 3336 esso
1010 3273 1142 3354 edicto,
1166 3285 1202 3337 et
1226 3276 1258 3337 le
1283 3276 1356 3357 legi
1381 3278 1470 3341 anti·

188 3401 257 3462 que
291 3399 409 3460 sacre,
445 3388 480 3442 et
509 3377 695 3442 Caesaree.
742 3378 787 3440 Et
822 3379 888 3441 che
925 3368 1065 3461 quando
1094 3378 1166 3444 Sua
1197 3381 1336 3445 Maesta
1370 3383 1470 3449 fusse

188 3489 257 3550 ben
283 3496 376 3550 stata
395 3497 563 3568 presente
587 3486 623 3548 in
647 3485 895 3568 Norimberga,
920 3506 985 3568 per
1008 3489 1083 3550 zelo
1109 3490 1153 3550 de
1178 3490 1212 3551 la
1235 3488 1329 3568 fede,
1355 3500 1392 3552 et
1409 3492 1469 3554 ho·

189 3614 255 3657 nor
286 3614 349 3656 suo
389 3614 459 3655 non
497 3595 674 3656 harrebbe
706 3603 936 3675 praesumpto
973 3595 1186 3657 determinat
1222 3606 1348 3676 questa
1382 3617 1470 3662 cosa

189 3702 399 3763 altramente
424 3702 489 3762 che
515 3700 573 3780 gia
599 3721 659 3763 era
683 3711 776 3763 stata
800 3703 966 3764 conclusa
990 3701 1082 3765 cossi
1106 3712 1380 3766 sanctamente.‘

280 3808 373 3870 Perd
398 3805 471 3869 Sua
494 3807 632 3870 Maesta
662 3828 728 3889 per
758 3808 778 3869 l'
801 3808 907 3871 homo
936 3810 1002 3870 che
1026 3809 1048 3871 l'
1068 3810 1114 3871 ha
1145 3809 1190 3871 ad
1222 3810 1372 3872 mandat
1396 3811 1470 3876 faci

188 3915 370 3994 intender,
401 3934 422 3975 a
446 3915 554 3995 quelli
585 3915 650 3976 tuti
683 3914 859 3996 Principi,
892 3925 927 3976 et
955 3916 1094 3998 populi,
1129 3917 1194 3979 che
1218 3936 1290 3979 non
1329 3918 1348 3981 ὲ
1382 3939 1471 3983 cosa

188 4023 361 4100 honesta,
395 4022 439 4084 nd
464 4021 715 4102 ragionevole,
747 4032 783 4084 et
813 4023 1086 4085 resolutamente
1115 4043 1185 4085 non
1224 4024 1242 4085 ὲ
1274 4025 1319 4087 de
1348 4037 1470 4091 mente

188 4149 268 4209 sua,
301 4130 366 4191 che
389 4147 456 4190 con
481 4127 510 4189 si
535 4127 722 4191 manifesto
747 4128 915 4191 scandalo
941 4129 985 4191 de
1010 4130 1044 4190 la
1068 4128 1241 4219 Religion
1266 4130 1471 4197 Christiana

81 4238 83 4243 ’
188 4239 264 4299 loro
298 4234 415 4298 facino
449 4236 709 4318 congregation
739 4239 866 4299 alcuna
902 4235 938 4297 in
969 4237 1118 4300 materia
1150 4237 1216 4300 che
1248 4237 1343 4300 tochi
1373 4241 1470 4303 altro

189 4345 256 4406 che
280 4344 313 4404 le
338 4363 421 4405 cose
445 4345 522 4405 loro
547 4353 715 4406 consuete
740 4344 797 4406 del
830 4342 996 4423 imperi0,
1021 4343 1050 4405 si
1079 4364 1178 4406 como
1205 4342 1252 4405 fin
1285 4344 1343 4425 qui
1376 4366 1471 4412 sono

188 4449 419 4511 accostumati
447 4451 492 4512 de
519 4448 585 4512 far.
638 4449 682 4511 Et
716 4449 751 4511 in
782 4449 929 4512 materia
958 4450 1002 4511 de
1031 4449 1180 4513 Concilii
1209 4452 1349 4531 quando
1387 4453 1468 4518 loro

189 4556 459 4619 desiderasseno
484 4558 611 4619 alcuna
635 4577 728 4635 cosa,
754 4557 894 4618 devono
918 4576 1089 4636 recorrer,
1115 4578 1136 4619 a
1153 4555 1224 4619 Sua
1239 4556 1389 4639 Maesti,
1414 4560 1470 4625 La

188 4663 271 4741 qual
295 4684 332 4725 se
358 4684 578 4745 cognoscera
602 4665 634 4726 el
669 4663 845 4726 desiderio
878 4663 953 4725 loro
988 4683 1085 4726 esser
1113 4665 1206 4745 justo
1236 4673 1271 4726 et
1302 4665 1468 4745 honesto,

188 4767 412 4834 intercedere
436 4791 608 4855 appresso
633 4770 763 4833 Nostro
788 4769 941 4854 Signore
966 4771 1014 4852 (al
1039 4772 1122 4853 qual
1146 4770 1357 4855 appartiene
1382 4792 1468 4839 con-
