3330 5580
703 456 950 514 0243qu

191 599 256 659 sub
281 597 372 661 idem
399 598 509 662 ferme
527 610 666 684 tempus
683 615 824 686 ceptum
850 616 903 668 est
917 606 1133 686 tumultuari,
1155 606 1351 673 resisteret.
1390 607 1483 672 Cum

190 715 307 768 autem
345 707 572 790 perspicuum
610 709 680 772 iam
719 711 782 789 sit,
826 732 896 793 quo
934 714 1084 775 tendant
1122 713 1229 776 animi
1266 715 1481 796 populares,

188 833 336 894 nempe,
362 824 398 876 ut
423 815 569 877 deiectis
594 816 776 880 Ecclesiae
800 819 1030 900 proceribus,
1061 819 1262 884 libertatem
1289 823 1479 903 quandam

188 918 255 980 sibi
286 918 321 981 in
355 921 483 984 ceteris
516 943 657 1004 quoque
698 935 888 1008 usurpent,
925 946 1017 1007 quae
1055 947 1120 1008 per
1142 926 1223 990 illos
1254 928 1408 1010 adepta,
1443 929 1479 992 in

188 1035 331 1088 exteras
349 1027 507 1091 nationes
524 1030 568 1091 sit
592 1051 733 1113 quoque
757 1042 1010 1115 pervagatura,
1033 1034 1129 1097 unde
1153 1042 1189 1097 et
1213 1030 1370 1098 Sanctae
1396 1036 1479 1100 reli-

189 1132 288 1214 gioni
306 1145 341 1196 et
357 1135 458 1197 simul
470 1135 701 1219 Apostolicae
722 1139 888 1219 dignitati
904 1161 1004 1202 suum
1021 1141 1153 1202 cultum
1169 1150 1206 1204 et
1221 1142 1398 1206 honorem
1416 1163 1475 1205 au·

191 1240 275 1302 ferri
310 1242 514 1325 continget,
549 1245 644 1325 quod
673 1245 757 1308 mihi
779 1247 1045 1311 acerbissimum
1070 1257 1177 1316 esset:
1214 1248 1355 1312 tametsi
1380 1250 1482 1314 vires

189 1359 333 1411 nostrae
351 1351 523 1414 hactenus
539 1351 750 1416 coniunctae
766 1355 820 1416 his
844 1353 1021 1416 intestinis
1039 1353 1145 1420 ‚malis
1168 1374 1240 1417 non
1265 1356 1310 1418 ad
1333 1367 1478 1420 senten·

189 1455 274 1517 tiam
307 1467 463 1520 nostram
487 1478 652 1540 nocuere,
684 1460 836 1524 maxime
868 1462 963 1541 quod
995 1461 1136 1542 pedites
1160 1461 1273 1524 nostri
1306 1463 1408 1525 velut
1442 1463 1479 1527 in

190 1562 306 1643 patria
330 1575 580 1646 cognataquae
604 1567 742 1629 viscera
767 1569 1001 1631 abhorrentes
1030 1567 1126 1631 ferre
1150 1587 1248 1631 arma
1278 1589 1397 1651 neque
1433 1591 1478 1634 eo

188 1668 317 1748 anim0,
342 1691 457 1751 neque
482 1693 524 1734 ea
541 1671 611 1735 tide
629 1672 758 1755 quibus
775 1673 809 1736 in
829 1687 1014 1737 externum
1028 1676 1167 1738 hostem
1184 1674 1271 1738 ferri
1294 1678 1478 1759 solebant,

190 1778 252 1839 sed
266 1776 472 1860 frigidiores
492 1800 571 1843 esse
585 1779 650 1841 visi
667 1789 758 1860 sunt,
780 1783 871 1844 adeo
884 1783 979 1862 quod
996 1781 1033 1843 in
1055 1782 1217 1864 gerenda
1233 1782 1300 1844 hac
1321 1803 1361 1845 re
1377 1784 1479 1845 haud

189 1905 291 1947 secus
304 1895 410 1968 atque
425 1886 504 1967 ipsa
518 1889 687 1950 tumultus
700 1887 887 1950 multitudo
903 1888 1116 1951 formidandi
1130 1897 1221 1952 sunt.
1239 1887 1313 1952 Sed
1327 1909 1409 1952 cum
1423 1911 1478 1954 ro·

189 1994 257 2054 bur
269 1993 420 2056 militare
433 1994 597 2076 supersit,
609 1996 704 2076 quod
719 2003 772 2058 est
783 2015 802 2057 e
813 1995 1010 2075 nobilitate,
1024 2015 1116 2078 quae
1129 1996 1247 2059 animo
1258 1995 1402 2078 integra
1424 2009 1481 2061 est

190 2101 317 2178 adhuc,
339 2111 374 2162 et
392 2101 447 2163 cui
462 2101 595 2183 optime
608 2100 738 2165 confidi
751 2102 866 2184 possit
876 2103 976 2165 velut
995 2103 1114 2165 laesae
1136 2123 1157 2164 a
1176 2102 1306 2165 rustica
1322 2103 1479 2167 multitu·

191 2205 285 2285 dine,
299 2208 509 2289 externique
526 2209 666 2291 pedites
683 2210 875 2292 praecipue
890 2209 1040 2272 Bohemi
1053 2209 1148 2272 facili
1161 2208 1307 2292 negotio
1323 2210 1482 2273 conduci

191 2314 337 2396 possint,
346 2323 384 2377 ut
393 2315 543 2379 militent
554 2325 679 2379 contra
687 2316 857 2379 factiosos
867 2325 902 2378 et
913 2315 1278 2397 sacrilegosrusticos,
1292 2336 1382 2398 quos
1396 2319 1480 2380 hac·

191 2432 293 2483 tenus
325 2420 463 2484 felicior
496 2443 680 2486 successus
712 2423 828 2486 erexit
860 2422 895 2485 in
931 2442 1032 2504 spem
1065 2422 1183 2486 omnia
1213 2423 1258 2485 ad
1288 2422 1479 2487 arbitrium

191 2549 292 2591 suum
316 2530 567 2611 consequendi,
592 2531 622 2592 si
647 2531 751 2593 modo
777 2530 928 2612 pecunia
943 2541 1037 2593 esset
1056 2529 1170 2612 nobiS,
1196 2530 1322 2612 quibus
1338 2531 1480 2595 animus

193 2646 245 2697 est
271 2647 466 2699 extremam
491 2658 626 2719 ponere
661 2658 801 2700 manum
833 2647 957 2699 contra
990 2637 1133 2718 impiam
1166 2648 1202 2700 et
1234 2637 1478 2702 facinorosam

192 2745 283 2805 hanc
322 2744 596 2823 multitudinem,
637 2744 751 2807 accito
782 2744 818 2806 in
846 2763 992 2826 operam
1025 2754 1176 2806 externo
1209 2743 1329 2808 milite.
1384 2745 1480 2809 Nam

193 2851 396 2913 diuturnum
424 2853 491 2914 hoc
513 2854 642 2914 malum
665 2862 700 2914 et
724 2853 919 2932 derepente
943 2861 1051 2931 atque
1074 2850 1267 2933 improviso
1291 2872 1480 2933 enascens,

193 2979 271 3020 sese
282 2959 394 3020 instar
403 2960 540 3039 hydrae
557 2959 649 3022 illius
666 2959 862 3037 fabulosae,
879 2957 1022 3038 saepius
1037 2957 1306 3039 conduplicans,
1321 2971 1359 3021 et
1376 2980 1477 3022 meas

194 3064 288 3126 vires
312 3076 348 3127 et
372 3065 575 3146 Principum
605 3075 711 3146 atque
743 3064 919 3127 sociorum
943 3084 1058 3126 rerum
1085 3064 1307 3146 publicarum
1331 3062 1480 3130 Svevici

193 3169 349 3232 foederis
372 3191 518 3252 prorsus
542 3171 723 3251 exhausit,
757 3172 847 3233 adeo
882 3172 975 3252 quod
1008 3171 1157 3253 quisque
1190 3173 1234 3233 ad
1260 3192 1365 3254 opem
1390 3174 1479 3236 alibi

193 3277 453 3358 implorandam
469 3278 536 3342 iam
553 3280 700 3340 adactus
716 3278 856 3341 existat.
899 3278 1023 3359 Itaque
1048 3298 1126 3341 cum
1147 3277 1326 3341 Sanctitas
1344 3279 1481 3344 Vestra

193 3384 262 3447 iam
287 3386 491 3467 perspicere
516 3387 639 3468 possit,
664 3397 833 3467 quantum
858 3385 1039 3447 immineat
1062 3387 1234 3448 malorum
1249 3384 1387 3467 reliquo
1412 3407 1479 3450 suo

196 3492 355 3574 corpori,
391 3493 420 3556 si
446 3495 534 3556 haec
559 3493 654 3555 natio
680 3491 895 3573 amplissima
930 3491 979 3553 sic
1015 3492 1267 3572 pessundetur,
1304 3494 1477 3574 cuiusque

196 3600 379 3682 Principes
403 3612 485 3683 post
509 3612 656 3664 exactos
681 3601 889 3682 Episcopus,
914 3599 1190 3680 innovatumque
1215 3600 1358 3661 modum
1383 3599 1481 3662 circa

195 3728 315 3787 sacra,
349 3729 452 3790 quem
487 3709 681 3792 praecipue
714 3708 904 3770 furibunda
935 3708 1024 3768 haec
1058 3705 1245 3768 multitudo
1268 3705 1417 3789 requirit
1443 3719 1481 3771 et

197 3813 330 3896 exigit,
364 3837 442 3878 sese
467 3815 622 3879 deiicere
654 3825 844 3897 cogantur,
869 3815 962 3895 quod
988 3824 1104 3874 tamen
1130 3832 1199 3894 ego
1225 3823 1395 3894 quantum
1420 3816 1481 3876 ad·

195 3922 265 3983 huc
290 3935 453 4003 superest
482 3923 625 4003 virium,
662 3943 753 4005 quae
778 3932 859 3984 sunt
883 3913 1124 3997 tenuissimae,
1150 3920 1292 4001 quando
1317 3920 1482 4000 praestiti

197 4028 364 4110 quicquid
389 4032 560 4094 hactenus
585 4032 701 4113 potui,
726 4033 825 4093 velut
848 4029 1070 4091 orthodoxae
1094 4026 1178 4089 fidei
1201 4026 1482 4090 studiosissimus

198 4146 233 4198 et
268 4137 367 4199 istius
399 4137 607 4200 Pontificiae
646 4136 750 4201 Sedis
785 4147 892 4218 atque
929 4135 1112 4218 dignitatis
1146 4133 1481 4197 observantissimus

197 4255 318 4324 presto
343 4266 419 4308 sum
443 4245 632 4326 impedire;
668 4266 781 4328 neque
807 4244 956 4306 deerunt
985 4240 1057 4303 scio
1082 4239 1267 4321 Principes
1290 4240 1480 4320 Bavariae,

198 4350 274 4431 pari
299 4352 415 4415 animo
440 4353 627 4434 studioque
651 4351 807 4434 amplexi
832 4369 972 4431 semper
996 4347 1165 4429 pristinae
1197 4345 1382 4429 religionis
1407 4349 1477 4409 cul·

199 4468 271 4519 tum
315 4467 350 4521 et
381 4461 665 4540 observantiam,
702 4470 808 4541 atque
838 4457 952 4539 ipsum
986 4455 1139 4535 denique
1171 4472 1301 4534 corpus
1334 4450 1480 4515 Svevici

199 4563 355 4627 foederis
378 4569 439 4630 ubi
464 4565 642 4630 Sanctitas
666 4567 797 4629 Vestra
821 4575 856 4628 et
880 4566 1053 4626 Proceres
1077 4571 1183 4643 atque
1205 4558 1390 4622 Ecclesiae
1406 4558 1478 4621 Ro-

200 4692 326 4737 manae
354 4677 539 4738 columnae
563 4672 830 4737 Revendissimi
855 4672 980 4733 Patres
997 4670 1204 4732 Cardinales
1228 4667 1262 4729 in
1280 4664 1480 4729 huiusmodi

199 4781 465 4862 expeditionem
496 4782 781 4872 prosequendam
809 4775 993 4859 suppetias
1028 4775 1062 4838 in
1092 4773 1252 4861 pecuniis
1285 4771 1480 4855 attulerint,
