3330 5580
706 454 952 508 t><lilii-{⁴²⁴³

190 608 225 659 et
249 598 495 675 inobediente,
532 620 631 660 come
669 603 704 661 fu
733 603 930 682 proceduto
962 613 1086 664 contra
1112 603 1234 665 lloemi
1260 619 1296 664 et
1321 606 1379 665 nel
1404 605 1467 685 pri-

190 706 280 767 varli
305 708 349 768 de
374 707 397 768 li
422 707 622 768 commercii
648 707 817 769 interdire
843 710 955 770 ancho
980 709 1050 771 alle
1074 711 1164 772 altre
1196 710 1262 772 che
1287 714 1355 773 sub
1380 730 1472 792 pena

191 813 529 875 excomunicationis
555 825 620 875 etc.
646 835 715 876 non
741 816 891 877 havesse
916 818 1042 877 alcuno
1067 817 1280 880 commercio
1301 838 1369 880 con
1394 838 1471 880 esse

190 921 400 982 altramente
426 922 490 982 che
516 923 592 982 loro
617 921 700 982 beni
725 932 760 983 et
785 922 977 984 mercantie
1003 924 1030 985 si
1049 924 1203 986 dessono
1228 924 1263 986 in
1288 925 1414 1005 preda,
1439 934 1475 985 et

190 1027 281 1089 fatto
306 1039 431 1108 questo
456 1028 484 1090 si
510 1031 685 1108 potrebbe
711 1029 917 1091 dimandare
941 1050 963 1091 a
987 1030 1111 1092 Boemi
1143 1050 1243 1093 come
1273 1032 1320 1093 ad
1352 1029 1472 1094 obedi·

190 1135 279 1215 enti,
315 1136 379 1196 che
405 1155 472 1196 non
498 1136 699 1197 andassono
732 1135 792 1216 piir
818 1139 852 1197 la
877 1157 933 1198 ma
956 1135 1186 1200 ritornassino
1210 1158 1233 1200 a
1256 1136 1474 1219 Ratispona,

191 1241 400 1303 similmente
425 1242 608 1321 operando
633 1262 698 1304 con
725 1245 805 1303 tutti
830 1244 946 1323 questi
972 1243 1152 1306 Potentati
1186 1253 1221 1306 et
1252 1243 1376 1326 Regni
1406 1265 1472 1306 con

190 1350 305 1428 lettre,
331 1350 396 1410 che
422 1349 597 1410 evitarent
621 1349 700 1410 illas
724 1349 897 1412 Civitates
921 1360 999 1429 etc,
1025 1360 1060 1412 et
1085 1349 1157 1413 cosi
1182 1370 1282 1414 come
1308 1352 1355 1413 da
1380 1372 1420 1413 se
1445 1351 1474 1413 si

190 1455 434 1517 destituiriano
460 1467 495 1517 et
528 1456 684 1536 seguiria
716 1460 749 1518 lo
775 1455 907 1519 effett0.
955 1458 1027 1520 Pur
1048 1458 1082 1520 la
1107 1457 1191 1521 cirta
1209 1458 1245 1519 di
1266 1458 1475 1540 Ratispona

193 1561 315 1623 merita
341 1562 425 1643 ogni
450 1563 548 1624 aiuto
574 1574 608 1624 et
633 1554 758 1626 favore
782 1565 912 1646 perche
937 1585 1002 1645 per
1025 1567 1059 1627 la
1083 1565 1290 1628 obedientia
1323 1585 1390 1628 soa
1414 1565 1476 1628 alli

192 1668 373 1731 interdetti
398 1689 503 1750 perse
528 1670 552 1730 il
576 1668 700 1732 trafico
726 1681 760 1731 et
786 1672 803 1732 ὲ
828 1669 887 1752 gia
912 1692 1012 1733 come
1037 1673 1274 1751 abandonata,
1300 1683 1335 1735 et
1361 1673 1380 1734 ὲ
1405 1692 1475 1734 am-

191 1775 348 1856 plissima
374 1775 458 1838 cirta
483 1788 518 1838 et
543 1780 651 1838 molto
676 1778 768 1839 bene
793 1776 957 1840 edificata
982 1779 1026 1840 ad
1051 1778 1164 1861 ripam
1191 1778 1347 1841 Danubii
1411 1829 1418 1843 .
1468 1829 1476 1845 .

281 2007 404 2069 Budae
432 2008 562 2069 XXVI
589 2008 722 2089 Aprilis
748 2009 937 2070 MDXXV

1003 2135 1046 2181 Uti
1067 2135 1159 2181 Frater
1179 2134 1366 2183 Deditissimus

1029 2222 1058 2282 1..
1078 2220 1138 2282 dar.
1158 2220 1335 2294 venustius.

799 2670 873 2733 205.

591 2784 749 2865 Clemens
779 2785 858 2865 llII.
888 2785 1008 2865 Garolo
1040 2785 1076 2867 ll.

521 2933 657 3004 (Sadoletl
675 2932 764 3006 Epist.
783 2933 820 2991 ad
837 2933 978 3005 ennupes
995 2933 1041 2991 tol
1060 2933 1128 3005 14³.)

718 3054 753 3115 (7.
775 3054 840 3102 Maii
863 3049 949 3120 1525.)

284 3176 389 3238 Car¹¹¹⁰
413 3176 448 3237 in
474 3176 614 3238 Christo
639 3175 688 3238 fili
702 3185 824 3238 noster
840 3187 904 3240 etc.
953 3175 1039 3238 Cum
1064 3196 1085 3236 a
1108 3173 1229 3255 primis
1254 3176 1476 3256 temporibus

194 3282 425 3345 Pontificatus
450 3282 571 3360 nostri,
597 3283 836 3364 intelligentes
859 3284 894 3344 in
919 3303 1023 3363 quam
1048 3302 1167 3343 curam
1196 3291 1231 3342 et
1254 3283 1415 3345 laborem
1441 3294 1477 3346 et

194 3387 230 3449 in
255 3408 345 3468 quae
370 3399 532 3470 tempora
565 3388 776 3452 christianae
811 3388 1029 3470 reipublicae
1054 3409 1118 3451 nos
1154 3390 1197 3450 ad
1229 3400 1350 3451 tantae
1385 3410 1478 3453 onus

194 3494 438 3558 sollicitudinis
464 3496 560 3558 Deus
585 3495 820 3577 Omnipotens
844 3494 1053 3569 vocavisset,
1078 3495 1325 3557 institissemus
1350 3516 1476 3578 procu·

195 3621 275 3664 rare
300 3612 334 3664 et
359 3605 509 3665 suadere
533 3624 675 3684 pacem,
701 3603 776 3666 sine
801 3623 870 3684 qua
895 3601 1194 3664 Christianitatem
1219 3612 1273 3664 tot
1298 3613 1332 3664 et
1357 3614 1474 3666 exter·

196 3709 249 3770 nis
274 3721 309 3771 et
334 3710 537 3772 domesticis
561 3711 661 3772 malis
686 3709 821 3771 damnis
852 3709 1154 3789 incommodisque
1185 3708 1360 3787 attritam,
1395 3730 1474 3792 pro·

195 3815 324 3877 xlmam
350 3837 427 3878 esse
453 3816 562 3879 exitio
587 3817 814 3879 videbamus:
839 3816 1067 3878 recordamur
1083 3835 1146 3876 nos
1162 3836 1207 3876 ex
1225 3813 1334 3877 officii
1354 3816 1475 3896 potius

196 3925 307 3985 nostri
332 3925 470 4003 debito,
496 3945 599 4005 quarn
626 3926 720 4005 quod
744 3944 808 4005 spe
832 3925 905 3986 ulla
927 3934 1145 4001 teneremur,
1176 3923 1222 3982 ad
1257 3943 1334 3983 eam
1367 3921 1474 3986 actio·

196 4051 277 4092 nem
301 4042 383 4093 tunc
400 4033 572 4094 adductos
596 4031 717 4093 fuisse.
756 4029 832 4092 Etsi
848 4030 939 4091 enim
956 4029 1070 4091 Deum
1095 4028 1293 4090 sciebamus
1318 4028 1474 4112 omnipo·

196 4149 327 4200 tentem
353 4150 490 4201 mutare
514 4158 622 4219 saepe
646 4148 796 4221 repente
820 4136 967 4198 consilia
991 4135 1170 4197 hominum
1195 4135 1229 4197 in
1264 4134 1404 4216 meliuS,
1441 4145 1476 4198 et

197 4266 287 4326 quae
298 4245 521 4308 difficillima
546 4246 769 4323 videbantur,
794 4264 836 4305 ea
860 4263 938 4305 cum
968 4242 1062 4304 omni
1086 4241 1255 4303 facilitate
1281 4241 1474 4305 conficere:

197 4364 314 4415 tamen
340 4353 374 4415 in
399 4352 506 4413 tantis
531 4371 707 4413 armorum
732 4348 1028 4427 contentionibus,
1054 4357 1089 4410 et
1109 4348 1258 4410 diversis
1275 4348 1475 4430 principum

198 4459 467 4522 christianorum
492 4458 687 4537 sententiis,
712 4477 781 4519 non
807 4459 1018 4519 cernebatur
1042 4455 1123 4536 paci
1139 4457 1248 4535 locus,
1274 4475 1379 4536 quam
1397 4477 1475 4519 cum

199 4568 435 4629 suadebamus
460 4576 496 4628 et
520 4566 565 4627 ad
583 4585 660 4626 eam
675 4566 925 4639 hortabamur,
950 4564 1310 4644 proponebamusque
1326 4583 1370 4625 ea
1385 4584 1475 4646 quae

198 4674 301 4737 nobis
331 4675 544 4736 videbantur
573 4673 619 4733 ad
647 4692 772 4754 pacem
808 4670 978 4752 propiora
1008 4690 1105 4748 esse,
1141 4669 1257 4731 studio
1292 4671 1405 4753 magis
1440 4681 1476 4736 et

199 4782 376 4849 desiderio
402 4780 641 4844 conscientiae
665 4789 808 4842 nostrae
834 4777 1161 4851 satisfaciebamus‚
1187 4796 1292 4856 quam
1317 4797 1381 4859 spe
1398 4799 1473 4861 pro·
