3330 5580
718 455 945 510 0-‘3888>s

277 600 432 663 Narrent
455 600 598 662 Domini
622 598 794 664 Oratores
825 603 919 664 omni
951 622 1028 665 cum
1055 605 1270 668 dexteritate
1295 616 1331 668 et
1355 608 1473 671 mode·

189 709 256 772 stia
281 710 401 791 (prout
424 706 689 789 prudentissimi
713 706 807 793 sunt)
832 729 871 771 se
901 729 978 771 esse
1008 710 1132 773 missos
1140 759 1149 790 ,
1182 733 1203 774 a
1237 709 1477 777 Serenissima

190 816 344 880 Cesarea
368 825 404 877 et
419 813 603 878 Catholica
620 815 809 878 Maiestate
834 818 879 878 ad
896 816 1170 880 Illustrissimum
1190 819 1327 881 Ducem
1352 840 1473 903 supra·

189 924 321 986 dictum
345 942 417 985 non
441 923 589 986 alicuius
614 922 712 985 rixae
737 922 916 985 fovendae
941 943 1059 1001 causa,
1093 945 1184 1005 quae
1208 925 1302 989 inter
1325 926 1476 991 fratrem

188 1029 379 1093 Martinum
404 1031 608 1109 Lutherum,
633 1040 669 1093 et
692 1029 831 1110 aliquos
855 1029 944 1091 alios
970 1031 1146 1093 Doctores
1169 1032 1376 1115 Theologos
1401 1044 1475 1098 tam

188 1137 271 1200 viva
295 1157 394 1215 voce,
418 1157 523 1218 quam
547 1135 688 1217 scriptis
711 1135 804 1198 inter
829 1136 1080 1217 disputandum
1104 1147 1182 1201 orta
1206 1138 1264 1211 sit;
1289 1139 1354 1202 sed
1374 1160 1474 1204 mero

190 1243 403 1325 Religionis,
427 1243 582 1325 pietatis,
605 1241 699 1323 fidei,
725 1251 760 1305 et
784 1243 924 1305 unionis
941 1243 1163 1307 Christianae
1188 1247 1273 1325 zelo,
1299 1266 1391 1328 quae
1415 1268 1473 1310 ne·

190 1371 290 1413 cesse
322 1360 375 1414 est
408 1360 446 1413 ut
479 1350 622 1414 omnino
656 1351 835 1414 dividatur
866 1352 894 1414 si
927 1352 1061 1434 scripta
1088 1362 1124 1415 et
1147 1354 1328 1436 Dogmata
1351 1353 1475 1417 fratris

189 1457 334 1520 Martini
352 1456 497 1520 Lutheri
521 1458 695 1521 haberent
720 1462 850 1522 locum:
888 1458 955 1522 Hic
977 1460 1142 1522 laudetur
1163 1461 1257 1538 Dux,
1282 1483 1304 1524 a
1327 1461 1473 1544 pietate,

189 1565 380 1647 religione,
412 1564 546 1646 optimo
572 1565 713 1629 nomine
737 1575 808 1629 tam
832 1566 962 1648 ipsius,
991 1587 1095 1647 quam
1120 1568 1307 1649 majorum,
1333 1580 1368 1631 et
1393 1589 1473 1632 con·

190 1673 327 1736 cilietur
351 1673 461 1754 ipsius
493 1674 626 1754 gratia,
659 1673 777 1755 quoad
801 1672 876 1736 eius
899 1672 975 1735 fieri
1000 1673 1128 1756 possit,
1160 1696 1205 1737 ne
1230 1696 1351 1738 ansam
1375 1697 1473 1740 recu-

190 1780 292 1842 sandi
317 1779 529 1861 colloquium
554 1788 678 1842 sumat.

280 1884 393 1949 Orent
421 1896 455 1949 et
479 1889 670 1950 obsecrent
690 1906 756 1968 per
778 1887 917 1950 viscera
934 1886 1175 1951 misericordie
1192 1889 1335 1951 Domini
1353 1890 1473 1953 Nostri

189 1995 274 2074 Jesu
292 1994 431 2075 Christi,
456 2004 583 2057 caveat
597 1993 858 2056 Illustrissimus
874 1994 958 2056 Dux
982 1994 1018 2057 in
1042 1995 1109 2057 hac
1133 2016 1172 2057 re
1196 1995 1314 2078 aliquo
1331 1997 1473 2077 privato

190 2101 321 2164 affectu
346 2102 497 2182 moveri,
522 2112 583 2164 aut
606 2121 731 2188 causas
757 2102 999 2182 conquerendi
1024 2102 1069 2163 de
1094 2101 1281 2182 abusibus,
1313 2123 1403 2184 quos
1428 2106 1473 2167 ab

189 2209 449 2273 licclesiasticis
466 2210 616 2290 Romae,
641 2211 698 2272 vel
715 2207 821 2272 etiam
843 2207 879 2269 in
896 2206 1089 2271 Germania
1113 2209 1189 2272 fieri
1206 2211 1375 2290 nonnulli,
1393 2213 1473 2293 plus

190 2338 304 2399 aequo
322 2317 469 2380 Clericis
485 2317 624 2396 infensi,
640 2316 827 2399 graviores
844 2315 1020 2379 interdum
1045 2315 1181 2379 faciunt
1205 2338 1309 2398 quam
1325 2338 1392 2399 par
1409 2328 1473 2399 est,

191 2444 268 2486 cum
286 2423 526 2487 Sacramentis
549 2423 686 2503 ritibuS,
711 2423 926 2500 cerimoniis,
952 2445 973 2485 a
997 2423 1188 2486 maioribus
1213 2424 1342 2487 nostris
1369 2425 1475 2489 nobis

191 2532 330 2593 traditis
356 2543 391 2593 et
416 2530 593 2594 Universa
618 2530 802 2594 Catholica
825 2529 895 2592 fide
921 2530 1148 2594 commiscere
1173 2541 1208 2592 et
1239 2530 1472 2594 confundere:

191 2639 244 2700 Ne
269 2639 361 2701 forte
386 2638 469 2701 dum
493 2639 643 2701 alterum
668 2639 798 2721 corrigi
824 2649 934 2719 optat,
967 2648 1153 2719 utrumque
1177 2648 1328 2701 corruat.
1377 2638 1474 2701 Nihil

192 2746 283 2809 enim
316 2756 369 2808 est
405 2745 507 2826 peius
547 2757 607 2808 aut
642 2749 688 2808 ab
720 2744 909 2808 Salvatore
945 2744 1074 2807 Nostro
1108 2745 1222 2827 magis
1256 2745 1474 2827 prohibitum

191 2874 295 2935 quam
320 2852 447 2914 seditio
472 2864 507 2914 et
531 2853 692 2916 schisma.
728 2852 831 2933 Quod
857 2852 887 2915 si
903 2851 1097 2915 Pontifices
1120 2853 1294 2916 interdum
1311 2864 1474 2935 peccant,

191 2964 324 3023 habent
344 2960 499 3041 judicem
523 2981 622 3023 suum
647 2959 682 3023 in
708 2960 827 3041 coelis,
853 2959 913 3041 qui
939 2980 1000 3022 eos
1024 2959 1165 3022 iudicet.
1204 2960 1322 3040 Super
1346 2959 1472 3025 Cathe-

192 3069 291 3131 dram
315 3067 427 3130 Mosis
458 3068 627 3130 sederunt
655 3066 793 3129 scribae
819 3075 855 3128 et
878 3065 1049 3149 pharisei:
1084 3068 1179 3148 quod
1203 3067 1324 3129 dieunt
1348 3067 1472 3140 facite:

192 3177 394 3254 secundum,
423 3187 540 3238 autem
565 3194 675 3254 opera
700 3193 821 3236 eorum
846 3173 955 3236 nolite
980 3173 1110 3252 facere,
1136 3172 1221 3236 dicit
1245 3175 1473 3255 Redemptor

192 3291 329 3362 noster,
364 3302 435 3344 non
461 3290 579 3344 autem
604 3280 780 3362 praecipit
803 3280 996 3343 Pontifices
1021 3302 1091 3343 non
1116 3281 1332 3361 audiendos,
1367 3282 1473 3364 depo-

192 3389 339 3468 nendos,
364 3389 610 3470 expellendos,
635 3388 900 3451 interimendos.

280 3496 320 3557 ln
345 3494 578 3575 dignitatibus
602 3516 708 3579 posse
729 3504 764 3558 et
781 3496 896 3559 solere
914 3514 1065 3577 peccare
1082 3494 1250 3574 homines,
1277 3495 1474 3577 dignitates

191 3603 287 3686 ipsas
311 3603 454 3665 illaesas
479 3611 514 3664 et
537 3604 762 3665 venerandas
785 3623 983 3667 remanere.

281 3709 409 3772 Mirum
434 3730 523 3788 esse,
555 3709 624 3772 imo
655 3714 701 3774 ab
730 3711 825 3774 omni
848 3710 985 3773 ratione
1010 3711 1174 3789 alienum,
1192 3710 1384 3774 Pontifices
1400 3712 1474 3776 Ro-

193 3838 315 3880 manos
340 3819 385 3879 ab
411 3837 480 3879 uno
505 3817 698 3881 fraterculo
723 3818 878 3881 Martino
900 3818 1055 3880 Luthero
1081 3817 1229 3880 iudicari
1254 3830 1289 3880 et
1313 3820 1475 3883 condem·

193 3925 285 3987 nari:
311 3924 370 4005 qui
395 3945 460 3986 nec
487 3924 619 3987 eisdem
644 3924 887 4003 Pontificibus,
923 3945 987 3986 nec
1013 3925 1075 3987 ulli
1098 3924 1279 3987 hominum
1302 3926 1476 4007 permittit

192 4031 245 4094 ius
271 4052 348 4094 esse
373 4031 526 4112 aliquem
551 4034 608 4095 vel
632 4032 811 4095 minimum
835 4031 1107 4095 homoncionem
1131 4033 1391 4095 condenmandi
1414 4045 1475 4096 aut

193 4138 386 4202 iudicandi:
421 4139 490 4201 imo
515 4159 581 4202 nec
606 4139 707 4201 unius
732 4140 892 4221 syllabae
916 4141 1016 4221 leges
1041 4140 1228 4220 condendi,
1257 4151 1317 4202 aut
1341 4140 1475 4222 aliquid

193 4245 454 4329 praecipiendi,
489 4245 554 4307 nisi
585 4246 615 4308 is
648 4246 703 4308 cui
735 4244 954 4328 praecipitur
985 4255 1112 4327 sponte
1138 4268 1201 4309 sua
1225 4268 1352 4329 parere
1377 4249 1475 4312 velit.

193 4353 238 4414 Et
268 4352 318 4414 sic
350 4373 488 4415 ornnem
520 4352 774 4432 obedientiam,
808 4372 911 4414 omne
944 4352 1153 4433 dominium,
1186 4374 1289 4417 omne
1313 4375 1475 4437 regnum,

194 4478 404 4540 omnemque
421 4467 634 4540 potestatem
652 4459 753 4539 tollit,
770 4480 807 4521 re
825 4459 967 4541 quidem
983 4460 1180 4542 manifesta,
1202 4464 1265 4525 sed
1282 4482 1476 4543 suppresso

194 4566 334 4628 nomine
365 4566 510 4647 Regum
544 4575 579 4629 et
613 4566 831 4648 Principum,
867 4567 1017 4629 nedum
1051 4568 1191 4630 Clerum
1222 4569 1381 4630 funditus
1417 4570 1474 4632 de-

194 4684 330 4734 struere
355 4674 441 4751 vult,
467 4672 572 4735 etiam
597 4656 664 4735 sibi
689 4673 904 4753 temporales
924 4674 1086 4736 dominos
1103 4694 1172 4736 uno
1191 4675 1388 4756 eodemque
1403 4674 1475 4737 ictu

194 4779 353 4847 infensos
387 4780 524 4844 reddat.
581 4779 654 4842 Sed
691 4779 821 4842 nemini
857 4780 1001 4843 dubium
1038 4792 1091 4844 est
1127 4782 1307 4843 destructa
1341 4782 1475 4862 pietate
