3330 5580
703 499 949 558 &ababa

187 670 242 711 me
268 669 333 731 pro
358 669 437 711 mea
460 648 664 711 innocentia
689 669 710 710 a
733 648 986 712 maledicorum
1010 645 1186 710 morsibus
1209 648 1308 730 apud
1332 658 1396 709 v⁸¹¹¹
1413 649 1476 709 b⁸¹=

187 776 267 818 mea
283 755 513 818 excusatione
528 755 597 818 iarn
621 756 706 818 satis
730 756 931 836 defensum,
955 765 1029 818 tum
1052 756 1148 836 quod
1173 754 1243 817 B¹¹¹⁸
1266 753 1477 816 Paternitas

189 871 308 926 vestra
338 883 403 944 pro
435 883 498 925 sua
529 862 723 926 clemencia
752 875 787 926 et
817 863 925 925 totius
955 861 1147 926 Germanic
1181 871 1217 924 et
1252 881 1331 933 mee
1363 860 1475 924 saluti

190 981 225 1031 et
250 969 415 1052 dignitati
447 970 476 1031 si
509 970 594 1052 quid
628 973 673 1032 ab
706 990 749 1032 ea
779 969 856 1032 fieri
890 977 1056 1051 oporteat
1091 988 1129 1030 se
1159 988 1232 1030 non
1266 967 1476 1030 defuturum

189 1076 387 1158 pollicetur.
435 1075 499 1139 Est
523 1077 697 1158 siquidem
721 1078 828 1139 modo
852 1074 1171 1140 ecclesiasticarum
1196 1095 1314 1137 rerum
1337 1074 1477 1156 passim

190 1203 256 1265 per
279 1182 507 1246 Germaniam
531 1183 560 1246 is
584 1193 697 1246 status
725 1194 763 1246 ut
795 1185 864 1246 Βιῃθ
888 1185 926 1247 P.
952 1192 1073 1245 vestro
1097 1181 1246 1246 consilio
1270 1181 1408 1244 auxilio
1439 1163 1478 1245 e't

191 1289 401 1352 auctoritate
426 1291 578 1355 maxime
602 1292 770 1372 indigeat.
819 1291 925 1353 Unde
941 1291 1035 1352 Bmun
1051 1301 1099 1372 pm
1118 1299 1273 1352 vestram
1289 1308 1357 1369 pro
1372 1286 1478 1350 filiali

190 1397 410 1460 subiectione
434 1418 478 1460 ea
501 1400 619 1462 celare
643 1419 713 1461 non
738 1418 882 1479 possum
907 1417 976 1479 que
1000 1399 1151 1458 eandem
1167 1397 1258 1459 scire
1282 1395 1477 1477 plurimum

191 1503 310 1567 refert.
358 1504 494 1588 Nempe
518 1505 554 1566 in
578 1505 789 1568 Diocesibus
814 1504 900 1567 meis
924 1515 1006 1566 sunt
1029 1503 1188 1585 quidem,
1220 1501 1357 1566 scilicet
1381 1501 1476 1584 prin·

192 1631 277 1692 ceps
301 1611 545 1694 Wolfgangus
585 1613 628 1674 de
668 1612 803 1674 Anhalt
840 1621 876 1674 et
915 1612 1004 1673 duos
1043 1609 1190 1671 comites
1222 1611 1266 1672 de
1290 1608 1478 1672 Mansseld

192 1715 406 1781 Gebhardus
430 1729 466 1781 et
483 1720 654 1781 Albertus
677 1717 816 1798 fratrea,
841 1717 900 1799 qui
924 1717 1101 1800 virginum
1120 1717 1336 1780 monasteria
1361 1736 1480 1798 nuper

193 1846 214 1886 a
244 1824 429 1907 sacrilegis
463 1835 499 1888 et
534 1825 710 1888 seditiosis
743 1824 883 1888 rusticis
911 1824 1006 1887 ferro
1035 1835 1071 1887 et
1102 1824 1186 1905 igne
1218 1836 1359 1888 vastata
1396 1843 1477 1886 cum

192 1931 296 1993 bonis
321 1942 357 1994 et
380 1933 580 1996 attinenciis
605 1933 767 1995 omnibus
791 1942 969 2014 occupant
993 1941 1029 1994 et
1051 1931 1087 1993 vi
1112 1931 1282 2011 detinent,
1306 1931 1478 2013 potencia

193 2040 452 2121 quamplurium
477 2038 668 2103 Germanic
692 2040 893 2121 principum
918 2048 953 2101 et
969 2039 1133 2101 comitum
1158 2060 1229 2102 non
1247 2039 1478 2123 aspernande

194 2145 353 2226 potentie
382 2156 419 2210 et
451 2148 672 2210 auctoritatis
701 2147 854 2227 suffulti,
888 2147 948 2229 qui
979 2148 1165 2209 lutherane
1197 2145 1303 2210 Secte
1332 2146 1478 2229 publice

193 2251 317 2314 favent
340 2253 507 2335 illamque
533 2256 812 2336 amplectuntur,
844 2257 1033 2336 palamque
1058 2263 1220 2316 asserunt
1243 2253 1477 2317 monasticam

194 2360 302 2422 vitam
328 2381 405 2423 esse
429 2363 686 2444 blasphemiam
711 2373 747 2425 et
767 2372 891 2425 contra
915 2363 1085 2424 honorem
1110 2360 1188 2442 Dei,
1214 2370 1340 2424 contra
1357 2360 1477 2441 fidem,

197 2487 335 2530 necnon
361 2477 484 2530 contra
500 2469 654 2550 proximi
671 2470 880 2532 charitatem
903 2469 1109 2532 institutam.
1155 2467 1201 2530 Et
1224 2478 1279 2531 est
1302 2467 1477 2550 siquidem

196 2573 334 2636 illorum
359 2575 419 2656 qui
444 2595 551 2657 super
575 2597 619 2638 ea
641 2597 680 2639 re
704 2577 953 2658 conspirarunt
977 2585 1075 2638 tanta
1099 2573 1265 2657 potencia
1289 2583 1328 2635 ut
1361 2595 1429 2637 nec
1458 2595 1479 2637 a

197 2701 252 2742 me
284 2702 349 2744 nec
384 2685 429 2745 ab
461 2684 531 2746 alio
565 2684 790 2765 quantumvis
818 2703 949 2766 magno
981 2681 1144 2765 principe
1176 2679 1251 2744 solo
1275 2681 1385 2744 facile
1411 2682 1479 2744 illis

196 2787 313 2851 resisti
329 2789 470 2871 poterit,
488 2789 553 2852 nisi
571 2789 671 2854 Caes.
687 2791 765 2873 ipsa
781 2790 950 2854 Maiestas
964 2789 1008 2855 V.
1026 2790 1095 2851 Β1118
1107 2789 1229 2852 innixa
1242 2788 1392 2851 consilio
1411 2788 1479 2851 illis

197 2897 305 2957 rebus
322 2916 461 2959 manum
478 2906 514 2959 et
530 2896 671 2978 quidem
697 2897 824 2960 fortem
842 2907 1009 2979 apponat.
1035 2896 1114 2979 Ego
1130 2895 1222 2959 enim
1240 2915 1319 2958 cum
1344 2895 1479 2959 eisdem

198 3001 386 3064 comitibus
419 3005 464 3066 de
496 3002 666 3067 Mansfelt
696 3004 841 3067 vasallis
878 3014 913 3066 et
955 3003 1107 3066 subditis
1137 3002 1225 3065 meis
1256 3022 1322 3083 pro
1357 3002 1478 3065 debito

197 3109 396 3189 personalis
420 3109 529 3173 officii
552 3111 620 3174 mei
645 3111 914 3193 diligentissime
928 3111 997 3194 egi,
1022 3109 1192 3193 persuasi,
1210 3109 1341 3189 monui,
1357 3109 1480 3192 petivi,

198 3215 342 3278 tandem
367 3217 473 3280 etiam
498 3217 728 3281 comminatus
753 3238 828 3281 sum
860 3229 895 3281 et
918 3219 1051 3281 nullum
1075 3218 1231 3299 lapidem
1263 3236 1334 3279 non
1367 3216 1480 3288 movi:

200 3322 286 3385 nihil
311 3332 428 3386 tamen
453 3324 626 3407 promovi,
652 3346 732 3388 nam
757 3325 823 3406 ipsi
847 3325 882 3387 in
908 3324 1130 3387 contumacia
1153 3343 1217 3386 sua
1234 3333 1481 3406 perseverant,

199 3439 432 3512 asseruntque
463 3433 544 3513 plus
572 3433 651 3494 Deo
685 3452 787 3515 quam
811 3431 1011 3495 hominibus
1035 3430 1273 3494 obediendum
1298 3450 1389 3494 esse.
1438 3431 1482 3493 Et

200 3536 365 3618 quotiens
388 3554 467 3600 curn
492 3538 543 3600 eis
567 3558 673 3621 super
697 3559 741 3602 ea
764 3559 802 3600 re
827 3540 1049 3601 tractandum
1073 3547 1128 3601 est
1153 3537 1321 3620 princeps
1346 3539 1482 3600 elector

201 3645 284 3706 Dux
310 3640 467 3706 Saxonie
491 3643 678 3727 Philippus
702 3645 950 3727 Landgravius
974 3644 1103 3708 Hassie
1134 3654 1170 3706 et
1200 3644 1301 3707 multi
1332 3644 1394 3707 alii
1428 3665 1481 3707 ea·

201 3750 281 3812 dem
317 3751 399 3813 labe
435 3750 557 3813 inlecti
593 3762 754 3815 oratores
796 3762 831 3815 et
868 3754 1008 3833 legatos
1048 3770 1130 3813 suos
1169 3749 1240 3812 illis
1271 3750 1481 3832 adiungunt,

201 3876 350 3938 quorum
375 3856 529 3920 consiliis
553 3858 622 3939 ipsi
658 3857 813 3922 Comites
850 3858 966 3921 omnia
1002 3865 1122 3940 agunt.
1183 3857 1296 3920 Porro
1329 3856 1483 3938 predicti

200 3963 381 4046 principes
406 3973 442 4026 et
465 3964 612 4028 comites
636 3964 766 4028 Missas
798 3976 834 4029 et
861 3975 1026 4047 preterea
1060 3983 1182 4027 omnes
1211 3963 1364 4026 ecclesie
1395 3963 1483 4026 ritus

202 4083 237 4133 et
276 4071 496 4134 ceremonias
528 4092 594 4152 per
631 4081 744 4135 terras
778 4092 899 4136 eorum
929 4071 1073 4157 penitus
1108 4072 1303 4153 abrogant,
1336 4091 1479 4134 omnem

202 4178 362 4241 Ecclesie
395 4164 655 4241 ordinationem
688 4179 945 4261 blasphemiam
984 4198 1062 4241 esse
1099 4177 1239 4260 dicunt,
1276 4188 1311 4241 et
1346 4178 1484 4242 interea

201 4287 292 4367 proh
328 4287 459 4348 scelus!
497 4287 714 4366 paupercule
739 4287 817 4349 Deo
851 4286 968 4349 dicate
1001 4283 1172 4367 Virgines
1207 4305 1229 4348 a
1255 4285 1482 4347 monasteriis

206 4392 279 4455 suis
302 4392 427 4472 fugate
453 4392 626 4474 simulque
650 4394 757 4455 rebus
781 4393 852 4455 suis
876 4391 1183 4474 patrimonialibus
1198 4411 1287 4473 quas
1310 4401 1482 4454 monaste-

203 4499 264 4561 riis
288 4501 483 4562 attulerunt
498 4502 633 4578 orbate,
651 4499 900 4563 miserabiliter
916 4500 1047 4581 passim
1062 4508 1249 4580 vagantur,
1267 4517 1332 4561 nec
1350 4509 1483 4562 certam

204 4609 339 4670 habent
375 4609 498 4671 sedem
530 4607 591 4670 ubi
621 4616 822 4687 morantur,
859 4626 930 4670 non
964 4605 1039 4668 sine
1069 4624 1201 4687 magno
1231 4604 1391 4687 periculo
1423 4625 1484 4668 sue

204 4713 385 4796 pudicitie,
417 4724 453 4776 et
483 4714 644 4785 honoris;
682 4733 748 4776 nec
785 4713 899 4775 minus
927 4713 1156 4776 ecclesiarum
1190 4711 1344 4774 omnium
1377 4715 1484 4775 rebus

205 4820 400 4903 periculum
424 4823 546 4883 subest
569 4840 658 4901 quas
682 4822 808 4884 eodem
831 4830 999 4902 pretextu
1022 4819 1090 4901 ipsi
1111 4821 1289 4883 seculares
1303 4819 1485 4903 principes
