3330 5580
781 467 1010 523 0340&

253 619 300 682 lui
325 639 395 681 non
420 619 570 679 havesse
596 614 813 678 conscientia
838 614 873 675 di
897 624 1019 675 trovar
1043 633 1089 674 un
1114 625 1264 695 peccato
1289 614 1324 675 di
1347 615 1537 678 manifesta

253 725 408 807 buggia,
442 725 474 786 el
506 723 589 804 qual
614 743 682 784 non
709 723 824 783 havea
847 731 961 784 ternor
985 720 1019 782 di
1045 720 1164 782 ruinar
1188 722 1222 782 la
1247 721 1376 785 Chiesa
1399 723 1435 784 di
1457 722 1525 786 Dio

254 834 358 895 Adeo
393 852 459 893 eon
492 839 581 892 tutte
612 831 645 891 le
675 828 732 891 vie
757 829 790 890 el
814 827 843 890 si
867 826 983 890 sforza
1007 828 1143 889 condur
1166 829 1200 889 al
1224 827 1294 891 fine
1319 830 1352 892 la
1376 849 1440 892 sua
1465 830 1535 892 dia·

253 940 372 1003 bolica
396 939 560 1019 impresa.

340 1047 455 1108 Tanto
490 1044 555 1107 eil
587 1042 691 1106 favor
719 1046 785 1106 che
821 1043 936 1123 questi
968 1042 1096 1104 ribaldi
1128 1041 1236 1104 fanno
1261 1063 1282 1103 a
1307 1044 1441 1106 Luther
1469 1047 1537 1107 che

254 1154 369 1215 alcuni
402 1152 436 1214 di
467 1153 544 1215 loro
579 1153 698 1213 hanno
730 1153 862 1212 havuto
897 1149 993 1212 ardir
1022 1149 1166 1231 publice
1190 1168 1297 1230 sopra
1331 1152 1365 1212 la
1398 1150 1538 1230 piaccia

254 1259 345 1337 dire,
380 1259 604 1341 desputando
630 1270 755 1320 contra
779 1278 825 1319 un
849 1260 955 1319 homo
981 1258 1027 1318 da
1053 1260 1120 1319 ben
1146 1258 1339 1339 spagnolo,
1374 1258 1440 1318 che
1465 1277 1536 1319 non

254 1366 509 1448 emeravegiia
534 1386 573 1427 se
589 1365 723 1427 Luther
743 1365 762 1426 e
785 1366 829 1427 da
853 1364 914 1444 piu
939 1367 1005 1426 che
1031 1362 1142 1425 Santo
1168 1363 1379 1445 Augustin0,
1404 1365 1538 1445 perche

254 1485 355 1536 santo
381 1472 582 1556 Augustino
615 1471 654 1534 fu
683 1482 875 1552 peccatore
907 1483 943 1533 et
973 1481 1081 1551 puote
1115 1491 1251 1550 errare,
1287 1482 1321 1532 et
1352 1472 1447 1549 erro,
1481 1492 1537 1534 ma

254 1582 388 1643 Luther
419 1590 471 1641 est
501 1578 577 1641 sine
601 1580 673 1640 ullo
697 1589 864 1659 peccat0,
900 1589 934 1641 et
959 1577 1047 1659 pero
1072 1597 1142 1639 non
1168 1579 1213 1639 ha
1238 1577 1306 1639 mai
1331 1587 1449 1640 errato
1459 1627 1468 1659 ,
1502 1591 1538 1641 et

254 1691 321 1750 hoc
351 1688 519 1749 dicebant
550 1687 584 1748 in
617 1705 747 1767 magna
779 1686 901 1769 populi
934 1706 1066 1748 corona
1095 1685 1129 1745 in
1162 1686 1278 1746 medio
1306 1684 1396 1747 foro.
1446 1685 1538 1748 Peri)

254 1795 276 1857 1’
294 1797 412 1857 hanno
438 1796 594 1875 depento
619 1794 663 1854 da
688 1786 805 1855 nuovo
832 1812 897 1855 con
923 1794 957 1854 la
972 1793 1136 1854 columba
1153 1792 1188 1853 in
1205 1812 1306 1872 capo,
1332 1803 1368 1854 et
1383 1794 1416 1855 la
1433 1785 1537 1855 croce

255 1902 290 1964 di
315 1902 445 1964 Nostro
472 1897 642 1980 Signore,
677 1910 712 1961 et
744 1902 778 1961 in
808 1901 898 1962 altre
930 1899 1084 1980 imagine
1116 1919 1181 1961 σοι]
1207 1901 1241 1960 la
1265 1899 1430 1961 diadema
1454 1904 1537 1963 irra-

255 2008 361 2086 diata,
387 2021 421 2070 et
446 2010 480 2069 lo
504 2008 688 2085 vendan0,
713 2016 748 2068 et
772 2006 928 2068 lasciano
955 2018 990 2068 et
1013 2018 1165 2087 portano
1191 2008 1247 2068 nel
1275 2007 1418 2087 palazo:
1445 2008 1537 2069 veda

256 2116 388 2177 Vostra
412 2112 580 2194 Signoria
605 2113 921 2175 Reverendissima
945 2113 965 2173 a
990 2113 1083 2174 mani
1116 2114 1160 2175 de
1192 2113 1258 2175 che
1282 2122 1391 2192 gente
1415 2113 1538 2194 siam0,

254 2226 288 2285 la
313 2225 395 2304 qual
419 2223 453 2284 in
479 2242 564 2285 vero
591 2241 661 2282 non
686 2221 705 2282 e
729 2219 789 2302 piu
815 2221 933 2301 quella
950 2219 1126 2281 catholica
1143 2218 1347 2300 Germania,
1372 2222 1437 2283 che
1456 2221 1539 2284 olim

255 2352 334 2401 era;
359 2350 427 2411 pur
450 2330 516 2392 che
541 2349 609 2391 non
635 2329 799 2390 vediamo
824 2327 970 2409 peggiO,
995 2329 1089 2409 quod
1115 2328 1212 2389 Deus
1236 2336 1384 2390 avertat.

344 2437 491 2499 Erasmo
516 2435 600 2517 ogni
625 2436 659 2496 dl
685 2436 813 2497 manda
837 2434 896 2516 qui
921 2436 1044 2512 lettre,
1070 2433 1295 2516 messagieri,
1322 2446 1358 2496 et
1381 2435 1538 2515 corrieri,

255 2543 493 2607 excusandosi
519 2544 611 2604 dove
636 2543 669 2605 el
694 2562 764 2605 non
790 2543 808 2604 ἐ
833 2551 1010 2620 accusat0,
1036 2543 1101 2603 che
1126 2541 1173 2603 lui
1198 2561 1269 2603 non
1294 2563 1334 2603 sa
1358 2542 1478 2603 niente
1503 2541 1537 2603 di

256 2649 343 2712 certi
359 2647 457 2726 iibri,
483 2648 507 2710 li
531 2649 626 2730 quali
651 2648 699 2710 iui
724 2649 850 2727 scrive,
875 2650 941 2710 che
957 2647 1111 2710 Martino
1137 2648 1156 2710 e
1180 2669 1246 2729 per
1270 2669 1382 2730 negat
1401 2650 1539 2711 haverli

172 2839 175 2844 .
255 2756 449 2837 composti,
482 2765 517 2817 et
548 2754 751 2818 finalmente
784 2758 816 2818 el
846 2757 941 2817 buon
967 2754 1114 2817 Erasmo
1142 2755 1179 2816 fa
1212 2756 1261 2817 tal
1295 2755 1539 2836 excusatione,

255 2866 321 2926 che
346 2871 382 2924 et
406 2861 531 2939 Cesar,
559 2872 593 2923 et
618 2862 716 2924 multi
741 2863 786 2924 de
810 2861 946 2923 meliori
973 2873 1058 2924 nota
1083 2863 1128 2923 da
1153 2882 1191 2924 se
1215 2861 1396 2924 medesimi
1420 2865 1540 2926 hanno

255 2989 360 3051 preso
386 2967 600 3048 suspitione,
626 2971 703 3031 chel
729 2988 798 3030 non
824 2968 876 3031 sia
900 2970 1018 3048 quello
1043 2970 1108 3030 che
1133 2968 1167 3030 io
1192 2970 1237 3031 ho
1262 2968 1321 3050 gia
1346 2969 1479 3049 scritt0,
1506 2980 1541 3032 et

255 3076 402 3157 tengolo
436 3094 500 3157 per
531 3086 648 3155 certo,
681 3095 790 3137 ancor
820 3076 886 3137 che
920 3074 979 3155 qui
1011 3075 1045 3136 io
1076 3077 1111 3137 lo
1144 3076 1335 3140 dissimulo
1392 3078 1467 3139 Ben
1493 3079 1539 3139 mi
1635 3103 1638 3107 ¹

257 3182 474 3264 meraveglia
507 3185 573 3244 che
605 3184 638 3244 le
671 3182 738 3244 mie
769 3184 874 3245 lettre
908 3180 995 3244 costi
1021 3181 1110 3244 siino
1136 3185 1391 3246 communicate
1416 3184 1437 3246 a
1461 3205 1538 3265 per-

256 3310 355 3369 sone,
381 3291 474 3351 dalle
499 3289 595 3370 quali
616 3309 713 3370 pare,
739 3290 804 3351 che
818 3290 965 3351 Erasmo
981 3289 1022 3351 sii
1041 3290 1202 3352 advisato
1219 3292 1313 3353 delo
1331 3292 1396 3354 che
1412 3292 1539 3373 serium,

256 3397 389 3479 perche
409 3418 463 3459 me
479 3417 523 3459 ne
540 3395 576 3458 fa
592 3416 657 3477 per
674 3417 737 3458 sue
753 3398 858 3458 lettre
876 3395 1003 3476 grandi
1021 3397 1189 3477 querelle,
1214 3399 1312 3460 etad
1336 3398 1412 3460 suoi
1437 3399 1540 3461 amici

258 3504 446 3567 scrivendo
464 3503 509 3565 mi
528 3505 572 3564 da
598 3503 632 3563 di
648 3503 756 3565 strani
782 3504 899 3582 morsi,
925 3504 969 3565 de
994 3502 1088 3584 quali
1106 3503 1193 3584 pero
1210 3525 1280 3567 non
1305 3525 1360 3566 me
1377 3525 1421 3567 ne
1438 3525 1539 3575 curo:

256 3632 322 3691 pur
356 3633 394 3673 se
424 3612 603 3673 vorrebbe
635 3611 747 3673 havet
780 3611 930 3691 qualche
962 3612 1161 3691 resguardo
1193 3613 1308 3674 almen
1338 3613 1409 3674 alla
1432 3632 1540 3674 causa

258 3718 435 3780 universal
469 3719 563 3779 della
594 3717 676 3780 sede
711 3727 747 3780 et
771 3715 898 3779 Chiesa
930 3717 966 3778 di
990 3717 1077 3796 Dio,
1110 3739 1148 3780 se
1179 3738 1250 3780 non
1281 3721 1315 3780 al
1340 3718 1429 3780 fatto
1459 3719 1539 3797 mio,

257 3825 510 3906 specialmente
535 3835 670 3887 mentre
696 3826 761 3886 che
786 3834 840 3885 sto
865 3823 898 3885 in
924 3833 1050 3904 queste
1074 3825 1177 3907 parti,
1204 3834 1238 3887 et
1255 3826 1315 3905 poi
1337 3847 1374 3888 se
1392 3825 1539 3889 Erasmo

256 3932 490 4015 perseverare
521 3931 574 3993 dir
599 3934 667 3994 mal
693 3932 725 3992 d'
742 3931 840 4010 altri,
874 3930 1018 3993 trovara
1047 3934 1116 3993 ben
1142 3933 1198 3994 chi
1223 3933 1299 3995 dira
1324 3944 1360 3996 et
1383 3933 1541 3996 scrivera

256 4039 391 4122 peggio
418 4038 453 4099 di
479 4038 527 4099 lui
552 4058 618 4100 con
643 4037 703 4119 piir
729 4037 842 4099 verita
868 4048 902 4099 et
927 4037 1068 4119 miglior
1092 4038 1333 4103 fundamento

345 4147 446 4208 Bono
465 4148 631 4221 sarebbe,
657 4146 735 4208 anci
753 4144 966 4226 necessario,
991 4166 1091 4208 corne
1115 4148 1161 4209 ho
1186 4148 1308 4210 scritto
1333 4148 1442 4209 allidi
1460 4168 1538 4229 pas-

257 4254 333 4333 sati,
359 4252 492 4316 scriver
512 4272 558 4314 un
576 4255 687 4315 breve
703 4274 724 4315 a
741 4251 849 4315 Cesar
871 4254 1152 4315 commendando
1171 4255 1286 4334 questi
1303 4254 1409 4317 buoni
1427 4254 1539 4317 effetti

257 4370 292 4423 et
316 4361 578 4423 exhortandolo
602 4382 623 4422 a
647 4379 879 4441 perseverare
904 4379 970 4421 con
996 4370 1137 4441 quattro
1163 4363 1286 4443 parole
1311 4362 1346 4422 di
1364 4363 1539 4424 credenza

257 4467 334 4529 acio
360 4467 388 4529 si
414 4465 602 4529 rinfreschi
626 4468 660 4528 la
685 4486 779 4528 cosa.
911 4457 915 4466 ’

346 4570 565 4635 Similmente
589 4573 705 4636 alcuni
727 4573 835 4635 Brevi
860 4593 970 4635 ancor
993 4574 1039 4636 ad
1063 4573 1086 4635 li
1111 4574 1340 4636 commissarii
1366 4584 1401 4636 et
1426 4574 1537 4636 Card¹¹

258 4689 293 4741 et
318 4682 443 4742 lettere
469 4679 504 4741 di
529 4679 573 4742 V.
599 4677 635 4742 S.
661 4680 736 4741 Rm·
760 4680 795 4741 in
819 4680 983 4742 francese
1008 4701 1028 4742 a
1044 4679 1225 4761 ChievreS,
1250 4701 1315 4761 per
1339 4682 1404 4743 che
1429 4684 1537 4743 molto

257 4785 494 4867 gioverann0,
519 4807 538 4848 e
563 4786 726 4868 supplico
758 4786 788 4848 si
818 4786 987 4849 habbiino
1013 4787 1155 4849 subbito
1181 4801 1216 4849 et
1248 4808 1317 4849 non
1344 4787 1373 4849 si
1397 4789 1537 4850 manehi
