3330 5580
705 469 952 530 ⁰⁴34le

189 631 270 682 tunc
296 622 438 702 quando
464 621 722 683 matrimonium
746 619 947 683 huiusmodi
971 620 1064 681 inter
1080 640 1142 681 eos
1158 627 1378 680 contractum
1402 614 1469 679 fuit

189 738 374 809 presentes
398 729 540 790 fuerant
564 730 678 791 adhuc
702 729 883 791 vivebant.
929 727 1003 789 Nos
1028 747 1072 789 ne
1097 745 1247 789 erronea
1270 723 1469 786 huiusmodi

189 847 225 896 et
250 856 343 916 vaga
367 834 461 896 fama
493 835 634 898 veritati
665 845 812 914 noceat,
846 835 881 897 in
919 832 1139 898 consistorio
1172 841 1294 895 nostro
1330 840 1469 893 secreto

189 941 379 1004 Francisco
404 952 605 1004 sanctorum
629 942 776 1022 Joannis
801 952 836 1005 et
861 941 961 1004 Pauli
987 950 1022 1003 et
1046 939 1234 1003 Leonardo
1259 948 1381 1001 sancte
1406 934 1468 1000 Su·

193 1068 303 1109 sanne
320 1058 358 1112 tt.
378 1049 586 1130 presbiteris
603 1049 850 1112 Cardinalibus
874 1048 1013 1112 dilectis
1037 1046 1116 1110 filiis
1141 1046 1281 1126 nostris,
1306 1054 1344 1108 ut
1363 1064 1470 1126 super

189 1175 297 1216 causa
330 1165 365 1216 et
400 1155 552 1236 negocio
587 1155 821 1238 legitimitatis
858 1178 898 1218 ac
933 1153 1194 1236 illegitimitatis
1224 1174 1266 1217 ac
1300 1151 1469 1215 natalium

188 1261 269 1341 Julii
294 1262 407 1324 Electi
431 1263 630 1325 huiusmodi
655 1263 761 1326 etiam
786 1284 829 1327 eo
853 1265 911 1326 vel
941 1261 1010 1326 alio
1034 1282 1100 1344 pro
1125 1282 1167 1324 eo
1200 1281 1269 1324 non
1304 1258 1468 1334 instante,

194 1369 329 1430 vocatis
354 1390 416 1432 sua
441 1369 476 1430 in
500 1369 681 1450 premissis
705 1371 876 1434 interesse
893 1370 1111 1453 putantibuS,
1136 1389 1183 1431 ex
1214 1366 1333 1430 officio
1356 1363 1466 1447 inqui·

189 1486 308 1539 rerent
333 1487 368 1539 et
399 1488 660 1559 cognoscerent
684 1478 887 1559 veritatem,
912 1478 998 1559 ipsis
1022 1476 1189 1556 invicem,
1213 1495 1321 1538 unum
1345 1494 1392 1537 ex
1417 1472 1468 1536 eis

189 1595 248 1644 aut
274 1584 378 1646 alium
403 1586 460 1646 vel
484 1583 573 1647 alios
596 1595 704 1666 prout
731 1585 782 1649 eis
813 1586 994 1648 videretur
1023 1582 1285 1665 subdelegandi
1312 1581 1359 1644 ad
1388 1599 1467 1662 pro·

189 1692 386 1752 cedendum
410 1691 445 1752 in
470 1691 661 1773 premissis,
687 1692 792 1755 etiam
815 1691 914 1755 feriis
939 1693 983 1755 de
1008 1712 1127 1755 mense
1153 1687 1376 1772 Septembris
1403 1706 1468 1769 per

190 1796 262 1857 Nos
286 1797 447 1877 indietis,
480 1818 551 1860 non
577 1799 818 1879 obstantibus,
842 1801 1058 1878 facultatem,
1083 1797 1284 1876 tribuendo,
1308 1815 1349 1857 ac
1374 1803 1468 1876 post·

192 1905 333 1965 modum
358 1905 523 1986 quicquid
550 1926 658 1988 super
681 1906 881 1969 huiusmodi
904 1907 1128 1990 legitimitate
1144 1906 1203 1968 vel
1218 1901 1468 1986 illegitimitate

193 2010 421 2090 inveniretur,
444 2012 480 2073 in
505 2016 631 2075 eodem
649 2013 866 2077 Consistorio
891 2013 1080 2092 referendi,
1105 2011 1187 2076 vive
1211 2010 1310 2074 vocis
1325 2009 1468 2072 oraculo

193 2126 230 2177 ut
254 2116 289 2178 in
314 2117 486 2180 similibus
516 2118 592 2182 fieri
623 2121 807 2183 consuevit
839 2121 1092 2185 commissimus
1101 2169 1109 2202 ,
1146 2140 1188 2183 ac
1224 2119 1329 2183 etiam
1362 2135 1469 2197 super

190 2225 256 2285 hoc
282 2224 528 2289 comissionem
552 2247 657 2290 manu
681 2237 802 2290 nostra
834 2228 1011 2309 signatam
1041 2248 1106 2310 per
1140 2232 1228 2290 duos
1262 2246 1308 2288 ex
1339 2221 1469 2286 nostris

191 2329 401 2394 Cursoribus
425 2333 623 2413 presentari
653 2335 897 2398 mandavimus
927 2356 967 2397 ac
993 2335 1150 2416 fecimus,
1180 2333 1319 2415 ipsique
1350 2330 1468 2395 Cardi-

191 2439 289 2500 nales
322 2440 578 2503 commissionis
609 2441 807 2505 huiusmodi
839 2442 963 2525 vigore
999 2442 1136 2525 seipsos
1171 2442 1217 2503 ad
1252 2439 1403 2503 invicem
1434 2444 1470 2499 et

190 2545 339 2608 dilectos
374 2546 466 2609 filios
505 2547 702 2627 Johannem
738 2549 922 2612 Paschalis
956 2559 992 2612 et
1020 2548 1198 2613 Gentilem
1230 2549 1274 2610 de
1308 2545 1469 2610 Carlenis

190 2653 349 2731 clericos,
374 2674 496 2717 eorum
520 2655 723 2736 Auditores,
749 2656 795 2719 ad
819 2656 854 2717 in
877 2657 1078 2720 huiusmodi
1101 2653 1338 2738 inquisitionis
1362 2672 1469 2716 causa

190 2761 472 2843 procedendum,
503 2772 537 2824 et
570 2762 737 2844 quicquid
767 2781 833 2843 per
861 2782 923 2825 eos
954 2763 989 2826 in
1022 2764 1146 2826 eadem
1170 2761 1351 2824 inventum
1375 2758 1469 2823 foret

191 2867 240 2928 eis
265 2866 491 2930 referendum
523 2870 812 2950 subdelegarunt‚
835 2889 878 2931 ac
912 2869 1061 2932 dilectus
1084 2868 1176 2932 filius
1199 2867 1374 2950 Magister
1397 2866 1467 2928 An·

193 2975 293 3054 gelus
318 2975 363 3036 de
389 2974 487 3037 Cesis
513 2976 628 3038 Aulae
645 2985 765 3039 nostre
783 2975 1045 3039 Consistorialis
1060 2977 1279 3052 Advocatus,
1305 2993 1468 3037 asserens

190 3102 227 3142 se
253 3082 410 3143 eiusdem
434 3082 517 3161 Julii
542 3083 654 3146 Electi
678 3083 837 3146 intimum
862 3094 897 3146 et
921 3083 1129 3166 precipuum
1161 3082 1311 3145 amicum
1339 3100 1380 3143 ac
1405 3099 1468 3144 sua

190 3188 382 3266 interesse,
407 3209 450 3251 ne
477 3189 554 3270 quis
578 3189 737 3252 indebite
761 3191 819 3251 vel
849 3190 978 3253 iniuste
1007 3189 1267 3268 diffamaretur,
1301 3198 1467 3269 tanquam

191 3294 270 3356 talis
294 3315 335 3356 ac
361 3295 448 3357 alias
473 3306 510 3357 ut
533 3316 623 3358 unus
648 3298 692 3359 de
725 3298 858 3378 populo
891 3317 1010 3360 coram
1041 3295 1190 3379 prefatis
1221 3293 1467 3358 Cardinalibus

191 3420 401 3482 comparens
425 3422 630 3483 processum
654 3402 689 3465 in
713 3403 912 3466 huiusmodi
937 3425 1043 3467 causa
1066 3424 1132 3486 per
1163 3403 1323 3465 Edictum
1355 3399 1466 3482 publi·

190 3528 268 3569 cum
292 3507 327 3569 in
353 3508 459 3570 Alma
492 3509 590 3572 Urbe
622 3521 744 3574 nostra
778 3520 815 3572 et
839 3510 963 3573 Valvis
995 3510 1216 3575 Cancellarie
1255 3506 1466 3591 Apostolice

191 3634 231 3676 ac
256 3614 346 3677 Acie
371 3614 572 3697 Campiflori
596 3616 814 3699 affigendum
840 3628 962 3683 contra
986 3639 1108 3682 omnes
1140 3628 1175 3681 et
1212 3617 1372 3698 singulos
1405 3634 1469 3677 sua

192 3722 224 3784 in
249 3722 430 3804 premissis
455 3724 684 3787 communiter
707 3727 765 3788 vel
794 3725 935 3789 divisim
958 3725 1130 3789 interesse
1163 3734 1331 3806 putantes
1355 3722 1383 3785 si
1408 3721 1467 3804 qui

191 3829 308 3892 forent
331 3829 585 3893 instituendum
609 3841 645 3893 et
661 3832 937 3895 continuandum
955 3853 995 3895 ac
1012 3831 1215 3896 citationem
1232 3851 1298 3914 per
1314 3828 1467 3893 edictum

191 3947 313 3998 contra
349 3957 413 3998 sua
448 3936 620 4000 interesse
656 3948 823 4021 putantes
851 3938 887 4001 in
928 3938 1056 4002 Valvis
1098 3948 1133 4001 et
1171 3938 1261 4001 Acie
1297 3935 1467 4019 predictis
1506 3989 1508 3994 .

190 4042 406 4125 affigendam
432 4054 556 4106 eontra
573 4044 670 4127 ipsos
686 4065 750 4108 sua
764 4045 936 4109 interesse
960 4055 1127 4128 putantes
1152 4047 1196 4108 ad
1221 4045 1408 4107 dicendum
1432 4052 1467 4104 et

192 4149 440 4231 excipiendum
465 4149 631 4232 quicquid
656 4154 768 4214 verbo
792 4153 850 4215 vel
880 4151 914 4214 in
939 4151 1079 4234 scriptis
1103 4163 1227 4215 contra
1249 4152 1362 4233 ipsam
1391 4170 1467 4232 pre-

191 4254 272 4319 fatis
306 4256 555 4319 Cardinalibus
592 4268 629 4320 ut
662 4259 842 4341 prefertur
871 4259 1002 4321 factam
1039 4268 1076 4321 et
1105 4268 1345 4340 presentatam
1376 4277 1466 4320 com·

192 4363 390 4426 missionem
415 4364 534 4426 dicere
551 4364 627 4428 sive
644 4365 813 4448 excipere
830 4367 962 4428 vellent
977 4367 1022 4428 ad
1039 4376 1173 4429 certum
1189 4364 1466 4447 peremptorium

191 4479 272 4533 tunc
298 4491 505 4553 expressum
530 4481 790 4554 competentem
814 4471 998 4535 terminum
1024 4473 1167 4536 decerni
1198 4473 1358 4536 obtinuit.
1411 4472 1467 4534 Ac

191 4580 412 4658 postmodum
441 4578 476 4640 in
509 4579 634 4641 eodem
663 4578 813 4642 termino
845 4598 964 4641 coram
992 4578 1143 4661 prefatis
1166 4579 1358 4643 Francisco
1383 4579 1463 4642 Car·

192 4685 298 4749 dinali
323 4686 571 4750 Commissario
595 4707 636 4749 ac
660 4687 822 4767 Johanne
848 4697 884 4749 et
908 4686 1051 4751 Gentile
1068 4687 1302 4751 Auditoribus
1326 4696 1365 4748 ut
1388 4706 1464 4767 pre·

189 4791 299 4856 fertur
329 4793 573 4876 subdelegatis
613 4814 823 4877 comparens
856 4793 1019 4858 Edictum
1054 4794 1233 4858 citationis
1264 4794 1465 4858 huiusmodi
