3330 5580
766 391 824 454 ⁶233
862 394 915 453 294
953 392 1011 453 θα

251 537 333 606 insti
357 563 452 626 appo
477 541 510 604 la
536 540 689 606 Cesarea
712 543 851 606 Maesta
876 547 941 607 che
966 543 1050 608 doni
1075 543 1199 608 ordine
1223 566 1245 607 a
1268 548 1318 610 tal
1343 567 1443 610 error
1470 547 1550 630 pi‘
1583 534 1605 593 l

251 659 373 732 presto
403 650 431 711 si
459 659 544 731 pote
577 660 612 713 et
639 671 727 732 pare
759 651 822 714 che
857 651 878 713 'l
909 651 1110 732 Argentino
1144 654 1311 735 predetto
1342 653 1442 717 habii
1470 654 1570 737 pir
1599 642 1619 703 il

251 778 363 839 paura
392 759 437 820 de
469 758 490 819 l’
518 759 729 839 apparentia
762 761 807 821 de
840 769 965 840 questo
996 759 1087 822 libro
1121 761 1187 823 che
1220 761 1266 824 de
1297 762 1397 824 nullo
1430 763 1631 832 aluo-12,

251 886 361 927 ancor
384 866 450 928 che
467 866 566 927 detto
584 865 765 946 Episcopo
782 886 922 947 sempre
939 866 973 928 in
991 867 1026 928 la
1041 866 1171 929 Diaeta
1186 866 1228 929 sii
1253 876 1346 931 stato
1372 867 1594 932 animose·
1612 878 1632 920 θ

252 982 287 1035 et
310 975 406 1034 bono
430 993 495 1053 per
518 973 553 1034 la
570 971 681 1035 Santa
703 973 841 1036 Chiesa.
888 970 936 1035 Se
958 973 1025 1037 Dio
1049 994 1105 1036 me
1128 974 1280 1038 havesse
1298 974 1390 1039 satta
1414 975 1635 1059 gratia&

251 1081 297 1142 de
320 1081 502 1161 hybernar
527 1090 651 1160 questo
677 1100 770 1142 anno
794 1080 829 1141 in
854 1083 888 1142 la
912 1080 1130 1143 bibliotheca
1153 1081 1312 1163 palatina
1336 1104 1359 1146 a
1376 1103 1434 1147 me
1452 1103 1534 1147 con·
1571 1094 1633 1141 1-

253 1207 370 1263 cessa,
405 1199 502 1247 certo
536 1186 723 1250 volentieri
763 1185 882 1248 harrei
916 1185 1038 1249 scritto
1073 1195 1198 1250 contra
1230 1198 1358 1269 questo
1392 1188 1632 1253 ribaldoo

252 1294 363 1364 libro;
396 1313 452 1354 ma
485 1293 616 1371 perche
652 1295 745 1355 vedo
780 1294 845 1354 che
876 1302 979 1373 parte
1007 1313 1073 1374 per
1103 1293 1127 1356 li
1159 1294 1288 1357 camini
1319 1316 1340 1359 a
1370 1316 1428 1359 me
1463 1304 1629 1360 nort-¹¹

253 1400 380 1479 securi,
414 1408 516 1480 parte
547 1398 679 1480 perche
708 1419 773 1480 per
802 1400 1096 1462 comandamento
1121 1402 1166 1462 de
1189 1400 1233 1464 N.
1258 1398 1284 1462 S
1309 1421 1330 1465 e
1354 1403 1402 1466 de
1427 1402 1472 1467 V.
1497 1401 1565 1468 S,
1590 1420 1626 1453 ⁴·

253 1507 348 1569 Rma
372 1506 405 1568 io
430 1509 476 1569 ho
502 1527 523 1568 a
546 1515 660 1569 restar
684 1505 720 1567 in
751 1515 875 1586 queste
909 1507 1027 1569 bande
1059 1507 1111 1569 sin
1144 1510 1210 1570 che
1241 1508 1323 1571 vedi
1355 1510 1407 1573 dil
1440 1515 1623 1574 tutto-5

254 1613 433 1694 extirpata
457 1625 581 1693 questa
614 1622 715 1694 setta,
750 1632 770 1675 o
802 1615 941 1675 almeno
975 1622 1074 1675 tanto
1108 1616 1175 1677 che
1206 1633 1276 1678 non
1305 1635 1345 1679 se
1375 1600 1621 1681 rechiedffi'

252 1719 312 1802 piu
337 1722 372 1782 la
396 1719 577 1803 presentia
600 1719 678 1799 mia,
703 1721 749 1781 ho
774 1720 895 1782 voluto
919 1722 1066 1782 mandar
1090 1721 1189 1784 detto
1214 1721 1317 1803 libro,
1341 1723 1443 1805 accio
1468 1726 1619 1788 chod

253 1827 391 1890 interim
417 1827 565 1907 qualche
590 1825 703 1909 gentil
726 1825 871 1906 ingenio
896 1829 940 1889 de
967 1826 1075 1908 quelli
1098 1827 1187 1890 recti
1219 1837 1255 1892 et
1287 1831 1483 1894 orthodoxi
1506 1830 1535 1895 si

254 1934 403 1998 exerciti
420 1954 499 1996 cum
516 1932 574 2014 pid
592 1932 669 1996 ocio
686 1945 721 1995 et
738 1933 842 2013 copia
857 1935 902 1996 de
919 1933 999 1996 libri
1024 1934 1120 1996 costa
1144 1956 1167 1998 a
1190 1939 1390 2017 respondet
1413 1939 1536 2003 avanti

253 2045 318 2105 che
335 2042 364 2104 si
379 2041 541 2124 imprima
555 2042 705 2121 qualche
722 2043 791 2102 mal
807 2048 971 2102 concetto
988 2040 1049 2102 alli
1073 2039 1163 2104 laici.
1212 2041 1317 2105 Certo
1342 2045 1410 2125 che
1435 2045 1536 2109 detto

252 2150 344 2211 libro
368 2150 415 2211 mi
438 2149 485 2210 ha
508 2147 599 2210 fatto
628 2147 729 2228 quasi
753 2157 867 2210 restar
891 2168 961 2229 qua
984 2147 1046 2228 piir
1070 2150 1136 2210 che
1160 2148 1252 2212 altro
1276 2170 1342 2231 per
1366 2170 1537 2218 occorrer

253 2258 318 2320 che
343 2254 459 2337 questi
482 2253 606 2337 populi
627 2273 697 2315 non
723 2254 751 2316 si
775 2255 906 2317 lassino
931 2253 1017 2317 tirar
1040 2254 1075 2316 in
1101 2264 1228 2336 questa
1251 2255 1343 2320 falsa
1364 2258 1537 2340 opinione

255 2363 279 2426 il
304 2365 369 2425 che
394 2382 449 2424 me
484 2360 599 2423 sforzo
637 2359 692 2422 far
727 2381 793 2423 con
828 2360 900 2423 vivi
933 2361 1149 2442 argomenti‚
1187 2372 1223 2425 et
1257 2374 1390 2445 quanto
1428 2387 1538 2449 posso

253 2472 365 2533 veder
390 2478 424 2531 et
448 2468 557 2530 sentir
581 2488 652 2530 non
685 2488 791 2530 senza
824 2467 1046 2530 satisfatione
1077 2468 1122 2531 de
1156 2468 1213 2531 chi
1242 2489 1288 2533 ne
1321 2471 1468 2555 dubita,
1501 2484 1538 2539 et

253 2576 437 2641 confusion
463 2577 507 2637 de
531 2573 734 2637 Lutherani.
783 2575 870 2637 Esso
895 2574 986 2637 libro
1015 2595 1125 2638 ancor
1159 2576 1226 2639 che
1261 2577 1282 2640 l'
1300 2577 1397 2640 habii
1431 2579 1538 2646 titulo

254 2686 298 2746 de
323 2704 369 2745 un
395 2682 549 2763 quidam,
574 2690 608 2744 et
632 2681 726 2744 intus
750 2681 881 2762 quellui
907 2702 944 2744 se
969 2681 1102 2744 nomini
1126 2682 1272 2765 Boemo,
1297 2688 1538 2751 tuttavoltae

254 2790 408 2872 openion
434 2792 478 2851 de
504 2788 604 2869 quasi
628 2787 708 2851 tutti
734 2789 799 2850 che
823 2787 865 2850 sii
890 2799 1073 2871 composto
1097 2788 1134 2851 in
1158 2800 1283 2870 queste
1315 2793 1455 2873 bande,
1491 2815 1538 2861 ne

254 2899 299 2960 ha
323 2898 343 2958 l'
363 2905 465 2958 autor
488 2904 587 2958 tanto
612 2906 739 2976 saputo
765 2894 964 2957 dissimulat
988 2897 1021 2958 el
1046 2896 1127 2959 stilo
1150 2897 1215 2959 che
1241 2917 1309 2960 non
1334 2897 1363 2960 si
1383 2918 1537 2982 cognos-

253 3003 320 3083 chi‚
345 3001 424 3064 anci
447 3002 579 3082 perche
604 3001 639 3063 in
664 3001 781 3064 alcuni
805 3002 899 3065 lochi
924 3023 1056 3085 sparge
1081 3002 1227 3067 dictioni
1250 3007 1405 3069 barbare
1431 3027 1537 3073 como

254 3111 308 3172 dir
332 3110 366 3172 in
392 3108 603 3191 linguaggio
627 3124 754 3191 green,
786 3118 823 3172 et
846 3110 935 3172 altre
960 3109 1090 3189 simile,
1121 3119 1222 3174 tanto
1257 3112 1316 3193 piu
1346 3111 1392 3175 mi
1417 3113 1437 3176 ὲ
1464 3135 1537 3178 sos·

254 3225 370 3300 pett0,
402 3216 534 3297 perche
565 3216 623 3277 nel
652 3225 747 3278 resto
783 3217 840 3278 del
873 3215 953 3278 stilo
978 3236 1049 3278 non
1075 3217 1278 3280 demonstra
1303 3239 1402 3281 esser
1424 3219 1537 3286 homo

255 3326 321 3386 che
345 3344 415 3385 non
440 3322 556 3405 sappii
581 3322 635 3384 dir
659 3324 750 3386 altro
774 3325 840 3386 che
864 3321 1092 3408 linguagt'um.

345 3429 472 3510 Quello
497 3431 609 3493 amico
625 3431 670 3492 de
687 3429 744 3492 chi
760 3450 798 3492 se
814 3429 966 3511 suspica,
992 3430 1143 3492 essendo
1168 3430 1347 3494 dominica
1370 3432 1538 3512 proxime

255 3547 400 3621 passata
439 3556 539 3598 meco
578 3557 599 3598 a
632 3557 763 3618 pranso
796 3536 942 3599 insieme
975 3557 1052 3599 cum
1084 3557 1129 3599 un
1162 3538 1300 3620 grande
1328 3537 1539 3605 Lutheran'o

256 3645 440 3708 accadette
466 3644 531 3706 che
555 3642 584 3705 si
608 3645 710 3724 parld
740 3643 776 3705 di
801 3653 925 3726 questo
949 3644 1041 3706 libro
1072 3645 1138 3706 che
1167 3643 1202 3707 io
1233 3645 1385 3725 mand0,
1417 3655 1455 3708 et
1489 3647 1537 3711 di·

256 3752 368 3815 cendo
393 3751 427 3813 io
453 3753 517 3813 che
543 3761 717 3813 contenea
741 3754 848 3813 multe
873 3751 1008 3834 buggie
1040 3751 1363 3834 impudentissime,
1399 3753 1450 3816 lui
1486 3754 1538 3819 in·

256 3858 434 3921 flammato
469 3878 570 3920 como
603 3878 651 3919 un
682 3858 763 3920 foco
787 3858 834 3920 mi
860 3858 953 3920 disse
977 3878 1056 3921 cum
1079 3857 1232 3940 impeto,
1263 3862 1329 3923 che
1361 3880 1407 3923 ne
1439 3881 1539 3925 mon·

257 3975 389 4028 strasse
404 3985 472 4027 una
486 3965 552 4027 che
565 3963 589 4025 li
602 3964 827 4045 placerebbe.
861 3965 900 4026 Io
917 3975 1013 4028 certo
1030 3974 1156 4047 aperto
1181 3965 1205 4028 il
1229 3965 1320 4029 libro
1345 3966 1465 4030 subito
1491 3990 1539 4033 ne

258 4071 426 4135 monstrai
451 4072 519 4134 doe
545 4070 809 4136 evidentissime
834 4081 869 4134 et
892 4071 1055 4153 probailo
1079 4093 1146 4154 per
1169 4072 1193 4135 li
1216 4073 1351 4155 proprii
1376 4074 1467 4138 detti
1492 4077 1540 4141 de

257 4178 331 4242 San
356 4179 468 4242 Paulo
493 4178 638 4260 allegati
662 4179 698 4243 in
723 4199 802 4242 esso
826 4179 918 4242 libro
942 4182 986 4242 de
1011 4189 1107 4244 sorte
1133 4182 1199 4244 che
1227 4180 1344 4243 subito
1380 4181 1540 4247 deventb

256 4287 396 4369 gialdo‚
431 4288 497 4348 che
521 4306 631 4367 parea
655 4296 832 4348 venenato
857 4287 903 4349 da
926 4288 1063 4367 grande
1088 4287 1292 4362 confusion;
1322 4308 1380 4350 ma
1403 4291 1540 4370 perche

257 4414 328 4456 non
352 4413 413 4455 era
437 4402 557 4474 tempo
587 4393 633 4456 de
665 4391 723 4475 pid
749 4395 925 4474 procedet
949 4393 983 4455 io
1007 4393 1114 4457 messi
1136 4392 1184 4457 fin
1214 4415 1235 4457 a
1268 4395 1317 4458 tal
1353 4414 1433 4459 cosa
1471 4398 1541 4462 las·

258 4500 396 4563 sandoli
421 4501 487 4562 che
510 4500 627 4562 roder.

346 4607 424 4670 Hor
447 4607 579 4688 perche
603 4605 710 4670 incidi
733 4605 769 4668 in
793 4605 1008 4670 mentionem
1030 4607 1202 4689 hominis,
1238 4617 1273 4671 et
1304 4608 1437 4674 Vostra
1460 4607 1540 4694 Sig-

259 4715 361 4778 noria
385 4713 700 4777 Reverendissima
724 4734 789 4796 per
812 4734 883 4775 una
906 4735 968 4778 soa
991 4715 1038 4778 ali
1055 4714 1090 4777 di
1106 4714 1240 4798 passati
1257 4715 1302 4777 mi
1326 4718 1541 4783 commanda
