3330 5580
707 471 955 531 &3489sp-o

187 620 341 707 flagrare
374 622 558 700 incendio,
594 621 807 685 stabilienda
839 622 959 685 veniat
992 642 1036 683 ne
1065 620 1231 685 concidat
1263 620 1404 685 omnino
1437 620 1471 685 in

188 744 351 814 apertum
375 729 594 813 Reipublice
619 729 820 793 Christiane
855 731 994 808 malum,
1020 748 1131 808 cogor
1166 729 1320 811 undique
1356 749 1472 792 corra-

189 840 273 902 dere
303 860 359 918 es,
395 858 466 919 quo
489 837 518 900 si
549 856 618 899 non
643 856 840 917 emergam,
866 836 960 918 quod
989 836 1133 899 tandem
1162 838 1337 898 concedat
1362 837 1472 917 DeuS,

190 947 315 1008 saltem
349 945 531 1007 sublevem
566 953 602 1005 et
626 941 835 1005 subfulciam
869 942 1071 1005 notissimas
1105 963 1202 1005 meas
1234 941 1472 1008 difficultates,

191 1052 314 1134 Itaque
347 1050 507 1133 supplico
544 1049 762 1112 Beatitudini
795 1049 924 1112 Vestre
963 1058 1001 1111 ut
1034 1069 1205 1112 summam
1236 1049 1411 1131 prefatam
1444 1050 1472 1112 si

192 1158 347 1221 nondum
384 1168 478 1220 esset
513 1157 737 1236 demandata,
774 1155 886 1218 Nobis
919 1176 984 1236 per
1014 1155 1275 1219 Nummularios
1299 1157 1471 1219 Fuccarei

193 1264 305 1326 Banci
331 1265 539 1326 solvendam
563 1263 684 1326 iubeat
708 1263 783 1325 sine
809 1263 1044 1326 cunctatione.
1084 1262 1378 1344 Quandoquidem
1404 1285 1472 1325 non

195 1370 325 1433 desisto
357 1367 446 1432 inire
471 1390 728 1451 quamcumque
752 1370 943 1448 rationem,
977 1390 1046 1451 qua
1070 1370 1176 1432 liceat
1199 1371 1235 1432 in
1259 1371 1313 1433 his
1338 1371 1472 1452 pericu·

195 1477 375 1540 losissimis
411 1478 696 1558 llecumanisque
732 1475 897 1540 fluctibus
932 1479 1073 1541 cadenti
1110 1498 1316 1540 succurrere
1350 1477 1471 1541 Sacer-

195 1584 300 1663 dotio,
326 1605 347 1647 a
372 1603 441 1665 quo
457 1585 496 1663 si,
514 1587 680 1666 neglecta
703 1585 848 1666 pietate,
874 1584 1026 1666 iniquior
1050 1605 1128 1647 esse
1154 1586 1270 1664 velim,
1295 1588 1390 1648 haud
1415 1587 1474 1647 diu

195 1691 308 1753 aberit
341 1691 498 1754 exitium.
547 1688 619 1753 Sed
653 1691 784 1772 privati
817 1692 947 1754 oblitus
977 1693 1168 1766 commodi,
1204 1694 1376 1755 hactenus
1409 1713 1474 1773 pro

195 1799 394 1861 adserenda
410 1799 618 1881 Relligione
643 1808 678 1861 et
703 1801 950 1862 conservanda
965 1799 1214 1862 Ecclesiastica
1238 1820 1277 1861 re
1302 1800 1386 1861 nihil
1405 1820 1474 1861 non

193 1925 215 1966 a
238 1926 293 1967 me
319 1907 485 1968 collatum
511 1916 581 1985 est,
618 1908 714 1988 quod
738 1907 848 1988 potui.
897 1907 1020 1987 Neque
1049 1918 1119 1970 tam
1145 1907 1315 1988 gravibus
1340 1907 1472 1987 pericu-

196 2012 254 2087 lis,
289 2013 404 2075 donec
429 2013 586 2076 extincta
610 2025 747 2093 essent,
783 2035 957 2077 cessarem
985 2036 1039 2077 me
1064 2015 1219 2077 obiicere
1249 2014 1276 2075 si
1302 2014 1367 2076 soli
1393 2014 1474 2076 mihi

195 2119 456 2200 responderent
479 2141 584 2201 pares
610 2121 678 2183 illis
703 2132 880 2202 sumptus,
907 2141 996 2202 quos
1021 2142 1128 2202 supra
1152 2121 1247 2183 vires
1271 2120 1351 2199 feci,
1385 2122 1476 2181 adeo

194 2236 234 2288 ut
263 2225 329 2288 nisi
355 2227 497 2290 aliunde
523 2228 659 2297 veniat,
696 2228 866 2291 auxilium
891 2229 1118 2310 pecuniarum
1150 2230 1292 2291 tandem
1317 2228 1474 2309 receptui

195 2354 317 2396 canam
343 2344 517 2414 oporteat,
543 2335 632 2397 sicut
657 2336 761 2398 latius
783 2356 862 2397 cum
878 2335 1077 2397 Sanctitate
1097 2336 1225 2398 Vestra
1240 2356 1319 2397 meo
1334 2335 1476 2397 nomine

195 2438 426 2503 Consiliarius
441 2461 539 2504 meus
555 2441 730 2523 Magister
745 2441 873 2504 Petrus
890 2443 934 2503 de
952 2442 1163 2505 Salamanca
1180 2453 1275 2522 aget,
1299 2442 1354 2503 cui
1372 2441 1475 2503 fidem

194 2557 357 2628 prestare
381 2546 558 2627 dignetur.
605 2549 650 2611 Et
673 2548 876 2612 felicissime
900 2552 1028 2613 valeat.

285 2654 367 2716 Dat.
391 2654 583 2737 Insprugg.
631 2656 697 2718 Die
722 2657 909 2719 undecima
933 2657 1068 2720 Mensis
1092 2657 1185 2736 Julii‚
1212 2657 1318 2719 Anno
1338 2657 1474 2718 Domini

195 2760 427 2826 MDxxvtv.

356 2868 522 2931 Eiusdem
548 2867 755 2931 Sanctitatis
783 2870 932 2933 Vestrae

952 3014 1068 3063 Humilis
1087 3022 1112 3062 et
1131 3014 1282 3078 obsequens
1302 3015 1370 3064 filius

904 3102 1097 3165 formum
1118 3108 1254 3157 Archidux
1275 3109 1407 3157 Austriae.

802 3633 877 3699 231.

497 3758 657 3839 Clemens
685 3758 765 3839 VII.
795 3759 988 3838 Archiduoi
1017 3759 1192 3841 lustriae.

324 3904 416 3971 (dien
436 3905 498 3964 vu
517 3906 607 3979 aput.
625 3907 663 3965 td
679 3907 818 3981 principer
836 3922 886 3980 per
905 3906 1068 3966 andoletum
1085 3908 1208 3981 κύρω
1225 3906 1271 3966 tol
1289 3908 1356 3977 182)

719 4036 860 4100 (11.Julii
884 4038 968 4101 1525.)

288 4176 426 4238 Dilecte
465 4175 524 4240 fili.
584 4176 798 4258 Accepimus
838 4178 1040 4257 exemplum
1081 4175 1350 4258 responsionum
1392 4197 1478 4258 quas

201 4283 375 4346 Nobilitas
399 4294 459 4344 tua
484 4283 757 4364 prudentissime
781 4303 824 4346 ac
846 4283 1167 4348 consideratissime
1188 4284 1479 4347 tumultuantibus

202 4390 273 4453 suis
296 4390 528 4472 popularibus
558 4390 731 4467 reddidit,
767 4410 858 4471 quae
883 4390 988 4452 nobis
1019 4389 1247 4471 dignissimae
1271 4391 1371 4452 visae
1398 4402 1479 4453 sunt

202 4517 244 4560 ea
266 4496 396 4560 virtute
427 4497 524 4560 cuius
553 4498 588 4559 in
614 4509 648 4560 te
673 4496 876 4579 opinionem
908 4517 1078 4559 summam
1109 4517 1250 4578 semper
1274 4496 1477 4567 habuimus:

202 4625 316 4687 neque
349 4606 450 4668 nobis
482 4607 594 4668 solum
626 4606 689 4668 sed
721 4615 757 4666 et
781 4604 871 4667 Ven.
903 4604 1073 4667 fratribus
1104 4604 1233 4665 nostris
1263 4604 1297 4665 in
1330 4624 1477 4685 quorum

202 4712 410 4775 consistorio
434 4715 549 4775 lectae
573 4713 730 4776 fuerunt:
767 4712 890 4792 ltaque
915 4712 959 4773 de
983 4711 1026 4773 iis
1050 4722 1086 4771 et
1109 4731 1130 4772 a
1153 4709 1256 4772 nobis
1281 4720 1317 4771 et
1339 4713 1386 4773 ab
1410 4712 1479 4773 illis

202 4818 265 4881 tibi
287 4821 463 4883 habentur
475 4820 613 4901 gratiae
636 4830 743 4901 teque
768 4820 949 4881 hortamur
973 4836 1184 4899 quamquam
1207 4830 1416 4899 currentem,
1441 4831 1478 4882 ut
