3330 5580
705 471 952 527 ‘>-ss3406{}**³

187 615 331 679 risimile
356 617 422 678 che
447 637 493 678 un
520 618 567 678 tal
593 636 675 678 caso
700 627 844 699 potesse
868 617 1001 680 tenersi
1025 621 1181 690 occult0;
1207 619 1338 683 dicono
1363 620 1430 683 che
1446 618 1475 682 si

187 724 308 803 stima‚
343 726 407 786 che
433 724 524 785 colui
551 727 616 786 che
640 725 742 805 parld
767 745 833 786 con
858 722 933 787 Sua
956 722 1121 788 Serenith
1144 725 1259 807 prima
1284 727 1419 790 volessi
1442 728 1477 790 la

188 831 272 894 fede
303 831 338 892 di
371 851 442 893 non
476 831 677 893 comunicar
700 834 750 894 tal
774 851 859 894 cosa
883 852 949 895 con
978 832 1071 896 altri.
1118 832 1314 914 Vedend0,
1352 835 1479 898 chela

189 938 286 1000 dieta
309 937 442 1000 andara
468 938 539 999 cosi
564 937 599 999 in
623 938 668 1015 la,
694 940 760 1001 che
785 937 817 1000 ci
841 958 929 1002 sono
954 948 1047 1002 sette
1069 939 1167 1020 mesi,
1193 949 1229 1002 et
1252 940 1315 1023 poi
1335 940 1479 1003 innanzi

189 1047 255 1107 che
286 1064 522 1125 convengano
554 1054 590 1107 et
622 1045 865 1108 comminceno
897 1066 918 1108 a
948 1045 1027 1108 fare
1058 1045 1232 1113 faccende
1264 1067 1311 1110 ne
1342 1067 1478 1111 scorre-

189 1172 302 1214 ranno
333 1151 392 1212 doi
422 1151 520 1230 altri,
555 1172 686 1233 pen50‚
723 1154 788 1215 che
813 1149 887 1215 Sua
912 1151 1050 1216 Santit‘a
1082 1153 1162 1217 sara
1194 1163 1367 1218 contenta
1399 1155 1480 1218 chio

189 1258 313 1321 ritorni
338 1259 492 1321 aRoma
517 1268 552 1321 et
576 1279 646 1321 non
671 1259 738 1321 stia
762 1270 862 1322 tanto
887 1259 947 1341 qui
972 1260 1017 1323 ne
1039 1259 1075 1322 in
1099 1271 1224 1342 queste
1240 1261 1346 1342 parti,
1373 1282 1481 1324 sanza

191 1385 363 1446 speranza
388 1365 422 1426 di
447 1376 571 1446 potere
595 1365 672 1428 fare
697 1367 825 1428 alcuna
850 1386 945 1446 cosa,
970 1376 1005 1428 et
1029 1386 1095 1447 per
1119 1367 1144 1431 il
1160 1387 1267 1449 parer
1284 1367 1356 1431 mio
1384 1367 1481 1431 forse

191 1493 260 1535 non
285 1473 437 1533 sarebbe
461 1473 576 1534 ancho
602 1472 829 1554 expediente,
854 1475 920 1536 che
944 1473 979 1535 in
998 1474 1098 1535 detta
1112 1473 1209 1536 dieta
1226 1494 1264 1535 se
1281 1472 1481 1538 ritrovasse

190 1600 236 1640 un
260 1580 381 1658 legato
406 1598 475 1640 non
502 1579 653 1641 essendo
669 1581 702 1641 le
720 1600 803 1642 cose
820 1589 939 1643 nostre
964 1581 1065 1643 etde
1089 1581 1124 1643 la
1139 1580 1269 1644 Chiesa
1294 1581 1356 1663 pilu
1375 1592 1481 1664 grate

191 1686 306 1749 chelle
331 1684 359 1747 si
384 1685 483 1746 sieno
508 1705 681 1766 appresso
706 1706 727 1747 a
751 1686 866 1766 questi
884 1684 1064 1764 Germani,
1090 1687 1149 1749 alli
1175 1687 1270 1767 quali
1292 1708 1358 1770 per
1374 1708 1482 1751 aven·

192 1804 271 1856 tura
294 1794 472 1873 parebbe,
509 1793 575 1854 che
601 1794 635 1854 la
659 1791 754 1855 Sede
781 1793 990 1874 Apostolica
1012 1795 1153 1857 volesse
1178 1795 1349 1858 mandare
1375 1815 1399 1857 a
1422 1815 1483 1878 go·

193 1899 347 1962 vernarli
373 1919 393 1960 0
418 1920 439 1960 a
462 1898 648 1961 intendere
680 1899 703 1961 li
729 1899 802 1961 casi
827 1908 863 1962 et
886 1898 964 1961 fatti
989 1901 1087 1974 lor0;
1124 1901 1246 1979 stim0,
1282 1903 1349 1963 che
1376 1922 1423 1963 ne
1446 1902 1483 1964 lo

192 2007 383 2070 intrinseco
408 2005 443 2066 di
468 2006 630 2068 cadauno
655 2006 707 2068 sia
728 2007 850 2068 chiara
867 2007 901 2068 la
917 2007 1108 2085 bestialith,
1132 2007 1253 2069 furore
1279 2017 1314 2070 et
1330 2007 1484 2094 iniquita

193 2115 228 2177 di
258 2124 384 2195 questa
415 2112 594 2175 sedicione
620 2112 841 2191 Lutherana,
878 2123 914 2175 et
939 2112 1121 2175 ammoniti
1154 2115 1199 2176 da
1232 2115 1265 2176 le
1290 2113 1483 2178 incommo-

193 2222 265 2284 dita
290 2230 326 2283 et
348 2219 486 2282 tumulti
511 2220 628 2281 chella
651 2229 804 2300 apporta
828 2240 933 2282 sanza
957 2223 1084 2282 alcuna
1108 2220 1218 2282 bonta
1249 2241 1270 2283 ο
1294 2221 1415 2285 forma
1438 2223 1485 2286 de

193 2327 328 2410 quiete,
366 2346 453 2389 sono
485 2326 670 2388 constretti
701 2327 747 2387 da
772 2347 810 2388 se
834 2325 990 2407 pigliarli
1022 2325 1228 2407 provisione
1261 2337 1296 2390 et
1329 2327 1485 2391 maxime

192 2434 358 2497 instando
383 2432 515 2496 Cesare
547 2453 612 2514 per
642 2433 666 2495 il
699 2434 821 2496 debito
856 2443 890 2495 et
922 2434 1107 2496 commodo
1142 2444 1177 2495 et
1207 2436 1323 2496 honor
1346 2455 1414 2498 suo
1449 2435 1486 2497 di

194 2543 311 2604 ridure
336 2542 369 2602 le
395 2560 478 2603 cose
503 2541 536 2601 al
562 2539 682 2602 diritto
708 2540 846 2602 camino
871 2549 906 2601 et
930 2541 1001 2601 alla
1025 2539 1249 2602 osservantia
1274 2541 1319 2603 de
1343 2541 1379 2603 la
1399 2540 1486 2605 fede

194 2661 230 2711 et
254 2647 311 2710 riti
336 2645 568 2710 ecclesiastici
593 2645 783 2726 approbati
808 2655 843 2708 et
868 2667 934 2709 con
950 2654 1076 2727 questo
1092 2649 1320 2727 potrebbono
1335 2649 1486 2712 bastare

194 2754 310 2818 alcuni
342 2753 452 2816 buoni
477 2752 584 2815 Brevi
615 2773 637 2814 a
667 2752 766 2815 detta
790 2752 896 2814 Dieta
928 2755 1071 2833 quando
1104 2754 1183 2816 sara
1216 2764 1337 2836 tempo
1347 2802 1356 2835 ,
1395 2767 1432 2818 et
1465 2777 1488 2819 a

195 2864 344 2944 qualche
381 2861 471 2922 altro
503 2859 718 2940 particolare
754 2860 915 2940 segondo
948 2861 1013 2921 che
1045 2862 1169 2923 alhora
1205 2860 1285 2923 sara
1323 2861 1486 2925 iudicato

195 2978 389 3052 oportun0,
423 2967 672 3050 promettendo
698 2963 771 3028 Sua
795 2963 935 3028 Santit‘a
967 2968 1032 3029 che
1065 2967 1109 3030 de
1133 2966 1235 3029 abusi
1261 2969 1487 3049 et'gravami

195 3076 398 3160 provedera
428 3095 494 3156 per
524 3075 557 3135 la
587 3072 752 3154 giusticia
783 3094 805 3134 a
828 3083 930 3136 tutto,
978 3073 1202 3137 Altramente
1232 3077 1487 3140 retrovandosi

195 3185 219 3247 li
243 3206 289 3247 un
314 3185 434 3266 legato
466 3180 581 3263 prima
605 3190 822 3243 entraranno
847 3179 882 3241 in
907 3179 1005 3242 varie
1030 3180 1222 3262 suspicioni
1253 3201 1355 3245 come
1381 3183 1400 3246 ὁ
1426 3204 1487 3247 na·

195 3301 274 3354 tura
298 3289 334 3352 di
359 3290 439 3371 quei
456 3286 613 3368 Principi
639 3296 674 3349 et
698 3285 842 3349 natione
860 3285 1083 3349 Germanica.
1132 3285 1197 3349 Poi
1222 3287 1251 3349 si
1267 3289 1487 3355 voltaranno

198 3399 234 3461 in
268 3397 476 3459 dimandare
499 3395 640 3459 concilii
674 3405 709 3456 et
733 3395 915 3475 disputare
950 3396 995 3458 de
1019 3394 1089 3458 fide
1123 3414 1143 3457 0
1169 3415 1277 3478 sopra
1308 3396 1332 3459 li
1357 3417 1487 3479 grava-

199 3505 283 3568 mini
318 3524 400 3566 cose
438 3524 507 3566 non
533 3505 642 3566 molto
677 3503 860 3564 commode
895 3504 964 3565 alle
998 3512 1118 3566 nostre
1152 3503 1310 3584 ragioni,
1347 3517 1384 3567 et
1419 3527 1489 3589 pur

198 3612 341 3693 quando
366 3610 497 3671 Nostro
522 3608 673 3689 Signore
700 3608 877 3689 judicasse
902 3610 1103 3672 necessario
1128 3611 1262 3673 havere
1294 3611 1318 3673 li
1347 3633 1395 3674 un
1422 3614 1489 3677 Le·

199 3727 283 3799 gato
316 3739 354 3780 se
378 3717 402 3779 li
426 3717 529 3798 potra
553 3736 694 3797 sempre
724 3717 894 3779 mandare
918 3737 940 3779 a
963 3728 1094 3798 tempo
1141 3715 1196 3780 Ne
1229 3719 1337 3781 creda
1361 3730 1490 3784 vostra

199 3825 366 3906 §ignoria
396 3822 475 3885 chio
499 3823 615 3885 faccia
646 3832 771 3903 questo
804 3823 962 3886 discorso
987 3824 1064 3886 solo
1097 3843 1162 3904 per
1194 3822 1372 3886 desiderio
1404 3826 1489 3890 chio

199 3932 241 3994 mi
268 3931 400 3994 habbia
431 3931 477 3994 de
501 3931 695 4010 ritornare,
731 3951 788 3992 ma
810 3931 944 4011 perche
975 3940 1193 4012 conquesto
1219 3931 1376 3993 anchora
1412 3932 1489 3996 cosi

197 4039 244 4101 mi
275 4059 362 4120 pare
386 4039 453 4101 che
477 4037 529 4100 sia
558 4036 583 4099 il
606 4036 738 4118 meglio
747 4085 755 4115 ,
792 4038 857 4099 che
882 4038 941 4100 del
964 4037 1099 4100 ritorno
1124 4036 1289 4100 confesso
1321 4040 1393 4100 ben
1420 4043 1490 4105 che

198 4146 243 4208 mi
267 4145 485 4227 piacerebbe
509 4153 545 4207 et
566 4164 631 4225 per
647 4144 746 4206 molti
762 4143 901 4226 rispetti
919 4148 953 4208 lo
970 4145 1137 4209 desidero
1162 4165 1262 4208 come
1277 4145 1369 4208 altre
1387 4148 1489 4211 volte

196 4255 243 4316 ho
279 4252 401 4315 scritto
411 4300 420 4331 ‚
457 4273 514 4315 ma
548 4272 614 4315 con
639 4254 757 4314 buona
781 4253 926 4316 volont‘a
961 4264 996 4316 et
1028 4252 1256 4317 satisfacione
1290 4252 1326 4316 di
1351 4253 1489 4320 Nostro

197 4358 350 4442 Signore
363 4407 371 4438 ,
408 4360 506 4423 cuius
530 4360 680 4423 arbitrio
705 4362 855 4423 consilia
886 4371 921 4423 et
944 4362 1105 4424 actiones
1128 4381 1229 4423 meae
1253 4380 1377 4422 omnes
1400 4362 1490 4426 mihi

199 4476 281 4529 sunt
304 4465 514 4548 dirigendae
519 4512 1489 4532 .....................

971 4793 1018 4841 Uti
1037 4792 1119 4840 frater
1138 4785 1166 4847 1,,
1187 4783 1249 4846 w.
1269 4783 1451 4858 θΙΙΜΙΙΙ.

730 4879 938 4891 mxu-arnum
