3330 5580
708 440 954 496 043227ῡῆ

279 589 358 652 Non
393 590 545 652 emolto
570 599 701 651 venuto
727 608 748 649 a
771 590 866 649 buon
892 596 1002 668 punto
1036 588 1121 666 che,
1155 588 1189 649 al
1213 597 1380 668 presente
1403 589 1468 649 che

193 712 302 758 stamo
334 695 368 757 in
402 705 527 777 questo
552 704 647 757 resto
672 695 716 756 de
742 693 990 775 expeditione,
1022 693 1063 755 sii
1092 703 1185 755 stato
1210 696 1328 757 levato
1360 696 1392 756 el
1418 716 1467 756 se·

192 813 334 884 questro
359 802 393 864 in
419 805 452 864 la
477 823 585 865 causa
610 802 654 864 de
679 801 702 864 li
726 801 825 863 frutti
851 802 895 863 de
920 801 1077 862 Valenza
1101 801 1160 862 del
1185 801 1363 882 Episcopo
1383 802 1466 862 Leo-

192 909 313 972 diense
343 919 379 971 et
409 917 578 971 revocato
611 910 644 971 el
668 911 777 970 breve
803 927 973 969 concesso
1004 927 1069 988 per
1099 909 1132 969 el
1157 906 1225 969 8³¹⁰.
1246 909 1377 989 perche
1410 909 1468 970 nui

192 1015 379 1078 habbiamo
404 1036 425 1077 a
449 1014 505 1076 far
529 1016 573 1076 de
598 1014 657 1094 lui,
682 1023 718 1076 et
742 1035 841 1077 come
865 1015 955 1076 altre
972 1016 1067 1076 volte
1092 1015 1137 1076 ho
1155 1012 1288 1093 scritto,
1315 1014 1362 1075 lui
1381 1014 1419 1076 fu
1444 1014 1467 1076 il

192 1122 303 1204 primo
334 1123 401 1185 che
433 1120 641 1183 commincih
672 1141 693 1182 a
725 1124 795 1183 ben
819 1123 1000 1201 besognar
1028 1120 1064 1182 in
1089 1130 1214 1201 questo
1240 1121 1391 1202 negocio
1423 1124 1467 1183 de

193 1229 338 1308 luther,
375 1238 410 1291 et
441 1229 460 1291 ὸ
492 1238 589 1290 certo
621 1237 657 1290 et
687 1248 798 1291 ancor
828 1227 862 1289 in
891 1236 1016 1309 questo
1049 1237 1168 1308 tempo
1201 1229 1293 1290 dove
1325 1229 1344 1290 e
1375 1238 1468 1291 stata

192 1335 443 1417 l’importanza
468 1336 513 1398 da
537 1334 598 1417 poi
621 1337 654 1397 el
678 1334 780 1397 venir
803 1334 848 1396 de
871 1335 1020 1414 Luther‚
1044 1355 1082 1397 se
1106 1334 1126 1396 e
1151 1344 1293 1416 portato
1319 1336 1466 1398 excelle-

192 1451 345 1505 temente
378 1450 516 1506 etcum
542 1441 673 1505 Cesare
708 1449 743 1504 et
767 1440 924 1504 Chevres
958 1442 1053 1523 apud
1083 1462 1172 1522 quos
1206 1443 1317 1522 pollet
1351 1441 1468 1523 gratia

192 1560 224 1612 et
247 1549 291 1634 (si
315 1549 436 1629 vellet)
462 1548 567 1611 etiam
593 1547 816 1626 auctoritate,
841 1556 875 1610 et
900 1568 977 1610 cum
1002 1548 1118 1630 questi
1142 1549 1293 1631 principi
1316 1548 1467 1611 alemani

192 1658 233 1720 de
264 1656 288 1719 li
313 1655 409 1737 quali
433 1655 481 1718 lui
504 1656 551 1717 ha
575 1655 767 1719 benissimo
791 1657 825 1718 la
850 1655 988 1737 lingua,
1020 1658 1084 1717 che
1110 1664 1207 1718 certo
1235 1656 1320 1719 nihil
1353 1657 1467 1737 potuit

190 1764 221 1826 in
254 1784 298 1826 eo
323 1762 539 1843 desiderari,
572 1762 627 1825 his
649 1763 859 1844 praesertim
893 1762 1081 1845 postremis
1114 1763 1241 1825 diebus
1271 1763 1304 1825 in
1338 1764 1466 1844 quibus

191 1869 372 1933 conflictus
395 1867 462 1932 fuit
485 1889 578 1932 acer.
618 1869 772 1931 Adcedit
797 1871 861 1932 che
886 1868 1051 1932 havendo
1076 1869 1124 1932 lui
1149 1881 1275 1951 quatro
1300 1891 1321 1931 0
1339 1870 1465 1950 cinque

189 1977 324 2059 grande
356 1977 515 2058 querelle
539 1996 605 2058 per
637 1975 660 2037 li
685 1976 864 2059 privilegii
896 1975 1057 2039 concessi
1089 1996 1110 2038 a
1135 1976 1254 2039 Roma
1287 1999 1307 2039 a
1340 1977 1420 2038 laici
1444 1999 1465 2038 a

192 2083 427 2165 grandissima
451 2082 682 2145 enervatione
706 2084 763 2145 del
789 2103 852 2146 suo
878 2082 1095 2164 episcopato,
1121 2084 1189 2146 mai
1215 2105 1258 2146 ne
1283 2085 1329 2145 ha
1344 2087 1464 2146 voluto

189 2191 240 2254 dir
269 2192 396 2274 parola
420 2211 442 2252 o
466 2189 566 2253 farne
597 2210 666 2271 pur
690 2209 801 2271 segno
832 2189 867 2251 in
892 2201 1018 2270 questa
1042 2191 1154 2270 dieta,
1190 2201 1226 2254 et
1250 2191 1323 2255 scio
1355 2193 1421 2253 che
1446 2191 1464 2253 ὸ

189 2307 279 2362 stato
310 2299 420 2360 molto
451 2296 659 2360 extimulato
692 2298 738 2358 da
768 2296 849 2359 altri
881 2318 902 2359 a
931 2296 1033 2359 farne
1065 2298 1332 2377 lamentatione,
1369 2299 1464 2379 quod

188 2426 326 2488 semper
350 2404 466 2468 animo
491 2407 603 2466 verbo
628 2413 663 2465 et
687 2423 725 2466 re
751 2402 972 2485 apertissime
997 2403 1183 2469 recusavit.
1229 2405 1333 2467 Unde
1358 2406 1463 2467 facile

187 2513 333 2576 inducor
356 2520 395 2574 ut
418 2511 561 2574 credam
586 2510 692 2592 (quod
711 2521 747 2572 et
767 2509 844 2592 ipse
860 2509 943 2573 mihi
960 2510 1181 2573 sanctissime
1195 2509 1326 2573 iuravit
1342 2514 1463 2594 saepe)

188 2622 251 2682 che
274 2620 394 2700 quella
417 2619 576 2699 querella
601 2627 776 2700 concepta
800 2619 889 2680 altre
904 2619 1002 2680 volte
1027 2637 1091 2698 per
1116 2638 1250 2699 porger
1269 2618 1301 2681 in
1319 2620 1352 2681 la
1368 2620 1463 2682 dieta

188 2727 228 2788 de
253 2725 419 2808 Augusta
441 2724 479 2786 iu
503 2724 593 2787 satta
617 2725 664 2786 da
688 2745 732 2786 un
757 2724 929 2786 canonico
954 2724 999 2785 de
1024 2723 1287 2805 Aequisgrana,
1313 2726 1377 2787 che
1403 2747 1463 2788 era

188 2832 219 2896 in
250 2831 348 2894 dieta
372 2852 437 2913 per
460 2852 564 2897 nome
595 2832 653 2894 del
679 2834 774 2894 clero
800 2831 981 2894 leodiense
1014 2840 1138 2893 contra
1169 2830 1225 2893 chi
1257 2831 1462 2913 l'episcopo

188 2940 229 3002 ha
252 2960 324 3002 una
347 2937 582 3020 grandissima
604 2938 666 3001 lite
692 2938 727 2999 in
752 2947 847 3010 rota;
873 2948 908 3000 et
933 2947 1058 3019 questo
1083 2938 1255 3000 canonico
1273 2959 1388 3002 messo
1405 2941 1463 3003 del

190 3048 280 3109 clero
312 3044 527 3109 nominando
563 3045 770 3127 l'episcopo
803 3054 927 3107 auctor
957 3045 1001 3106 de
1034 3046 1082 3107 tal
1107 3047 1266 3126 querella
1296 3046 1463 3109 intendea

189 3151 238 3215 lar
268 3154 338 3216 due
363 3173 465 3232 cose,
495 3151 612 3215 irritar
636 3153 657 3215 l'
671 3152 819 3234 imperio
846 3162 969 3215 contra
993 3153 1028 3215 la
1059 3164 1156 3216 corte
1189 3153 1224 3214 di
1248 3155 1367 3217 Roma
1398 3175 1463 3236 per

188 3278 292 3323 causa
316 3258 362 3323 de
385 3260 420 3321 la
443 3279 587 3323 reserva
619 3271 654 3322 et
679 3258 921 3341 derogationi,
953 3258 1313 3323 etinimicarelS1¹10
1339 3270 1463 3324 contra

189 3365 390 3450 l’episcopo
414 3367 459 3430 de
484 3365 540 3428 chi
564 3368 662 3429 detto
685 3366 856 3429 canonico
881 3365 1028 3429 insieme
1045 3387 1123 3429 cum
1139 3370 1172 3430 el
1189 3369 1285 3430 clero
1310 3377 1345 3429 et
1361 3387 1461 3448 prae·

188 3472 302 3536 sertim
327 3474 373 3535 de
388 3472 551 3535 LXXIII
576 3473 765 3555 collegiate
790 3473 909 3537 chiese
934 3473 992 3536 del
1013 3494 1122 3555 paese
1147 3474 1183 3535 di
1198 3473 1348 3555 Liegesse'
1366 3494 1460 3536 acer-

187 3578 269 3643 rimo
300 3579 517 3643 adversario.
565 3579 609 3642 Et
641 3601 679 3643 re
703 3600 790 3642 vera
819 3582 865 3642 ho
889 3580 1005 3644 inteso
1030 3601 1096 3662 per
1119 3580 1270 3643 relation
1304 3580 1338 3642 di
1363 3581 1461 3643 molti

188 3687 248 3749 che
271 3684 364 3750 cossi
388 3686 426 3767 e,
458 3686 503 3749 ne
527 3707 649 3750 manco
675 3689 708 3750 el
732 3687 905 3751 canonico
929 3689 1138 3769 sopradetto
1170 3691 1203 3750 lo
1229 3688 1335 3770 niega
1359 3709 1460 3750 como

186 3791 339 3857 intende.

270 3901 417 3965 Ancora
449 3921 515 3983 per
538 3902 657 3982 quella
688 3902 817 3964 lettera
850 3903 916 3964 che
940 3903 1087 3964 Erasmo
1121 3901 1248 3964 scrisse
1282 3923 1303 3964 a
1328 3902 1461 3964 Luther

188 4008 247 4070 che
278 4008 312 4070 el
337 4007 508 4091 episcopo
539 4009 574 4070 lo
603 4007 880 4090 favoreggiava,
917 4009 1015 4071 detto
1046 4009 1216 4091 episcopo
1248 4030 1292 4070 ne
1324 4009 1460 4071 estate

189 4112 272 4177 cossi
298 4115 369 4177 mal
393 4122 561 4177 contento
586 4116 652 4177 che
677 4135 747 4178 non
772 4115 800 4178 si
824 4117 885 4197 pol
909 4115 1092 4197 acquietar
1116 4137 1219 4177 verso
1245 4117 1289 4177 de
1313 4115 1460 4177 Erasmo

189 4230 218 4283 et
240 4231 356 4300 certe,
388 4231 521 4302 quanto
545 4222 580 4284 lo
605 4223 650 4283 ho
675 4221 884 4303 pratticato,
915 4243 1055 4304 sempre
1080 4225 1163 4285 holo
1188 4233 1328 4285 trovato
1352 4244 1461 4285 ancor

189 4327 247 4390 che
269 4327 385 4390 libero
410 4337 446 4390 et
469 4327 589 4390 iocoso
615 4328 659 4390 de
684 4330 824 4411 lengua,
848 4338 939 4391 tutta
955 4331 1053 4393 volta
1076 4330 1199 4392 ottimo
1218 4330 1460 4393 ecclesiastico

190 4442 219 4495 et
240 4436 306 4498 che
338 4434 387 4496 ha
416 4433 607 4497 bonificato
638 4436 673 4497 la
703 4456 767 4498 sua
791 4435 910 4499 chiesa
943 4447 978 4499 et
1002 4446 1093 4499 tutto
1125 4439 1156 4498 el
1182 4456 1244 4499 suo
1269 4439 1365 4500 clero
1396 4457 1461 4518 per

191 4542 274 4604 assai
304 4540 442 4604 miliara
466 4549 501 4604 et
525 4540 662 4604 miliara
692 4542 736 4604 de
761 4543 879 4605 ducati
903 4543 948 4605 de
973 4545 1118 4615 intrata:
1155 4544 1268 4624 perho
1297 4544 1459 4625 supplico

192 4648 219 4708 el
240 4647 281 4711 sii
305 4648 615 4712 reccommandato
638 4649 673 4711 in
699 4657 824 4730 questa
848 4670 911 4712 sua
935 4671 1040 4712 causa
1057 4650 1248 4729 valentina,
1273 4651 1459 4732 presertim

192 4754 308 4822 adesso
333 4757 399 4822 che
423 4757 574 4821 havemo
600 4755 644 4820 de
667 4758 830 4840 besogno
847 4757 939 4821 assai
964 4758 1009 4821 de
1033 4757 1081 4820 lui
1100 4757 1135 4819 in
1157 4757 1319 4819 eradicat
1334 4768 1459 4839 queste

1247 4863 1300 4921 15*
