3330 5580
795 473 853 524 (ΗΞ
893 470 945 526 128
985 469 1041 523 ΞἉ

279 616 388 678 nostri
423 627 625 698 erumperet
649 639 713 679 nec
739 617 893 679 divinam
919 636 1060 678 causam
1086 615 1221 678 violare
1245 628 1433 698 pergeret,
1468 622 1566 700 quod

279 722 329 784 eis
353 721 506 785 libenter
531 723 795 805 ignosceremus
811 745 916 804 quum
933 725 1147 786 laetaremur
1161 723 1385 787 occasionem
1403 727 1566 789 oblatam

279 831 503 894 exercendae
535 841 677 894 nostrae
710 842 745 893 et
768 831 1001 912 benignitatis
1026 841 1061 894 et
1085 831 1310 903 clementiae;
1345 833 1470 896 sedin
1495 833 1566 897 Dei

278 938 414 1000 honore
445 937 481 999 in
511 937 594 1000 fidei
629 948 773 1001 sanctae
805 938 1001 1001 catholicae
1033 958 1140 1002 causa
1168 938 1197 999 si
1221 957 1347 1000 severe
1372 949 1408 1001 et
1432 939 1566 1004 acriter

278 1055 339 1106 aut
364 1044 510 1125 egimus,
535 1056 596 1107 aut
620 1065 738 1108 sumus
762 1046 884 1124 acturi,
909 1066 979 1108 non
1005 1045 1040 1106 id
1064 1045 1243 1109 hominum
1269 1046 1376 1109 etiam
1399 1046 1565 1110 inimicis-

279 1151 445 1213 simorum
470 1150 564 1230 odio,
589 1172 678 1233 quos
703 1162 738 1215 et
761 1173 827 1215 nos
850 1153 918 1235 ipsi
942 1155 1061 1215 salvos
1085 1173 1164 1216 esse
1181 1153 1350 1235 cupimus,
1375 1155 1440 1216 sed
1456 1155 1563 1218 modo

279 1266 429 1339 urgente
456 1256 575 1321 officio
601 1267 653 1321 est
674 1260 887 1339 faciendum,
911 1280 1114 1341 quanquam
1130 1260 1198 1323 illis
1214 1261 1334 1324 brevis
1349 1263 1395 1324 ad
1410 1263 1564 1326 salutem

279 1364 331 1426 ira
368 1377 495 1445 parata
531 1375 602 1444 est,
638 1366 843 1447 penitentia.
892 1368 1026 1430 Verum
1062 1364 1157 1449 quod
1195 1368 1299 1432 nobis
1323 1369 1564 1432 scribentibus

280 1469 396 1533 fuerat
426 1471 646 1552 propositum
682 1472 715 1534 ei
746 1474 879 1554 gratias
910 1484 992 1537 tuae
1024 1474 1200 1537 nobilitati
1226 1479 1399 1538 maximas
1423 1475 1564 1559 agimus

196 1628 198 1635 ,
279 1588 315 1640 et
338 1587 376 1639 ut
400 1593 462 1640 tua
484 1579 551 1640 ista
576 1579 748 1661 singulari
772 1581 982 1643 auctoritate
1007 1592 1043 1644 et
1066 1583 1255 1663 prudentia
1279 1585 1325 1645 ad
1350 1583 1561 1665 extinguen-

280 1686 361 1746 dum
393 1687 509 1765 quoad
541 1686 671 1749 licitum
706 1687 812 1750 fuerit
842 1687 1042 1751 incendium
1072 1699 1168 1752 tuam
1202 1691 1423 1754 nobilitatem
1456 1692 1563 1775 pluri-

281 1812 373 1854 mum
397 1792 431 1853 in
450 1792 603 1855 Domino
627 1795 819 1874 hortamur,
844 1796 935 1858 sicut
960 1817 1038 1859 cum
1063 1797 1187 1859 eadem
1212 1797 1334 1860 dilecti
1359 1797 1420 1860 lilii
1444 1798 1565 1861 nuncii

281 1898 391 1960 nostri
431 1910 560 1980 agent,
599 1901 727 1982 quibus
766 1901 871 1965 fidem
912 1922 1050 1965 omnem
1087 1903 1243 1966 habebit.
1303 1906 1384 1966 Dat.
1420 1905 1566 1968 Romae

281 2006 383 2068 XVI.
408 2006 527 2069 Martii
556 2027 633 2087 1521
661 2028 755 2071 anno
779 2020 906 2072 octavo
916 2011 946 2088 ¹).

895 2513 948 2576 52.

522 2636 609 2715 Lau
639 2637 681 2718 tt
712 2635 907 2737 Georgia
934 2637 1049 2717 Duri
1078 2635 1324 2719 Saxoniaa

727 2776 868 2847 (hauriat.
882 2776 1007 2835 German.
1020 2775 1051 2833 11.
1064 2775 1117 2848 tt.)

673 2889 747 2948 (Cum
776 2887 870 2936 litteris
901 2900 940 2948 19.
965 2888 1054 2936 Martii
1085 2891 1170 2950 1521.)

369 3013 510 3075 Dilecta
546 3012 605 3088 fili.
652 3012 728 3074 Etsi
765 3033 834 3074 non
872 3012 1071 3074 dubitemus
1106 3013 1325 3076 nobilitatem
1362 3024 1456 3076 tuam
1494 3036 1572 3096 qua

282 3119 400 3200 coepit
432 3119 561 3181 virtute
594 3119 628 3180 in
661 3141 702 3181 ea
735 3129 770 3181 et
807 3117 888 3181 fidei
912 3119 1109 3181 catholicae
1134 3131 1169 3182 et
1194 3120 1229 3182 S.
1256 3121 1302 3182 R.
1328 3121 1366 3184 E.
1392 3122 1571 3185 adversus

282 3226 500 3307 impietatem
526 3247 645 3289 eorum
672 3227 730 3308 qui
756 3240 791 3289 et
816 3247 926 3288 novas
953 3226 1111 3288 excitare
1135 3228 1280 3289 hereses
1305 3237 1341 3288 et
1364 3239 1504 3289 veteres
1522 3248 1570 3291 ac

283 3336 468 3396 damnatas
493 3355 663 3396 revocare
688 3345 862 3397 conantur
885 3333 1122 3412 defendenda,
1148 3336 1296 3396 eandem
1313 3337 1485 3415 usquead
1504 3355 1568 3397 ex·

282 3453 431 3503 tremum
456 3452 774 3522 perseveraturam,
800 3453 872 3504 tum
898 3439 975 3503 cum
999 3452 1138 3522 tempus
1154 3441 1307 3504 maxime
1325 3452 1569 3522 opportunum

283 3550 425 3611 adesset
458 3568 603 3629 operam
635 3559 671 3611 et
701 3549 949 3611 authoritatem
984 3557 1079 3609 tuam
1110 3559 1148 3610 ut
1176 3549 1366 3611 adhiberes
1391 3551 1435 3610 ad
1460 3546 1569 3611 refel-

283 3657 408 3719 lendos
441 3655 594 3737 impetus
625 3656 770 3719 istorum
803 3657 862 3737 qui
892 3676 978 3737 prae
1010 3675 1074 3717 sua
1106 3664 1141 3717 et
1165 3655 1358 3718 ambitione
1383 3665 1419 3718 et
1442 3655 1568 3736 iniqua

282 3763 465 3826 iracundia
496 3784 622 3845 pacem
647 3767 879 3846 perturbare,
911 3763 1042 3825 zizania
1067 3763 1259 3845 seminare,
1290 3762 1407 3826 omnia
1432 3765 1568 3826 acerbo

282 3871 446 3933 incendio
480 3871 695 3952 permiscere
728 3872 963 3944 contendunt;
996 3871 1108 3932 visum
1139 3869 1205 3932 fuit
1229 3869 1332 3930 nobis
1356 3871 1420 3931 has
1446 3870 1567 3932 denuo

284 3980 329 4041 ad
360 3977 581 4041 nobilitatem
613 3988 708 4041 tuam
742 3978 897 4040 scribere
929 3979 1066 4040 litteras
1090 3987 1196 4058 teque
1220 3976 1256 4038 in
1281 3975 1434 4037 Domino
1458 3977 1567 4038 vehe-

284 4096 420 4149 menter
444 4086 637 4167 exhortari,
666 4098 702 4148 ut
727 4107 804 4149 cum
830 4085 1014 4166 pristinam
1039 4095 1134 4146 tuam
1158 4082 1327 4165 pietatem
1353 4091 1459 4162 atque
1483 4102 1566 4162 pru·

285 4192 439 4255 dentiam
464 4205 536 4255 tum
561 4204 717 4256 veterem
742 4195 881 4256 laudem
900 4193 1068 4255 maiorum
1085 4201 1234 4271 tuorum,
1256 4210 1403 4272 quorum
1421 4188 1454 4251 in
1472 4191 1566 4252 hanc

284 4310 442 4364 sanctam
474 4299 605 4363 Sedem
647 4322 788 4382 semper
824 4303 1010 4382 praeclara
1050 4298 1166 4362 extitit
1202 4300 1385 4375 voluntaS,
1421 4296 1456 4358 in
1496 4298 1567 4359 hoc

285 4408 436 4471 maxime
460 4408 567 4487 facto,
591 4411 658 4471 hoc
683 4408 852 4489 precipue
877 4420 1038 4488 tempore
1059 4406 1208 4470 concilio
1226 4405 1334 4467 totius
1351 4401 1567 4467 Germaniae

285 4536 471 4597 procerum
497 4529 622 4578 coacto
647 4536 868 4596 expromere,
894 4524 929 4576 et
953 4514 1177 4596 perspicuam
1202 4513 1363 4575 omnibus
1387 4510 1506 4573 facere
1522 4531 1566 4573 ac

285 4642 427 4684 causam
459 4620 614 4686 Sanctae
639 4624 827 4686 Romanae
852 4622 1034 4684 Ecclesiae
1067 4621 1116 4682 ita
1147 4630 1353 4681 constanter
1386 4617 1474 4680 tueri
1506 4619 1566 4680 ad·

315 4817 335 4886 ¹)
355 4820 481 4869 Similiter
500 4821 625 4884 scriptum
647 4821 695 4868 suit
714 4820 790 4868 etiam
811 4818 947 4868 cardinali
967 4818 1132 4879 hloguntino.
