3330 5580
873 815 938 880 215

703 930 915 1032 Campegius
940 862 1116 1012 saulieu.

674 1076 817 1148 (unnim
836 1075 962 1135 (lernau
980 1077 1055 1137 tm.
1071 1077 1141 1152 tor.)

784 1195 841 1263 (26.
861 1197 926 1246 Maii
949 1201 1034 1260 1525.)
1147 1238 1150 1245 .

357 1330 533 1393 Havendo
551 1329 609 1411 gia
626 1332 792 1393 mandato
809 1330 833 1392 il
850 1340 1015 1412 presente
1032 1350 1158 1412 spazzo
1174 1334 1245 1395 alla
1264 1342 1371 1414 posta
1394 1333 1443 1396 mi
1470 1354 1563 1396 sono

269 1437 501 1520 sopragionte
517 1440 550 1500 le
566 1437 700 1500 incluse
715 1439 842 1500 lettere
857 1439 914 1500 del
935 1437 1053 1501 Fabro
1075 1439 1289 1502 mandatemi
1313 1459 1380 1521 per
1402 1460 1477 1503 uno
1495 1460 1563 1503 suo

268 1565 290 1607 a
302 1553 407 1627 posta
420 1545 454 1606 el
465 1546 571 1625 quale
585 1545 700 1607 havea
713 1544 748 1606 in
762 1545 993 1607 instructione
1003 1545 1048 1607 de
1060 1544 1225 1609 riferirmi
1239 1566 1339 1609 come
1351 1547 1387 1608 la
1395 1544 1432 1610 S.
1443 1546 1491 1610 V.
1502 1567 1562 1609 ve·

270 1651 355 1715 deri
369 1654 414 1714 de
426 1652 461 1714 la
472 1651 576 1734 copia
587 1653 641 1714 ch'
653 1653 687 1715 io
698 1655 731 1715 le
741 1653 871 1715 mando
881 1651 940 1733 qui
951 1671 1124 1733 appresso
1138 1654 1184 1716 de
1193 1654 1227 1716 la
1235 1653 1472 1717 instructione
1487 1674 1561 1719 soa.

359 1758 404 1821 Et
419 1760 555 1821 benche
572 1760 607 1821 io
624 1759 718 1822 stimi
731 1760 797 1822 che
807 1758 827 1820 'l
841 1758 1010 1837 Rorario,
1026 1758 1142 1821 scriva
1155 1768 1191 1821 et
1206 1759 1293 1823 avisi
1307 1782 1328 1822 a
1341 1759 1562 1823 sufficientia

271 1866 307 1929 di
321 1874 411 1929 tutte
428 1875 552 1947 queste
569 1857 794 1947 turbulentie,
818 1886 886 1947 pur
904 1866 1005 1928 anch'
1028 1866 1062 1929 io
1082 1868 1116 1928 le
1137 1867 1184 1928 ho
1206 1868 1328 1929 voluto
1351 1866 1561 1949 significare

271 1975 390 2055 quello
406 1974 472 2035 che
484 1974 574 2036 hora
588 1973 733 2036 intendo
750 1982 785 2036 et
795 1994 861 2036 con
874 1992 953 2035 esso
967 1972 1049 2035 dirli
1061 1993 1126 2054 per
1139 1973 1254 2054 questi
1270 1984 1305 2035 et
1321 1975 1403 2036 altri
1415 1973 1560 2056 rispetti

271 2080 305 2143 io
322 2080 482 2142 delibero
500 2080 536 2142 di
552 2081 686 2143 lassare
711 2081 828 2162 quella
852 2080 910 2142 via
926 2081 971 2142 de
994 2080 1169 2161 inspruck
1193 2080 1420 2162 partendomi
1436 2081 1484 2144 de
1501 2082 1561 2164 qui

272 2187 387 2270 prima
411 2189 477 2250 che
500 2186 535 2249 io
559 2207 666 2269 possa
692 2201 726 2250 et
750 2187 871 2250 venire
895 2207 996 2249 come
1024 2188 1114 2249 altre
1138 2188 1236 2250 volte
1260 2187 1379 2250 scrissi
1404 2189 1478 2251 alla
1502 2189 1562 2251 via

273 2294 309 2356 di
335 2293 457 2376 Segna
481 2314 502 2357 o
526 2295 562 2357 di
586 2294 710 2358 Fiume
735 2306 771 2357 et
793 2314 858 2376 per
882 2314 980 2357 mare
1005 2295 1049 2357 de
1080 2292 1103 2357 li
1130 2292 1166 2356 in
1195 2296 1240 2373 la,
1264 2295 1395 2376 perche
1425 2317 1447 2358 a
1477 2294 1563 2357 niun

274 2403 379 2465 modo
404 2402 497 2464 vedo
521 2421 712 2482 segurezza
735 2403 794 2464 nel
818 2402 886 2464 mio
911 2402 1049 2464 camino
1073 2422 1139 2484 per
1163 2399 1363 2466 Germania.

367 2508 519 2589 Quando
543 2529 610 2591 pur
633 2509 675 2574 N.
701 2506 736 2574 S.
762 2510 902 2572 volesse
927 2509 982 2571 ch'
999 2509 1033 2572 io
1057 2509 1147 2571 fussi
1172 2511 1227 2571 col
1251 2507 1432 2589 Principe,
1459 2531 1481 2572 a
1506 2530 1564 2574 me

277 2615 357 2680 sera
380 2636 462 2678 men
485 2635 597 2698 grave
621 2618 666 2678 de
690 2616 793 2679 Italia
824 2626 967 2679 tornare
992 2615 1044 2679 sin
1069 2616 1245 2697 Inspruck
1269 2618 1335 2679 che
1359 2616 1504 2680 andarli
1528 2616 1565 2679 di

276 2743 356 2805 qua,
382 2733 418 2785 et
442 2742 481 2785 so
506 2724 572 2786 che
596 2744 660 2786 sua
684 2723 762 2785 Bne
786 2742 857 2785 non
881 2725 986 2785 vuole
1002 2722 1056 2784 ch'
1074 2721 1108 2784 io
1133 2721 1179 2784 mi
1203 2731 1312 2785 metta
1328 2745 1350 2785 a
1369 2722 1565 2787 manifesto

275 2829 445 2914 pericolo.
492 2829 672 2911 Expedita
696 2832 838 2911 dunque
862 2838 988 2911 questa
1013 2828 1175 2911 praticha
1189 2828 1351 2892 boemica
1367 2830 1439 2893 alla
1455 2832 1565 2911 quale

277 2938 424 2999 attendo
448 2956 515 2999 con
545 2935 631 3017 ogni
659 2936 906 3016 sollicitudine,
932 2937 978 2999 mi
1009 2935 1160 2999 metterd
1191 2935 1226 2997 in
1260 2935 1398 2998 camino
1429 2939 1565 3018 perche

278 3045 413 3107 anchor
436 3042 496 3125 qui
520 3063 590 3106 non
616 3042 644 3105 si
668 3063 716 3125 po
741 3045 968 3125 longamente
992 3052 1066 3106 star
1090 3062 1157 3105 con
1183 3042 1366 3125 dignitate.
1419 3044 1472 3106 La
1506 3064 1566 3107 ve·

278 3160 364 3214 nuta
393 3151 451 3213 del
476 3151 595 3214 Fabro
623 3171 645 3213 a
675 3159 799 3232 queste
833 3150 926 3233 parti
957 3151 975 3213 ὲ
1008 3161 1047 3212 ut
1080 3148 1209 3213 conflet
1241 3158 1410 3231 quantum
1442 3161 1566 3232 potest

279 3257 419 3341 argenti
443 3267 549 3321 etex
573 3257 796 3320 monasteriis
821 3269 856 3319 et
880 3278 926 3320 ex
951 3257 1120 3321 ecclesiis.
1167 3258 1292 3320 Budae
1316 3256 1451 3331 XXVI
1475 3258 1566 3322 Maii

280 3363 482 3429 MDXXV.

426 3525 526 3608 Quae
550 3525 671 3606 Justus
695 3525 820 3588 Budae
844 3534 998 3588 tractare
1022 3525 1153 3587 debeat
1177 3523 1252 3586 sive
1275 3521 1421 3590 referre.

370 3653 410 3714 In
434 3650 557 3733 primis
580 3649 749 3714 salutabit
772 3650 819 3715 R.
841 3670 933 3712 mam
957 3646 1126 3711 familiam
1150 3655 1186 3710 et
1216 3658 1333 3710 certos
1364 3648 1569 3713 nominatos

282 3760 484 3824 familiares.
531 3756 624 3820 Dein
656 3756 789 3820 reseret
817 3757 932 3819 eidem
963 3755 1060 3818 Rmo
1084 3774 1209 3817 causas
1233 3763 1382 3836 propter
1405 3775 1496 3836 quas
1521 3758 1568 3819 ad

282 3869 372 3930 haec
398 3868 476 3928 loca
499 3863 625 3927 fuerim
650 3862 857 3926 destinatus.
904 3863 993 3925 Item
1017 3862 1112 3944 quod
1128 3860 1304 3923 lutherani
1327 3861 1363 3923 in
1388 3861 1568 3945 Inspruck

284 3976 412 4038 multos
435 3971 592 4034 famosos
622 3970 762 4033 libellos
790 3970 872 4032 hinc
900 3969 983 4032 inde
1017 3979 1140 4032 contra
1169 3967 1369 4050 Episcopos
1401 3989 1443 4031 ac
1475 3970 1568 4035 alios

282 4079 463 4144 affixerint
485 4087 633 4161 propter
651 4098 740 4159 quos
763 4076 932 4161 Episcopi
947 4074 1176 4138 Tridentinus
1200 4085 1236 4136 et
1260 4072 1496 4156 Brixinensis,
1521 4097 1567 4139 ne

283 4187 407 4272 peiora
431 4197 663 4267 sequerentur
687 4185 884 4265 incomoda,
909 4205 930 4247 a
953 4181 1114 4265 principe
1139 4179 1387 4244 discesserunt

373 4294 462 4356 Item
486 4293 581 4374 quod
606 4293 749 4374 quando
780 4314 802 4355 a
829 4290 991 4374 principe
1015 4287 1162 4351 discessi
1185 4287 1322 4351 animus
1344 4288 1438 4351 illius
1470 4299 1568 4353 totus

284 4405 400 4466 bonus
425 4409 460 4463 et
484 4398 694 4462 christianus
718 4410 808 4473 erat3
840 4409 957 4462 tamen
986 4396 1046 4479 qui
1069 4393 1311 4458 Ecclesiastici
1338 4394 1566 4460 discesserint

286 4509 377 4572 scire
406 4527 477 4570 non
501 4526 645 4588 possum
670 4506 847 4587 quomodo
872 4505 941 4568 sint
972 4501 1171 4566 incubaturi
1203 4500 1378 4582 nonnulli,
1412 4511 1448 4565 et
1472 4513 1566 4587 post·

286 4635 435 4697 eaquam
459 4634 515 4676 me
540 4613 574 4675 in
599 4611 840 4675 confessorem
865 4613 1026 4694 elegerat
1056 4629 1127 4672 non
1160 4608 1265 4691 pauci
1288 4607 1422 4671 fuerint
1446 4609 1507 4692 qui
1531 4611 1566 4673 in

286 4743 342 4786 me
366 4724 523 4803 culpam,
554 4720 585 4783 si
609 4721 715 4782 modo
740 4720 845 4801 culpa
869 4728 932 4798 est,
956 4717 1151 4797 renerent,
1179 4717 1274 4797 quod
1300 4735 1368 4798 ego
1393 4715 1568 4799 principis

287 4831 454 4893 seductor
477 4847 592 4891 essem
616 4847 661 4890 ne
685 4847 755 4889 non
776 4827 892 4889 abiret
915 4826 951 4888 in
968 4823 1178 4888 seditionem
1195 4824 1419 4886 lutheranam
1435 4832 1567 4887 etcum
