3330 5580
708 450 767 502 0⁴5³
805 454 858 508 176
896 450 955 506 lb*

269 596 356 680 ‘Que
382 600 464 661 dum
495 598 544 660 sic
569 598 696 662 fierent
721 610 756 662 et
780 608 990 681 agerentur,
1027 598 1204 663 Caesarea
1227 590 1342 664 Sacra
1366 602 1481 685 Maje·

190 717 264 769 stas
288 707 404 769 subito
418 707 621 769 Electorum
645 707 798 771 omnium
815 729 856 770 ac
873 706 1032 788 aliorum,
1056 716 1128 770 tam
1152 707 1481 773 ecclesiasticorum

191 835 296 895 quam
311 814 522 876 secularium
540 813 744 896 Principum
769 824 805 877 et
818 813 957 896 imperii
977 814 1150 895 ordinum,
1174 835 1306 898 magno
1326 837 1478 881 numero

190 921 392 1002 astantium,
405 930 597 984 contracto
611 921 800 1001 consili0¹),
813 942 878 1003 per
889 930 1119 985 memoratum
1129 921 1303 1002 Joannem
1315 924 1360 987 de
1371 923 1476 1005 Acie,

188 1026 411 1112 perbenigne
443 1028 614 1110 imprimis
652 1048 731 1092 eum
771 1038 806 1091 et
841 1028 969 1091 leniter
1006 1028 1235 1093 comonefieri
1268 1029 1400 1111 voluit,
1436 1041 1477 1094 ut

190 1136 257 1199 sibi
293 1146 375 1199 ante
412 1138 534 1199 oculos
568 1145 786 1217 preponeret
823 1135 991 1199 unitatem
1034 1145 1180 1200 sanctae
1223 1137 1400 1201 catholice
1438 1147 1477 1202 et

191 1244 422 1325 Apostolicae
452 1242 653 1323 Ecclesiae,
687 1263 907 1306 communem
938 1242 1134 1325 reipublice
1162 1244 1353 1309 christiane
1378 1254 1482 1325 tran·v

190 1351 398 1433 quillitatern
416 1360 451 1413 et
466 1349 631 1431 quietem,
648 1360 684 1413 et
699 1372 744 1413 ne
762 1371 866 1431 quam
881 1350 1072 1432 suspicere,
1089 1351 1253 1414 venerari
1268 1360 1304 1415 et
1320 1353 1473 1415 adorare

189 1460 338 1521 deberet
362 1458 524 1520 scindere
538 1467 699 1539 pararet;
724 1457 883 1540 nolitque
898 1457 1058 1540 opinioni
1074 1478 1137 1521 sue
1151 1458 1293 1522 innixus
1311 1469 1348 1522 et
1361 1458 1473 1522 sacris

189 1566 316 1630 litteris
342 1567 387 1628 ad
416 1586 556 1628 sensum
577 1585 676 1627 suum
694 1564 903 1646 deturbatis,
928 1565 1100 1628 doctrinis
1120 1565 1228 1628 variis
1253 1577 1289 1629 et
1312 1568 1471 1651 peregri·

190 1673 254 1752 nis,
278 1673 502 1755 propriisque
520 1672 834 1735 adinventionibus
852 1672 1085 1754 inambulans,
1111 1673 1311 1736 universam
1328 1674 1471 1756 religio·

190 1801 269 1843 nem
281 1779 515 1843 Christianam
534 1788 708 1860 evertere,
725 1781 848 1842 orbern
864 1779 1043 1843 concitare
1059 1789 1095 1842 et
1111 1778 1231 1843 infima
1247 1780 1392 1844 summis
1413 1781 1469 1845 mi·

189 1909 300 1966 scere,
325 1895 448 1968 totque
473 1886 551 1969 pias
574 1896 712 1950 mentes
737 1896 772 1950 et
796 1886 930 1949 animas
947 1888 1128 1966 seducere,
1154 1887 1470 1971 consideraretque

190 2006 275 2077 quot
290 1994 359 2058 iam
376 1993 684 2057 inextricabilibus
699 1993 771 2057 suis
786 1993 967 2056 erroribus
990 1994 1192 2076 involverit,
1217 2016 1307 2076 quos
1324 1995 1470 2060 difficile

189 2103 259 2165 imo
283 2102 502 2184 impossibile
527 2101 594 2164 sibi
619 2101 664 2164 sit
688 2122 823 2163 rursum
859 2101 1058 2183 explicare,
1092 2111 1178 2184 quot
1201 2111 1368 2185 preterea
1391 2123 1471 2167 cum

189 2210 389 2273 indubitato
414 2208 529 2273 anime
553 2230 616 2272 sue
640 2208 800 2291 periculo
818 2218 854 2270 et
866 2208 1054 2291 dispendio
1068 2208 1258 2272 miseriam
1274 2208 1470 2290 seduxerit,

189 2327 224 2379 et
248 2319 293 2380 ad
318 2317 458 2381 inferna
481 2315 697 2397 premiserit;
730 2315 886 2396 velitque
910 2325 1105 2398 propterea
1129 2315 1338 2398 resipiscere
1364 2318 1470 2380 etad

189 2446 251 2486 cor
275 2424 406 2504 redire,
441 2444 582 2487 errores
615 2442 699 2486 suos
728 2442 925 2504 agnoscere
950 2432 985 2485 et
1008 2442 1190 2486 revocare.
1238 2423 1341 2504 Quod
1367 2423 1396 2485 si
1421 2423 1471 2487 fa·

188 2541 287 2594 ceret
310 2531 533 2613 promitteret
556 2521 727 2613 Majestas
743 2552 806 2593 sua
826 2529 893 2592 sibi
911 2528 1015 2593 venie
1032 2540 1067 2591 et
1084 2529 1199 2611 gratie
1223 2550 1334 2612 spem,
1359 2551 1470 2612 seque

188 2639 267 2701 illas
291 2640 386 2720 apud
411 2637 679 2701 Sanctissimum
707 2659 772 2721 pro
797 2659 840 2700 eo
873 2636 978 2699 facile
1011 2638 1254 2709 obtenturum;
1286 2637 1314 2699 si
1345 2647 1472 2700 contra

189 2746 368 2809 erroribus
392 2745 464 2807 suis
488 2745 723 2827 pervicaciter
747 2745 955 2807 inseverans
978 2753 1165 2825 paternam
1182 2744 1471 2809 adhortationem

187 2853 376 2916 admittere
401 2873 471 2914 non
495 2852 684 2933 curaverit,
708 2862 780 2915 tum
805 2852 1028 2934 Majestatem
1052 2836 1150 2913 suam
1176 2850 1376 2932 predixisse
1401 2852 1471 2915 sibi

188 2963 280 3023 velle
289 3009 298 3039 ,
331 2981 397 3042 pro
431 2981 474 3022 ea
497 2958 588 3039 fide,
613 2980 683 3040 qua
714 2967 836 3022 sancte
869 2958 996 3021 Matris
1024 2957 1206 3022 Ecclesiae
1236 2969 1271 3022 et
1302 2958 1471 3041 religioni

188 3067 387 3130 Christiane
411 3067 576 3129 astrictus
600 3075 694 3129 esset
718 3075 754 3128 et
777 3075 968 3144 teneretur,
994 3086 1031 3128 se
1057 3065 1132 3128 eius
1157 3075 1193 3128 et
1217 3074 1338 3129 sancte
1362 3062 1471 3130 Sedis

188 3173 421 3258 Apostolicae
437 3174 661 3256 Majestatem
676 3193 742 3254 pro
766 3172 901 3235 iuribus
925 3172 1165 3235 defensurum.
1211 3172 1256 3235 Et
1280 3193 1348 3254 que
1373 3184 1470 3256 post·

188 3282 329 3345 modurn
354 3303 433 3344 eum
458 3301 551 3362 pene
573 3290 608 3343 et
630 3281 733 3359 mala,
758 3289 793 3342 et
818 3279 896 3361 quis
918 3300 996 3342 eum
1022 3279 1139 3343 exitus
1163 3291 1323 3342 maneret
1346 3289 1468 3347 mente

187 3391 400 3452 revolveret.

278 3523 456 3604 Quantum
479 3543 566 3585 vero
591 3523 636 3584 ad
661 3521 953 3584 deliberationem
978 3542 1086 3605 super
1116 3523 1228 3584 altera
1255 3520 1469 3605 interrogati

188 3640 290 3715 parte
319 3634 365 3693 ab
391 3651 434 3692 eo
467 3629 633 3712 petitam,
666 3629 827 3711 quamvis
861 3628 957 3692 illam
990 3638 1115 3711 petere
1147 3628 1286 3692 minime
1318 3629 1469 3712 licuerit,

188 3747 249 3800 aut
273 3739 398 3800 saltem
423 3736 585 3800 obtinere
610 3757 680 3799 non
706 3744 912 3817 mereretur,
936 3744 1071 3798 attenta
1095 3736 1161 3817 rei,
1187 3737 1232 3799 de
1256 3756 1325 3817 qua
1349 3735 1471 3817 agitur

188 3855 314 3907 natura
340 3855 375 3907 et
399 3843 620 3924 conditione,
643 3854 716 3905 tum
743 3842 848 3906 etiam
880 3862 985 3925 quum
1008 3844 1175 3906 mandato
1199 3842 1361 3906 citatorio
1386 3864 1469 3907 con·

187 3961 242 4014 tra
278 3972 356 4014 eum
392 3951 519 4013 emisso
556 3949 722 4032 specifice
753 3960 789 4012 et
822 3949 1027 4013 nominatim
1058 3951 1228 4013 librorum
1259 3971 1400 4013 suorum
1433 3963 1471 4015 et

188 4064 434 4121 contentorum
459 4058 494 4119 in
520 4057 665 4138 eisdem,
688 4057 881 4138 revocatio,
905 4077 970 4139 per
994 4077 1072 4119 eum
1090 4056 1255 4119 facienda
1279 4057 1394 4120 eidem
1418 4057 1470 4121 in·

188 4165 327 4228 sinuata
351 4164 396 4228 sit
420 4174 456 4227 et
480 4185 670 4247 expressa,
701 4165 792 4226 adeo
818 4163 1006 4245 quodiam
1031 4164 1162 4226 dudum
1186 4164 1398 4246 presciverit
1421 4167 1470 4230 ad

188 4252 284 4354 quod
312 4283 460 4335 vocatus
494 4283 529 4336 et
560 4273 655 4355 quod
679 4271 746 4334 sibi
771 4272 950 4353 agendum
974 4281 1068 4334 esset
1093 4281 1127 4333 et
1151 4292 1226 4334 rem
1242 4282 1314 4335 tam
1330 4271 1471 4354 pericu·

188 4383 300 4443 losam
325 4388 360 4442 et
384 4400 481 4443 more
506 4379 753 4462 impacientem
783 4378 818 4440 in
852 4379 1055 4441 ulteriorem
1086 4379 1292 4442 dilationem
1325 4382 1471 4445 trahere

189 4507 259 4549 non
284 4485 484 4567 expediret,
508 4496 544 4549 et
567 4495 759 4569 propterea
784 4486 909 4548 merito
934 4485 969 4548 in
994 4488 1061 4548 hoc
1095 4485 1314 4550 deliberatus
1344 4486 1471 4552 venire

190 4665 398 4675 ἦ...

219 4772 237 4842 ¹)
257 4775 311 4822 Hic
331 4775 485 4831 adnotatum
507 4775 593 4838 „Quid
614 4791 629 4824 a
649 4781 742 4825 coacto
762 4781 823 4827 tunc
843 4774 955 4827 consilio
975 4774 1074 4826 dictum
1094 4774 1180 4834 suerit,
1200 4774 1314 4826 nesci0.“
