3344 5564
784 428 1030 487 ⁰·<3538ffl

271 577 394 640 simum
419 597 524 658 quam
550 587 585 638 et
608 576 786 638 servulum
811 575 1129 657 vigilantissimum.
1176 575 1230 637 Ex
1244 573 1411 655 'l'ubinga
1429 573 1549 655 quinto

270 684 349 747 idus
374 682 473 766 Sept.
498 703 592 745 anno
617 703 637 744 a
662 683 729 745 Ch⁰
765 692 848 745 nato
872 681 1073 746 MDXXV.

404 791 443 854 E.
470 788 506 855 S.
531 789 575 852 V.

1260 896 1436 946 numillimus

1167 986 1287 1049 Ιυιιιοι
1305 983 1390 1046 ratri
1408 982 1520 1045 torm.

807 1185 1001 1197 ΡιἌΜΛΑΝνΑΛΜΑ·
1004 1185 1010 1192 ’

878 1419 953 1484 255.

686 1553 818 1635 Eeklus
845 1552 1018 1633 Clementi
1045 1553 1123 1634 vn

581 1709 692 1782 (Pontii
712 1710 766 1769 eto.
784 1709 865 1768 aaut
883 1710 937 1768 eto.
956 1706 1160 1782 sputantem.
1179 1707 1247 1778 Μ.)

780 1835 834 1906 (17·
855 1839 928 1902 Sept·
952 1837 1039 1901 1525l

361 1989 572 2052 Beatissimo
597 1990 694 2052 Patri
719 2011 759 2052 ac
784 1989 949 2069 Domino,
966 1989 1121 2050 Domino
1139 1986 1312 2050 Clementi
1327 1986 1406 2049 VII.
1432 1985 1553 2048 divina

271 2096 496 2179 providentia
521 2095 557 2159 S.
582 2098 781 2176 Romanae,
806 2117 847 2158 ac
872 2095 1084 2159 universalis
1108 2093 1290 2157 Ecclesiae
1308 2092 1487 2172 Pontifici,
1511 2113 1553 2155 ac

271 2203 468 2266 Salvatoris
492 2204 603 2266 nostri
629 2203 772 2266 Vicario
798 2203 931 2285 optimo
955 2203 1124 2265 Maximo.

359 2311 447 2372 Post
470 2312 591 2372 oscula
615 2311 745 2392 pedum
769 2312 964 2372 beatorum.
1016 2308 1204 2371 Profectus
1226 2328 1311 2387 sum,
1341 2306 1554 2370 Beatissime

271 2417 389 2496 Pater,
413 2417 526 2479 tribus
541 2417 784 2499 superioribus
806 2416 983 2480 mensibus
1006 2436 1072 2497 per
1085 2416 1205 2478 Rheni
1228 2425 1381 2478 tractum
1404 2416 1453 2476 ad
1470 2414 1553 2476 Bra·

271 2524 438 2604 bantiam,
463 2534 498 2586 et
522 2524 736 2603 Flandriam,
761 2534 796 2586 et
820 2525 865 2586 ad
889 2524 1002 2605 ipsam
1027 2543 1166 2604 quoque
1185 2522 1362 2604 Angliam,
1387 2540 1554 2584 reversus

271 2650 336 2712 per
360 2631 550 2710 Leodium,
580 2641 616 2693 et
645 2630 849 2708 Treverim,
882 2632 948 2693 hac
972 2631 1093 2712 utique
1117 2630 1272 2709 ratione,
1304 2638 1342 2692 ut
1367 2629 1554 2710 experirer

271 2758 362 2800 anne
387 2749 422 2799 et
445 2737 481 2799 in
506 2737 583 2799 aliis
607 2737 801 2819 provinciis
826 2737 928 2799 simili
953 2736 1044 2799 furia
1076 2737 1271 2800 insanirent
1294 2735 1475 2816 homines,
1511 2734 1553 2797 si·

271 2856 329 2906 cut
352 2844 458 2906 vicini
483 2844 611 2907 nostri:
644 2856 679 2907 et
711 2854 747 2907 ut
772 2844 971 2908 conferrem
994 2843 1078 2906 fidei
1101 2845 1289 2925 negocium
1313 2862 1392 2905 cum
1417 2842 1553 2924 optimo

271 2971 423 3032 quoque,
448 2950 618 3032 precipue
643 2961 758 3013 autern
783 2970 861 3013 curn
896 2950 1219 3014 Reverendissimis
1253 2963 1289 3013 et
1322 2950 1401 3012 Deo
1436 2969 1553 3011 aman·

270 3057 412 3120 tissimis
440 3057 626 3139 Episcopis
650 3058 863 3120 Treverensi
887 3067 922 3120 et
954 3058 1139 3138 Roffensi,
1172 3077 1213 3120 ac
1245 3076 1322 3119 cum
1356 3056 1553 3138 Theologis

273 3164 492 3245 generalium
509 3164 704 3227 studiorum
718 3164 950 3246 Coloniensis,
964 3164 1208 3243 Lovaniensis,
1222 3162 1554 3245 Heidelbergensis,

271 3282 306 3334 et
315 3271 526 3353 Moguntini,
540 3291 629 3353 quos
642 3272 760 3352 reperi
769 3274 925 3334 zelantes
934 3292 999 3355 pro
1011 3272 1227 3354 synceritate
1240 3270 1323 3334 fidei
1333 3269 1553 3350 Catholicae,

270 3398 312 3441 ac
327 3380 462 3441 honore
479 3375 583 3441 Sedis
601 3378 818 3460 Apostlicae.
855 3377 1035 3441 Intellexit
1049 3380 1174 3460 procul
1202 3377 1310 3441 dubio
1327 3376 1363 3442 S.
1377 3377 1415 3441 T.
1435 3378 1553 3440 denuo

272 3485 391 3547 divum
417 3485 605 3548 Caesarem
630 3505 846 3549 convocasse
871 3486 1055 3568 Principes
1088 3485 1230 3567 Imperii
1262 3485 1308 3546 ad
1339 3484 1553 3567 Augustam,

271 3592 318 3653 ad
343 3592 435 3654 diem
461 3590 506 3654 Se
538 3592 693 3672 Martini,
718 3594 778 3655 ubi
803 3613 949 3656 necesse
975 3603 1038 3671 est,
1063 3603 1099 3654 et
1123 3590 1160 3654 S.
1185 3591 1223 3655 T.
1249 3590 1402 3673 aliquem
1426 3611 1472 3654 eo
1497 3593 1553 3654 de·

271 3699 413 3761 stinare.
447 3699 587 3762 Vereor
611 3698 703 3761 enim
720 3701 964 3778 vehementer,
993 3719 1038 3762 ne
1062 3698 1240 3781 principes
1264 3700 1470 3761 saeculares
1494 3700 1553 3761 ab·

271 3816 371 3868 sente
404 3805 557 3868 Caesare
581 3805 714 3886 aliquid
738 3814 894 3869 statuant
918 3806 953 3868 in
977 3805 1115 3868 ruinam
1142 3803 1383 3867 Ecclesiastici
1407 3804 1553 3868 ordinis.

272 3912 394 3994 Auget
417 3914 509 3974 hunc
535 3922 664 3974 metum
696 3913 924 3976 conniventia
949 3911 1165 3975 Ferdinandi
1190 3909 1403 3973 Archiducis
1416 3958 1426 3990 ,
1458 3911 1554 3974 circa

270 4016 1551 4100 Saltzburgensem,etBrixinensemEpiscopos,tolerantiaitemMarchi·

272 4124 349 4185 onis
358 4123 515 4203 Casmiri,
526 4144 595 4186 non
610 4126 714 4189 modo
730 4145 836 4206 super
849 4126 1091 4206 impietatibus
1106 4124 1310 4202 lutheranis,
1324 4125 1388 4187 sed
1401 4134 1439 4188 et
1451 4146 1552 4207 prae·

270 4233 372 4310 latos,
397 4250 439 4293 ac
463 4232 655 4293 monachos
680 4241 863 4312 apostatas
887 4231 997 4313 fovet,
1014 4232 1187 4294 acnutrit.
1226 4231 1333 4294 Addo
1350 4232 1552 4296 Palatinum

270 4337 469 4400 Electorem
495 4338 697 4399 describere
721 4340 814 4418 apud
832 4359 953 4400 omnes
970 4338 1204 4401 dominiorum
1224 4359 1365 4402 suorum
1390 4340 1553 4403 subditos

271 4464 408 4522 census,
433 4456 468 4505 et
493 4444 651 4506 redditus
675 4444 1012 4517 ecclesiasticorum;
1045 4457 1080 4508 et
1113 4466 1278 4527 quorsum
1309 4448 1401 4509 hoc?
1433 4447 1552 4528 potius

271 4562 378 4628 certe,
402 4562 441 4613 ut
465 4561 634 4613 extenuet
658 4571 763 4632 quam
787 4563 933 4637 augeat,
963 4563 998 4614 et
1022 4553 1140 4615 odium
1164 4553 1334 4618 laicorum
1358 4554 1393 4615 in
1418 4556 1550 4617 clerum

270 4657 450 4720 ardentius
474 4657 675 4720 incalescat.
714 4658 866 4720 Accedit
882 4658 963 4721 huic
979 4661 1072 4721 malo
1089 4661 1275 4723 multorum
1292 4660 1550 4743 Episcoporum

270 4764 453 4845 segnities,
485 4775 520 4826 et
552 4764 732 4846 tepiditas.
785 4765 886 4826 Unus
919 4765 1220 4849 Archiepiscopus
1244 4767 1437 4832 Treveren.
1471 4771 1548 4831 hac·
