3330 5580
705 417 953 474 (Ηῗ3504ὓ-ὑ

276 558 494 621 Decreverat
519 560 591 642 liga
616 561 685 622 alia
707 562 841 644 oppida
858 582 983 623 versus
1000 561 1234 626 Franconiam
1250 584 1481 645 percurrere,

187 679 221 729 et
247 667 500 748 Herbipolensi
524 670 596 729 arci
622 672 791 732 obsessae
826 670 1034 748 subvenire,
1068 681 1104 731 at
1136 670 1321 733 Palatinus
1356 671 1480 733 nunci-

187 775 260 837 avit
284 785 322 836 ut
346 775 413 836 sibi
438 786 641 837 occurreret
664 778 709 837 ad
735 778 934 839 Brusellam
969 776 1029 839 ubi
1054 776 1251 840 coniunctis
1284 777 1403 860 copiis
1432 779 1482 839 ad

186 881 410 961 Herbipolim
435 884 680 960 convolarent,
706 884 755 944 sic
781 884 964 945 consuluit.
981 883 1172 965 episcopus
1195 883 1482 965 Herbipolensis

187 989 245 1069 qui
283 988 426 1070 fugerat
466 990 512 1050 ad
550 990 759 1053 Palatinum.
822 991 947 1072 Itaque
987 989 1120 1052 XXIII
1163 990 1249 1053 Maii
1288 991 1481 1055 Palatinus

188 1116 353 1176 egressus
380 1108 414 1156 et
440 1096 629 1177 episcopus
653 1098 886 1160 Treverensis
918 1118 997 1160 cum
1029 1110 1159 1178 nepote
1189 1096 1348 1160 Otthone
1383 1098 1479 1161 Hen-

186 1202 259 1264 rico
286 1213 321 1264 et
346 1202 525 1284 Episcopo
551 1202 803 1285 Herbipolensi
828 1225 906 1267 cum
931 1204 1025 1268 mille
1050 1203 1227 1286 equitibus
1252 1216 1287 1267 et
1311 1226 1402 1268 2000
1417 1226 1479 1288 pe-

187 1309 318 1371 ditibus
343 1329 458 1391 pagos
482 1321 517 1371 et
542 1311 675 1391 oppida
701 1312 836 1393 recepit
861 1313 895 1374 in
921 1312 1085 1390 Pruram,
1119 1312 1349 1395 Rotemburg
1383 1313 1481 1375 Mals

186 1416 368 1497 (incendit)
385 1416 532 1478 Kiszlau
557 1430 591 1479 et
616 1438 655 1496 ²9
681 1419 866 1481 decollatis
892 1439 954 1481 eos
979 1418 1094 1496 4omil.
1110 1417 1254 1482 florenis
1269 1420 1479 1489 mulctavit:

186 1521 297 1583 XXV
326 1522 410 1584 Maii
445 1523 583 1604 accepit
607 1524 804 1588 Brusellam
843 1525 877 1587 in
910 1525 1061 1606 gratiam
1099 1535 1134 1589 et
1169 1545 1340 1607 paenam,
1378 1527 1480 1589 unde

186 1651 268 1691 mox
294 1629 362 1691 XL
388 1632 483 1712 cepit
508 1640 543 1692 et
567 1652 695 1694 novem
720 1632 890 1695 decollari
914 1632 1010 1695 fecit.
1067 1632 1236 1695 XXVIII
1260 1633 1347 1695 Maii
1380 1654 1480 1696 rece·

186 1736 239 1816 pit
263 1737 432 1817 oppidum
457 1736 690 1799 Neckersulm
724 1739 770 1800 ad
804 1739 956 1820 gratiam
990 1749 1025 1802 et
1061 1739 1251 1819 iusticiam,
1283 1741 1481 1821 imperavit

187 1843 237 1904 eis
261 1863 344 1904 mox
369 1854 406 1904 ut
431 1853 545 1905 turres
573 1845 697 1925 oppidi
731 1845 912 1908 diruerent
946 1856 982 1908 et
1012 1845 1136 1908 LXVI
1168 1847 1370 1909 nominatos
1397 1868 1477 1929 pre·

189 1962 371 2012 sentarent
403 1971 447 2012 ex
485 1950 612 2031 quibus
646 1952 703 2013 XI
738 1973 822 2014 mox
859 1953 893 2015 in
928 1952 1062 2035 oppido
1087 1952 1288 2030 decollavit,
1324 1973 1480 2033 quorum

188 2058 257 2118 duo
282 2057 425 2119 fuerunt
449 2060 654 2120 sacerdotes
679 2060 865 2139 lutherani,
890 2080 980 2121 unus
1005 2061 1198 2122 monachus
1222 2069 1401 2140 apostata.

275 2164 313 2225 In
340 2162 410 2225 fine
436 2165 570 2245 Aprilis
594 2168 814 2228 rebellarunt
837 2165 1000 2229 monachi
1031 2165 1250 2229 Marchionis
1282 2167 1478 2246 BadensiS,

187 2272 246 2352 qui
271 2272 393 2333 habito
418 2292 497 2333 cum
523 2272 573 2334 eis
598 2273 775 2354 colloquio
810 2294 872 2336 eos
897 2273 1055 2352 sedavit,
1089 2274 1144 2335 his
1179 2272 1293 2355 pactis
1323 2282 1362 2334 ut
1394 2294 1478 2355 per·

189 2378 304 2440 mittat
329 2379 563 2460 Evangelium
587 2378 698 2441 libere
729 2390 764 2441 et
798 2401 885 2461 pure
915 2380 1137 2461 praedicari,
1166 2381 1261 2461 quod
1289 2380 1479 2461 permittat

187 2485 291 2547 Clero
316 2506 459 2564 uxoreS,
485 2488 579 2566 quod
605 2488 722 2549 omnia
746 2487 961 2550 monasteria
985 2488 1141 2569 patiatur
1165 2487 1256 2549 dirui
1280 2496 1351 2550 tam
1386 2508 1475 2569 opu·

187 2596 282 2654 lenta
299 2613 404 2674 quam
421 2593 697 2655 mendicantium
715 2614 792 2656 cum
817 2595 896 2656 aliis
920 2594 1038 2657 multis
1062 2593 1312 2657 observantiae
1337 2595 1476 2657 christi-

187 2721 277 2762 anae
302 2700 478 2770 adversis;
513 2721 604 2780 quae
638 2701 798 2763 Marchio
831 2701 891 2764 ille
921 2702 1039 2764 omnia
1070 2701 1197 2763 dicitur
1230 2701 1415 2772 annuisse;
1445 2702 1479 2764 is

187 2809 266 2869 loco
296 2807 512 2868 Ferdinandi
544 2809 611 2868 hoc
641 2828 735 2869 anno
769 2807 835 2869 fuit
868 2809 984 2871 locum
1015 2818 1141 2870 tenens
1173 2808 1404 2889 Imperatoris
1437 2809 1475 2871 in

187 2914 373 2996 regimine:
400 2915 504 2995 quale
529 2925 636 2996 caput
660 2916 732 2976 tale
756 2919 993 2978 membrorum
1017 2915 1188 2997 regimen.

276 3021 424 3083 Decima
449 3022 593 3103 Aprilis.
642 3022 813 3084 Albertus
838 3022 998 3085 Marchio
1031 3023 1366 3103 Brandeburgensis
1398 3024 1476 3086 Ma·

189 3130 301 3211 gister
325 3128 472 3190 militum
497 3128 532 3191 S.
558 3129 694 3191 Mariae
724 3129 757 3191 in
785 3130 929 3192 Prussia
958 3129 1279 3192 Lutheranissimus
1309 3130 1477 3193 ordinem

187 3236 344 3317 deponit,
369 3235 571 3315 homagium
596 3245 755 3316 praestat
786 3236 883 3318 Regi
908 3237 1090 3316 Poloniae,
1119 3236 1153 3298 in
1180 3237 1315 3298 Ducem
1349 3239 1396 3299 ab
1430 3259 1476 3300 eo

188 3353 327 3405 creatur
342 3341 607 3423 Montisregalis
632 3352 667 3404 et
689 3343 807 3404 omnia
831 3364 922 3425 quae
947 3344 1035 3404 ordo
1061 3343 1096 3404 in
1121 3342 1264 3404 Prussia
1288 3343 1414 3406 habuit
1438 3345 1476 3408 in

187 3449 332 3511 seudum
365 3449 504 3529 accepit
540 3470 561 3510 a
592 3449 700 3530 Rege
736 3449 811 3512 iure
843 3449 1083 3512 haereditario
1119 3471 1185 3532 pro
1217 3469 1255 3510 se
1291 3458 1326 3510 et
1358 3451 1477 3513 tribus

187 3555 373 3628 fratribus;
399 3556 488 3617 sicut
512 3556 702 3635 joannitae
720 3556 899 3631 Rhodum,
926 3556 974 3617 sic
992 3556 1144 3618 Mariani
1159 3556 1338 3619 Prussiam
1354 3561 1476 3638 (quam

189 3662 294 3724 armis
335 3672 370 3723 et
411 3663 584 3744 sanguine
621 3663 816 3743 quaesitam
851 3662 1119 3726 CCLXXXXI
1144 3684 1199 3727 an.
1232 3663 1478 3744 obtinuerunt)

189 3769 389 3832 amiserunt.
432 3769 595 3850 Augetur
626 3769 783 3831 haeresis
818 3791 882 3850 per
907 3779 1016 3831 totam
1043 3769 1221 3831 Prussiam
1246 3777 1282 3831 et
1306 3770 1477 3833 catholici

189 3897 230 3938 ac
254 3875 433 3956 Religiosi
458 3878 648 3957 pelluntur.

279 3983 317 4044 ln
344 3982 482 4044 Alsatia
507 3982 681 4064 superiori
707 3995 742 4045 et
766 3982 941 4063 inferiori,
973 3982 1104 4063 ubique
1134 3983 1310 4044 rebellant
1339 3985 1475 4064 rustici,

190 4089 323 4170 oppida
346 4089 501 4170 capiunt,
527 4091 739 4152 monasteria
765 4101 799 4150 et
823 4110 925 4151 arces
941 4089 1094 4168 diruunt,
1116 4109 1241 4170 parurn
1258 4089 1373 4151 abfuit
1391 4092 1475 4172 quin

190 4196 426 4277 Argentinam
451 4195 653 4278 proditione
678 4197 876 4278 aliquorum
901 4195 1026 4257 civium
1053 4205 1299 4277 occupassent,
1314 4197 1376 4257 sed
1394 4217 1475 4279 pro-

190 4304 323 4365 ditione
348 4303 502 4384 cognita,
527 4303 739 4384 supplicium
763 4314 941 4384 sumptum
966 4314 1019 4365 est
1040 4304 1085 4364 de
1108 4301 1360 4383 proditoribus.
1399 4304 1475 4367 Iam

188 4411 256 4471 iam
283 4411 432 4471 decursa
456 4409 577 4471 Rheni
607 4410 685 4491 ripa
709 4410 901 4472 dominium
926 4409 1097 4491 Episcopi
1122 4409 1294 4471 invadunt
1326 4419 1361 4472 et
1385 4411 1475 4473 obti-

190 4527 293 4596 nent,
330 4515 561 4579 minitabundi
592 4538 629 4579 se
654 4528 793 4579 vastum
823 4537 972 4597 regnum
1005 4527 1040 4578 et
1070 4515 1339 4598 Lotharingiam
1373 4538 1476 4580 occu·

191 4635 346 4705 paturos.
394 4624 571 4686 Antonius
595 4644 682 4686 vero
708 4625 790 4686 Dux
816 4624 1070 4704 Lotharingius
1086 4625 1130 4686 de
1148 4645 1269 4687 eorum
1284 4624 1476 4689 insolentia
1539 4694 1541 4699 ,

191 4740 226 4792 et
250 4731 433 4812 proposito
458 4731 588 4793 certior
616 4733 745 4812 l‘actuS,
780 4732 1030 4794 adiuvantibus
1062 4731 1248 4793 comitibus
1273 4740 1308 4792 et
1332 4733 1473 4795 baroni-
