3330 5580
704 462 761 516 Η]
803 463 854 516 144
892 461 948 514 *Ere

187 603 246 664 del
271 604 336 668 che
361 605 492 666 Nostro
518 606 687 687 Signore,
723 619 757 670 et
781 608 914 671 Vostra
948 609 1117 690 Signoria
1152 607 1472 671 Reverendissima

187 731 242 772 me
266 711 465 792 perdonino
491 723 525 774 et
550 714 668 778 facino
693 716 729 778 in
753 718 788 778 lo
813 715 963 778 exaudit
987 725 1118 796 quanto
1143 738 1164 777 a
1188 738 1226 778 se
1251 715 1373 797 piace:
1400 735 1474 798 ego

188 839 273 880 vero
298 818 332 880 in
358 821 425 882 hoc
451 842 521 883 non
546 842 656 903 quero
682 843 771 905 quae
797 843 875 885 mea
899 833 990 886 sunt.
1015 823 1078 884 sed
1104 843 1194 905 quae
1220 822 1369 895 Christe
1396 822 1472 885 cosi

188 926 236 987 lui
261 928 337 989 solo
362 948 417 989 me
442 949 486 990 ne
511 928 553 992 sii
577 929 789 993 testimonio.

276 1033 591 1099 Reverendissime
603 1034 764 1116 Domlne,
776 1037 794 1099 ὲ
807 1036 1008 1100 necessario
1020 1037 1085 1098 che
1096 1036 1154 1098 noi
1165 1036 1197 1097 ci
1209 1036 1472 1102 adiutamocon

190 1141 270 1202 tutti
296 1141 320 1203 li
344 1143 485 1204 honesti
513 1153 548 1206 et
570 1143 718 1256 posibil'p
737 1144 832 1207 modi
857 1144 955 1206 accio
979 1165 1045 1225 per
1067 1143 1126 1205 noi
1152 1164 1222 1207 non
1248 1143 1390 1206 manchi
1415 1143 1473 1206 far

190 1249 222 1309 el
248 1248 369 1311 debito
404 1259 528 1313 contra
559 1251 583 1313 li
614 1250 743 1314 inimici
778 1252 873 1313 della
898 1250 1038 1313 Chiesia
1070 1260 1106 1312 et
1135 1270 1224 1332 pace
1256 1249 1500 1331 Christiana‚'

188 1355 276 1436 pero
308 1357 470 1437 supplico
501 1359 567 1420 che
590 1359 723 1421 Vostra
748 1356 915 1441 Signoria
940 1357 1256 1420 Reverendissima
1285 1358 1474 1421 interceda

189 1463 254 1523 che
285 1461 416 1525 Nostro
449 1462 603 1546 Signore
636 1465 785 1528 concedi
818 1465 1068 1529 l’inlrascritte
1104 1465 1218 1546 gratie
1253 1487 1273 1527 a
1304 1484 1471 1547 persone,

190 1570 254 1631 che
279 1569 311 1631 ci
335 1569 479 1650 possino
504 1570 630 1652 giovar
655 1581 690 1635 et
714 1593 855 1635 nocere.

278 1676 398 1739 Primo
413 1679 444 1739 el
463 1679 745 1759 protonotariato
755 1700 820 1761 per
828 1682 960 1744 bullam
969 1682 1003 1742 al
1012 1680 1343 1743 summulariodella
1352 1681 1473 1760 capal-

190 1785 223 1844 la
241 1783 394 1846 Cesarea
411 1785 601 1849 substituto
618 1787 676 1849 del
693 1787 886 1868 confessor,
905 1789 938 1851 el
953 1790 1036 1869 qual
1060 1797 1157 1850 certo
1183 1808 1220 1849 se
1244 1789 1291 1849 ha
1314 1796 1473 1868 portato,

190 1900 225 1952 et
249 1899 393 1972 portase
418 1912 483 1972 per
507 1893 566 1956 noi
590 1892 858 1976 egregiamente
884 1895 972 1957 etsi
1006 1893 1083 1956 fara
1112 1915 1196 1957 cosa
1220 1893 1426 1976 gratissima
1451 1917 1474 1957 a

189 1999 288 2061 detto
313 1999 506 2063 confessor.

280 2106 317 2168 Ι]
331 2107 422 2169 altra
446 2108 563 2190 gratia
592 2109 609 2172 ὲ
635 2130 699 2191 per
723 2109 747 2171 il
771 2108 844 2172 filio
870 2110 904 2170 di
929 2130 999 2171 uno
1023 2109 1179 2191 portiere
1205 2109 1241 2170 di
1265 2107 1418 2185 Cesare,
1448 2108 1472 2171 il

100 2225 102 2229 ’
192 2216 274 2294 qual
299 2234 439 2296 sempre
456 2215 474 2278 ὲ
491 2224 583 2278 stato
599 2216 804 2278 Lutherano
830 2226 864 2278 et
889 2213 1025 2278 nemieo
1051 2216 1085 2277 di
1103 2216 1230 2295 Roma,
1256 2236 1312 2276 ma
1335 2215 1474 2296 perche

189 2323 235 2383 ha
264 2342 437 2403 speranza
462 2324 555 2385 delle
585 2343 693 2405 prece
725 2323 916 2404 imperiali,
948 2336 984 2384 et
1014 2325 1046 2386 el
1078 2321 1151 2384 filio
1185 2343 1255 2384 non
1289 2322 1306 2383 c
1339 2322 1376 2383 in
1412 2322 1474 2385 eta

191 2428 380 2491 sufficienti
406 2430 450 2490 ad
471 2442 603 2509 curata,
629 2431 804 2493 demanda
829 2430 1008 2510 dispensa,
1032 2432 1066 2492 la
1091 2431 1172 2511 qual
1189 2430 1296 2491 credo
1321 2429 1350 2490 si
1366 2428 1473 2509 putri

191 2537 261 2616 far,
286 2540 356 2599 ben
381 2557 446 2618 per
470 2539 597 2611 breve;
623 2538 749 2618 dopoi,
773 2540 839 2599 che
864 2538 895 2599 ei
921 2537 1096 2598 demando
1121 2538 1170 2599 tal
1194 2535 1352 2618 gratiae
1378 2543 1474 2597 tutto

191 2643 352 2723 mitigato
387 2654 422 2705 et
460 2645 492 2706 ci
523 2644 559 2705 fa
591 2644 688 2707 molti
720 2644 917 2726 appiaceri;
956 2647 1116 2724 besogna
1150 2642 1373 2706 confirmarlo
1406 2664 1476 2724 per

192 2761 319 2832 questa
344 2750 509 2829 gratuita.

284 2859 330 2919 la
356 2867 451 2919 terza
477 2858 495 2921 e
521 2879 585 2941 per
610 2860 642 2921 el
667 2860 798 2921 Dottor
822 2859 1020 2922 Broehardi
1042 2860 1107 2921 che
1131 2858 1277 2940 predico
1302 2879 1323 2920 a
1348 2868 1475 2920 nostra

190 2965 359 3028 instantia
382 2965 417 3026 in
443 2965 629 3045 Moguntia
654 2977 778 3029 contra
803 2967 936 3028 luther
968 2988 1034 3028 con
1066 2987 1155 3047 gran
1190 2965 1349 3047 periculo
1376 2966 1475 3028 della

193 3073 280 3151 vita,
316 3073 458 3153 quando
482 3073 671 3136 facessimo
696 3076 731 3136 la
748 3074 975 3146 executione;
1002 3075 1164 3136 Dondee
1190 3081 1282 3135 stato
1308 3092 1474 3135 necessa-

191 3180 243 3242 rio
269 3201 289 3241 a
314 3178 472 3262 partirsi,
506 3192 541 3241 et
573 3181 591 3243 ἐ
628 3181 687 3262 qui
719 3181 754 3244 in
780 3181 964 3260 WormeS,
998 3190 1033 3242 et
1056 3180 1092 3241 fa
1118 3183 1236 3241 buono
1261 3179 1398 3256 officie,
1436 3192 1475 3243 et

192 3288 322 3368 perche
348 3307 418 3348 non
442 3289 488 3348 ha
513 3308 685 3368 speranza
710 3308 842 3350 senon
869 3288 903 3349 di
929 3308 1111 3350 recorrere
1135 3287 1169 3348 in
1191 3308 1236 3349 un
1254 3286 1474 3350 monasterio

193 3393 273 3456 dell’
299 3396 405 3456 abate
429 3394 607 3457 Fuldense
632 3405 667 3457 et
695 3396 805 3457 haver
830 3396 980 3475 qualche
1004 3393 1196 3472 benefici0,
1236 3394 1412 3454 demanda
1438 3396 1475 3455 la

193 3502 361 3582 dispensa
385 3503 541 3563 secundo
566 3503 601 3563 la
625 3502 896 3583 supplicatione,
922 3504 986 3564 che
1011 3502 1045 3564 io
1071 3502 1217 3572 mando;
1243 3500 1406 3581 supplico
1432 3522 1475 3565 se

193 3610 216 3671 li
241 3607 355 3670 faccia
379 3610 461 3688 quel
486 3610 551 3670 che
576 3609 605 3670 si
629 3620 725 3690 pote,
750 3611 795 3671 de
812 3630 920 3689 more,
945 3610 1142 3671 advisando
1167 3610 1232 3670 che
1253 3606 1300 3670 lui
1326 3607 1475 3671 dmolto

193 3715 351 3778 cacciato
377 3717 423 3777 da
447 3715 640 3777 Lutherani
665 3737 729 3796 per
760 3715 922 3778 retirarlo
955 3738 975 3777 a
1000 3717 1094 3793 loru,
1125 3716 1256 3796 perche
1288 3715 1305 3777 ὲ
1339 3715 1475 3778 huomo

193 3825 328 3886 audace
362 3832 398 3884 et
430 3843 546 3885 rerum
577 3843 749 3885 novarum
783 3823 1001 3904 aliquantum
1039 3823 1207 3904 cupidus,
1250 3842 1320 3884 non
1353 3831 1476 3885 tamen

192 3932 315 3994 malua
1316 4009 1318 4013 Ι

282 4037 397 4100 Credo
435 4039 500 4098 che
533 4037 665 4100 Vostra
697 4037 865 4118 Signoria
896 4036 1212 4099 Reverendissima
1243 4045 1280 4096 ct
1309 4035 1476 4101 illustris-

194 4145 281 4207 sima
309 4147 355 4206 ha
387 4143 516 4207 sentito
549 4145 709 4207 nominar
741 4147 772 4206 el
806 4143 1212 4226 secretarioSpieghe13
1248 4154 1373 4223 questu
1407 4164 1478 4224 per
1508 4213 1515 4228 ‚

194 4272 299 4333 parer
333 4253 399 4313 che
424 4271 533 4313 ancor
565 4251 611 4313 lui
640 4252 682 4314 sii
715 4272 784 4313 unu
816 4251 851 4311 di
885 4251 1019 4331 satrapi
1052 4252 1144 4313 delle
1175 4254 1297 4329 lettre,
1329 4251 1347 4312 e
1381 4269 1476 4332 gran
1496 4236 1512 4258 '⁹

194 4333 432 4421 consederam
451 4378 517 4419 con
543 4359 577 4419 la
602 4357 797 4420 Academia
822 4354 1034 4419 Germanica
1066 4361 1100 4420 la
1132 4360 1213 4439 qual
1245 4357 1265 4419 ὸ
1299 4355 1476 4438 complice
1544 4432 1548 4437 ⁴

195 4467 229 4527 di
255 4467 407 4540 Luther;
441 4474 533 4526 tutta
565 4466 662 4526 volta
692 4484 757 4545 per
790 4484 886 4539 esser
918 4464 965 4526 lui
1000 4465 1163 4527 maritato
1196 4474 1231 4527 et
1254 4483 1409 4545 pover0,
1434 4485 1477 4527 se

194 4573 288 4634 lassa
314 4573 447 4634 condur
472 4574 598 4633 alcuna
629 4570 713 4632 fiata
742 4591 763 4632 a
795 4571 991 4652 discoprire
1017 4572 1052 4634 di
1076 4575 1193 4634 huone
1219 4591 1321 4650 cose,
1354 4581 1389 4633 et
1418 4559 1507 4633 far'

195 4680 345 4759 qualche
377 4679 496 4739 buono
531 4676 649 4739 officio
674 4697 738 4758 per
770 4678 846 4755 nci,
879 4680 943 4739 sub
973 4699 1036 4758 spe
1061 4677 1209 4741 alicuius
1234 4677 1476 4767 emolumenti,
1519 4694 1524 4702 ·

195 4785 239 4848 Et
263 4786 393 4866 perche¹
419 4785 466 4846 lui
491 4805 562 4846 non
593 4795 678 4867 pote
699 4786 814 4846 hauet
845 4785 1026 4866 beneficii,
1060 4797 1183 4865 aperte
1220 4784 1264 4845 mi
1298 4784 1505 4847 demanda:
