3330 5580
650 480 896 538 obisse*

120 628 203 709 cipi
229 643 401 709 ceperunt
426 628 602 690 hominem
627 629 859 706 abhominati,
885 637 975 690 etse
997 648 1067 690 non
1092 626 1188 690 fusse
1212 627 1233 689 l'
1251 626 1333 688 odio
1350 627 1415 687 che

122 739 253 797 hanno
278 747 403 797 contra
419 736 547 815 Roma,
572 735 632 817 gia
657 735 816 797 crederei
840 738 875 796 la
899 756 984 797 cosa
1008 735 1134 816 sopita.
1172 735 1211 797 In
1236 738 1284 797 tal
1311 735 1416 794 modo

125 842 192 923 gia
219 842 256 904 X
291 842 408 922 giorni
441 862 534 922 vego
568 863 637 904 non
672 842 702 904 si
736 843 910 923 discoprir
942 842 1000 922 piu
1033 851 1132 905 tanto
1157 844 1274 923 quelle
1298 840 1415 911 rabie;

128 950 203 1012 Dio
237 950 322 1011 volii
356 951 422 1012 che
447 949 531 1031 ogni
556 947 591 1010 di
616 950 739 1011 melior
763 969 928 1012 successo
954 969 999 1011 ne
1023 949 1204 1022 vediamo;
1239 949 1273 1009 id
1300 956 1416 1008 autem

129 1077 241 1138 spero
266 1056 344 1118 fore
368 1057 473 1119 modo
497 1078 541 1118 ne
566 1056 623 1118 isti
648 1059 693 1118 ob
718 1056 854 1138 aliquas
879 1058 1032 1119 latentes
1047 1076 1172 1118 causas
1192 1076 1263 1118 non
1280 1054 1417 1130 fallant,

128 1164 156 1225 il
181 1167 250 1225 che
274 1164 552 1226 animosamente
577 1184 614 1225 se
639 1162 814 1225 inducano
839 1185 859 1225 a
884 1163 960 1225 fare
986 1183 1030 1225 ex
1056 1184 1125 1244 quo
1142 1172 1223 1224 sunt
1246 1159 1416 1242 persuasi,

129 1270 241 1332 etiam
267 1269 510 1332 dissentiendo
534 1290 555 1330 a
578 1269 762 1348 Pontifice,
787 1270 920 1350 potcrsi
946 1290 1043 1332 esser
1066 1270 1151 1332 boni
1176 1268 1358 1331 christiani
1384 1278 1418 1328 et
1448 1275 1450 1280 '

128 1381 166 1439 la
193 1378 277 1439 fede
302 1377 479 1439 catholica
504 1377 709 1454 consistere,
736 1377 830 1458 quod
855 1378 998 1439 tandem
1021 1376 1247 1439 falsissimum
1273 1386 1335 1437 est.

227 1483 278 1545 La
303 1485 429 1546 lettera
453 1485 510 1545 del
535 1484 808 1545 salvocondutto
826 1482 861 1544 di
878 1483 1032 1545 Martino
1045 1485 1129 1545 hola
1146 1484 1277 1544 veduta
1295 1492 1419 1562 questa

130 1611 240 1653 mane
272 1600 421 1672 segnata
445 1591 539 1652 della
569 1609 673 1652 mano
698 1590 732 1651 di
759 1589 884 1661 Cesar:
919 1611 989 1652 non
1013 1589 1042 1651 si
1067 1590 1204 1651 solicita
1229 1611 1266 1651 se
1292 1609 1360 1650 non
1386 1589 1420 1649 la

128 1700 256 1760 littera
286 1699 343 1759 del
369 1699 469 1759 Duca
493 1695 649 1759 Saxone.
697 1697 813 1759 Credo
839 1699 904 1759 che
930 1698 1078 1759 demane
1105 1718 1125 1760 o
1150 1697 1326 1758 dominica
1350 1697 1420 1757 alla

128 1805 194 1888 piu
223 1806 329 1886 longa
355 1805 387 1865 el
412 1805 545 1867 corrier
569 1826 607 1866 se
632 1804 767 1885 partira
791 1817 826 1866 et
850 1803 931 1866 sara
955 1804 1048 1866 dove
1065 1804 1219 1866 Martino
1244 1803 1279 1864 in
1303 1802 1420 1883 giorni

128 1922 299 1992 quattro:
332 1911 393 1992 poi
418 1911 572 1973 Martino
604 1913 649 1973 ha
680 1911 831 1973 termino
857 1911 948 1972 XVI
979 1911 1094 1991 giorni
1120 1911 1153 1972 di
1180 1931 1278 1972 esser
1303 1909 1360 1990 qui
1386 1910 1420 1969 in

130 2019 322 2095 Wormes,
348 2020 414 2079 che
439 2018 518 2079 sarh
543 2020 576 2079 la
601 2020 757 2080 secunda
781 2017 873 2079 festa
898 2017 933 2078 di
958 2018 1107 2080 Pascha.
1151 2018 1221 2080 Dio
1247 2016 1330 2078 volii
1355 2017 1420 2077 che

128 2129 168 2188 la
194 2146 258 2187 sua
280 2135 411 2186 venuta
436 2125 477 2186 sii
502 2128 546 2187 ad
565 2146 689 2205 pacem
714 2140 749 2187 et
766 2125 1056 2204 tranquillitatem
1072 2124 1265 2187 Ecclesiae.
1302 2124 1419 2200 Cert0,

129 2237 170 2295 lo
196 2235 297 2295 chee
322 2232 414 2294 fatto
436 2231 556 2293 invitis
574 2232 676 2293 nobis
700 2233 718 2294 d
735 2230 836 2311 fatto,
862 2243 897 2293 et
913 2243 1036 2293 contra
1053 2233 1086 2293 le
1103 2252 1285 2312 promesse
1298 2230 1420 2293 fatteci

128 2341 196 2421 piu
225 2341 319 2402 volte
343 2341 390 2401 da
414 2348 593 2419 questoro,
619 2359 675 2400 ma
701 2338 890 2419 patientia;
916 2339 960 2399 V.
978 2335 1012 2402 S.
1030 2339 1106 2410 ΒΨ
1123 2337 1214 2400 faeci
1230 2339 1306 2400 fare
1322 2339 1420 2399 costa

130 2448 290 2527 qualche
320 2448 439 2508 buone
470 2445 621 2507 orationi
652 2446 696 2506 ad
730 2445 785 2506 cio
811 2448 875 2506 che
901 2445 970 2506 Dio
994 2445 1131 2525 ponghi
1155 2447 1190 2506 la
1215 2466 1318 2506 mano
1344 2464 1420 2525 per-

129 2554 202 2615 chi¹
233 2558 291 2634 qui
326 2574 395 2615 non
428 2555 555 2614 valeno
588 2552 728 2633 dispute
754 2562 877 2614 contro
912 2552 968 2614 chi
993 2571 1086 2633 nega
1110 2551 1134 2613 li
1159 2553 1287 2614 auttori
1314 2551 1421 2621 sacri;

131 2664 180 2723 nc
218 2680 342 2722 manco
374 2662 390 2722 i·
424 2672 516 2722 stato
542 2660 704 2722 ordinato
730 2680 750 2721 o
776 2663 928 2722 sarebbe
953 2659 1176 2721 conducibile
1202 2660 1268 2721 che
1292 2680 1330 2720 se
1356 2660 1422 2719 dis-

131 2780 285 2850 putasse
316 2769 348 2829 le
380 2787 463 2829 cose
489 2768 583 2829 della
606 2765 708 2843 fede,
741 2767 927 2848 presertim
953 2787 1070 2828 coram
1095 2765 1271 2828 iudicibus
1295 2764 1423 2844 iniquis

132 2886 173 2937 et
209 2860 550 2955 in'competentibuS,
591 2895 661 2936 non
697 2884 869 2955 preeunte
905 2875 1117 2937 auctoritate
1153 2871 1350 2953 pontificis;
1389 2872 1422 2933 io

133 2983 331 3044 tuttavolta
360 3003 429 3044 non
463 2985 627 3044 obstante
660 2990 785 3064 questo
816 3002 904 3044 sono
936 2982 971 3043 in
1003 2982 1127 3043 ordine
1162 2986 1189 3042 sl
1224 3000 1289 3061 per
1313 2980 1424 3039 haver

134 3088 332 3152 benissimo
363 3090 431 3150 alle
463 3089 556 3150 mani
586 3088 667 3150 tutti
698 3089 709 3149 i
741 3088 852 3150 scritti
877 3088 912 3149 di
938 3088 1071 3149 Luther
1103 3097 1138 3149 et
1162 3087 1208 3149 de
1232 3087 1308 3148 suoi
1333 3107 1423 3148 com-

132 3195 242 3277 plici,
274 3214 374 3256 come
405 3215 470 3276 per
502 3197 614 3257 haver
647 3195 939 3275 diligentemente
965 3196 1052 3257 letto
1077 3195 1233 3273 concilii,
1269 3194 1422 3256 scrittori

131 3302 276 3383 antiqui
300 3310 335 3363 et
360 3302 518 3364 moderni
543 3303 609 3364 che
635 3301 754 3365 facino
779 3303 812 3363 al
837 3302 1021 3384 proposito
1047 3302 1082 3362 di
1107 3311 1232 3383 questa
1257 3323 1340 3363 cosa
1360 3322 1425 3382 per

132 3409 318 3472 renderne
341 3411 412 3471 bon
438 3418 562 3490 conto,
597 3419 632 3471 et
655 3411 852 3490 persuader
875 3430 896 3470 a
920 3409 1035 3490 questi
1061 3409 1237 3490 Principi,
1269 3431 1338 3471 non
1364 3408 1424 3490 gia

134 3537 207 3600 per
239 3536 412 3597 speranza
436 3516 465 3578 si
488 3516 585 3578 habii
610 3538 631 3578 a
655 3517 834 3579 convertir
859 3537 928 3579 uno
954 3516 1133 3578 obstinato
1158 3516 1334 3594 hereticO,
1369 3537 1424 3578 ma

134 3644 208 3706 per
232 3625 455 3685 demonstrar
471 3623 758 3686 evidentemente
775 3625 807 3685 le
825 3622 1068 3685 enormissime
1086 3633 1120 3684 et
1137 3623 1345 3703 paucissime
1365 3624 1422 3684 he-

134 3730 234 3793 resie
267 3741 302 3791 et
331 3730 596 3792 contradictorii
622 3733 687 3793 che
712 3731 827 3793 scrive
852 3740 977 3813 questo
1003 3730 1140 3793 ribaldo
1166 3740 1201 3791 et
1226 3751 1290 3811 per
1314 3731 1425 3791 veder

135 3839 176 3900 di
209 3857 359 3899 revocar
392 3856 413 3898 a
444 3840 598 3918 reprobo
630 3858 737 3900 sensu
770 3839 885 3919 questi
914 3837 1054 3919 populi,
1086 3837 1110 3898 li
1135 3837 1228 3919 quali
1253 3857 1318 3916 per
1342 3838 1424 3898 odio

135 3948 209 4009 che
242 3946 362 4006 hanno
394 3954 518 4007 contro
543 3944 661 4007 Roma
693 3966 762 4007 non
794 3956 943 4026 possunt
974 3965 1120 4007 cernere
1145 3965 1284 4022 verum,
1317 3953 1355 4005 ut
1380 3945 1424 4004 de

135 4051 211 4115 illis
245 4050 369 4113 merito
402 4050 532 4113 dixerit
555 4054 750 4134 propheta:
783 4055 905 4114 oculos
929 4053 1062 4114 habent
1087 4062 1122 4114 et
1146 4072 1216 4113 non
1241 4052 1424 4115 videbunt.

137 4162 169 4223 ll
202 4158 372 4221 mandato
405 4158 601 4220 alemanico
632 4160 666 4220 di
700 4159 830 4240 pigliar
861 4159 884 4220 li
916 4159 995 4220 libri
1028 4170 1062 4221 et
1093 4159 1274 4221 arrestarli
1306 4159 1351 4220 ad
1376 4158 1424 4218 in·

136 4265 308 4329 stantiam
333 4265 496 4327 Caesaris
520 4265 654 4328 Lunedi
684 4267 858 4347 prossimo
889 4266 967 4328 sara
992 4264 1123 4327 fornito
1155 4267 1200 4327 de
1224 4265 1424 4347 imprimere

136 4387 177 4437 et
202 4373 232 4434 si
256 4371 426 4434 mandaria
441 4392 507 4453 per
530 4372 554 4434 li
575 4373 720 4435 corrieri
737 4373 773 4434 di
790 4371 862 4435 Sua
878 4373 1015 4435 Maesta
1031 4393 1096 4454 per
1110 4382 1202 4435 tutta
1217 4373 1424 4442 Germania3

136 4480 228 4545 delli
251 4478 406 4541 successi
431 4479 518 4541 dard
542 4479 677 4542 adviso.
728 4479 770 4542 V.
794 4477 829 4543 S.
859 4480 954 4541 Rma
978 4479 1019 4542 sii
1044 4480 1240 4543 certissima
1263 4481 1328 4541 che
1356 4479 1425 4541 mai

136 4589 169 4651 si
203 4590 251 4650 ba
282 4598 446 4649 mancato
478 4587 521 4649 nd
556 4586 721 4649 mancara
751 4587 806 4648 far
831 4608 895 4668 per
919 4587 976 4648 noi
1002 4587 1023 4649 l'
1043 4587 1162 4649 ultimo
1188 4588 1223 4648 di
1247 4587 1425 4668 potentia;

135 4706 177 4759 ct
201 4693 324 4775 quello
349 4693 367 4755 i·
391 4693 481 4755 fatto
506 4714 544 4756 se
569 4714 638 4756 non
665 4695 682 4755 ὲ
707 4695 765 4756 del
790 4703 881 4755 tutto
907 4715 927 4755 a
951 4702 1072 4755 nostro
1098 4695 1213 4773 modo,
1239 4715 1307 4755 non
1334 4693 1362 4754 si
1379 4694 1426 4754 ha

135 4810 292 4888 possuto
317 4799 372 4862 far
395 4801 485 4863 altro
511 4821 656 4882 prorsus
680 4799 821 4882 penitus
845 4812 880 4863 ct
905 4800 1064 4876 omnino;
1095 4801 1137 4863 ne
1162 4802 1280 4862 hanno
1306 4802 1425 4864 valuto
