<?xml version="1.0" encoding="UTF-8"?>
<!DOCTYPE html PUBLIC "-//W3C//DTD XHTML 1.0 Transitional//EN"
    "http://www.w3.org/TR/xhtml1/DTD/xhtml1-transitional.dtd">
<html xmlns="http://www.w3.org/1999/xhtml" xml:lang="en" lang="en">
 <head>
  <title>
</title>
<meta http-equiv="Content-Type" content="text/html;charset=utf-8" />
  <meta name='ocr-system' content='tesseract 3.04.00' />
  <meta name='ocr-capabilities' content='ocr_page ocr_carea ocr_par ocr_line ocrx_word'/>
</head>
<body>
  <div class='ocr_page' id='page_1' title='image "./monumentareform00vatigoog_0041.png"; bbox 0 0 3330 5580; ppageno 0'>
   <div class='ocr_carea' id='block_1_1' title="bbox 797 465 1051 527">
    <p class='ocr_par' dir='ltr' id='par_1_1' title="bbox 797 465 1051 527">
     <span class='ocr_line' id='line_1_1' title="bbox 797 465 1051 527; baseline -0.016 0"><span class='ocrx_word' id='word_1_1' title='bbox 797 474 854 527; x_wconf 48' lang='grc' dir='ltr'><strong>ΜΒ</strong></span> <span class='ocrx_word' id='word_1_2' title='bbox 895 469 928 522; x_wconf 85' lang='grc'><strong>10</strong></span> <span class='ocrx_word' id='word_1_3' title='bbox 967 465 1051 523; x_wconf 52' lang='grc' dir='ltr'><strong>ΕΗ.</strong></span> 
     </span>
    </p>
   </div>
   <div class='ocr_carea' id='block_1_2' title="bbox 189 613 1561 2919">
    <p class='ocr_par' dir='ltr' id='par_1_2' title="bbox 271 613 1555 1445">
     <span class='ocr_line' id='line_1_2' title="bbox 272 613 1553 699; baseline 0 -21"><span class='ocrx_word' id='word_1_4' title='bbox 272 638 402 698; x_wconf 78' lang='lat' dir='ltr'><strong>eesque</strong></span> <span class='ocrx_word' id='word_1_5' title='bbox 434 616 487 678; x_wconf 90' lang='lat' dir='ltr'><strong>sui</strong></span> <span class='ocrx_word' id='word_1_6' title='bbox 520 637 608 696; x_wconf 89' lang='lat' dir='ltr'><strong>quos</strong></span> <span class='ocrx_word' id='word_1_7' title='bbox 640 613 800 697; x_wconf 84' lang='lat' dir='ltr'><strong>possitis,</strong></span> <span class='ocrx_word' id='word_1_8' title='bbox 834 615 959 696; x_wconf 82' lang='lat' dir='ltr'><strong>vigore</strong></span> <span class='ocrx_word' id='word_1_9' title='bbox 984 614 1163 677; x_wconf 75' lang='lat' dir='ltr'>facultatis</span> <span class='ocrx_word' id='word_1_10' title='bbox 1188 616 1425 699; x_wconf 86' lang='lat' dir='ltr'><strong>inquisitionis</strong></span> <span class='ocrx_word' id='word_1_11' title='bbox 1449 617 1553 679; x_wconf 87' lang='lat' dir='ltr'><strong>vobis</strong></span> 
     </span>
     <span class='ocr_line' id='line_1_3' title="bbox 271 722 1553 806; baseline -0.001 -20"><span class='ocrx_word' id='word_1_12' title='bbox 271 724 457 786; x_wconf 85' lang='lat' dir='ltr'><strong>commisse</strong></span> <span class='ocrx_word' id='word_1_13' title='bbox 482 723 685 804; x_wconf 82' lang='lat' dir='ltr'><strong>specialiter</strong></span> <span class='ocrx_word' id='word_1_14' title='bbox 702 722 885 784; x_wconf 87' lang='lat' dir='ltr'><strong>nominare</strong></span> <span class='ocrx_word' id='word_1_15' title='bbox 903 731 938 783; x_wconf 89' lang='lat' dir='ltr'><strong>et</strong></span> <span class='ocrx_word' id='word_1_16' title='bbox 955 723 1149 802; x_wconf 81' lang='lat' dir='ltr'><strong>declarare,</strong></span> <span class='ocrx_word' id='word_1_17' title='bbox 1167 735 1205 785; x_wconf 89' lang='lat' dir='ltr'><strong>ut</strong></span> <span class='ocrx_word' id='word_1_18' title='bbox 1220 725 1385 787; x_wconf 88' lang='lat' dir='ltr'><strong>similiter</strong></span> <span class='ocrx_word' id='word_1_19' title='bbox 1407 724 1553 806; x_wconf 88' lang='lat' dir='ltr'><strong>punian-</strong></span> 
     </span>
     <span class='ocr_line' id='line_1_4' title="bbox 272 827 1555 913; baseline -0.001 -20"><span class='ocrx_word' id='word_1_20' title='bbox 272 842 328 893; x_wconf 88' lang='lat' dir='ltr'><strong>tur</strong></span> <span class='ocrx_word' id='word_1_21' title='bbox 346 831 401 892; x_wconf 88' lang='lat' dir='ltr'><strong>vel</strong></span> <span class='ocrx_word' id='word_1_22' title='bbox 418 832 541 892; x_wconf 89' lang='lat' dir='ltr'><strong>saltem</strong></span> <span class='ocrx_word' id='word_1_23' title='bbox 561 830 787 911; x_wconf 82' lang='lat' dir='ltr'><strong>expellantur</strong></span> <span class='ocrx_word' id='word_1_24' title='bbox 802 848 848 890; x_wconf 83' lang='lat' dir='ltr'><strong>ex</strong></span> <span class='ocrx_word' id='word_1_25' title='bbox 864 838 939 890; x_wconf 89' lang='lat' dir='ltr'><strong>tota</strong></span> <span class='ocrx_word' id='word_1_26' title='bbox 955 827 1147 892; x_wconf 85' lang='lat' dir='ltr'><strong>Germania</strong></span> <span class='ocrx_word' id='word_1_27' title='bbox 1170 842 1275 913; x_wconf 91' lang='lat' dir='ltr'><strong>prout</strong></span> <span class='ocrx_word' id='word_1_28' title='bbox 1296 831 1555 894; x_wconf 85' lang='lat' dir='ltr'><strong>conducibilius</strong></span> 
     </span>
     <span class='ocr_line' id='line_1_5' title="bbox 273 936 1554 1020; baseline -0.002 -20"><span class='ocrx_word' id='word_1_29' title='bbox 273 936 531 1013; x_wconf 82' lang='lat' dir='ltr'><strong>existimabitis,</strong></span> <span class='ocrx_word' id='word_1_30' title='bbox 556 936 714 999; x_wconf 90' lang='lat' dir='ltr'><strong>similiter</strong></span> <span class='ocrx_word' id='word_1_31' title='bbox 739 936 968 1018; x_wconf 89' lang='lat' dir='ltr'><strong>procedendo</strong></span> <span class='ocrx_word' id='word_1_32' title='bbox 993 946 1030 998; x_wconf 91' lang='lat' dir='ltr'><strong>ut</strong></span> <span class='ocrx_word' id='word_1_33' title='bbox 1055 937 1156 999; x_wconf 88' lang='lat' dir='ltr'><strong>vobis</strong></span> <span class='ocrx_word' id='word_1_34' title='bbox 1180 938 1358 1001; x_wconf 91' lang='lat' dir='ltr'><strong>videbitur</strong></span> <span class='ocrx_word' id='word_1_35' title='bbox 1380 938 1554 1020; x_wconf 88' lang='lat' dir='ltr'><strong>expedire</strong></span> 
     </span>
     <span class='ocr_line' id='line_1_6' title="bbox 273 1043 1555 1126; baseline -0.002 -18"><span class='ocrx_word' id='word_1_36' title='bbox 273 1056 397 1108; x_wconf 87' lang='lat' dir='ltr'><strong>contra</strong></span> <span class='ocrx_word' id='word_1_37' title='bbox 415 1044 664 1106; x_wconf 84' lang='lat' dir='ltr'><strong>universitates</strong></span> <span class='ocrx_word' id='word_1_38' title='bbox 680 1055 714 1105; x_wconf 89' lang='lat' dir='ltr'><strong>et</strong></span> <span class='ocrx_word' id='word_1_39' title='bbox 731 1043 883 1123; x_wconf 86' lang='lat' dir='ltr'><strong>collegia</strong></span> <span class='ocrx_word' id='word_1_40' title='bbox 902 1062 1144 1124; x_wconf 88' lang='lat' dir='ltr'><strong>quaecumque</strong></span> <span class='ocrx_word' id='word_1_41' title='bbox 1160 1046 1358 1126; x_wconf 88' lang='lat' dir='ltr'><strong>hujusmodi</strong></span> <span class='ocrx_word' id='word_1_42' title='bbox 1374 1046 1555 1108; x_wconf 88' lang='lat' dir='ltr'><strong>erroribus</strong></span> 
     </span>
     <span class='ocr_line' id='line_1_7' title="bbox 274 1149 1554 1233; baseline 0 -19"><span class='ocrx_word' id='word_1_43' title='bbox 274 1151 446 1229; x_wconf 83' lang='lat' dir='ltr'><strong>faventia,</strong></span> <span class='ocrx_word' id='word_1_44' title='bbox 481 1149 685 1232; x_wconf 88' lang='lat' dir='ltr'><strong>specialiter</strong></span> <span class='ocrx_word' id='word_1_45' title='bbox 715 1149 932 1212; x_wconf 88' lang='lat' dir='ltr'><strong>declarando</strong></span> <span class='ocrx_word' id='word_1_46' title='bbox 965 1171 1007 1211; x_wconf 89' lang='lat' dir='ltr'><strong>ea</strong></span> <span class='ocrx_word' id='word_1_47' title='bbox 1031 1150 1197 1215; x_wconf 86' lang='lat' dir='ltr'><strong>incidisse</strong></span> <span class='ocrx_word' id='word_1_48' title='bbox 1223 1152 1257 1213; x_wconf 90' lang='lat' dir='ltr'><strong>in</strong></span> <span class='ocrx_word' id='word_1_49' title='bbox 1283 1173 1395 1233; x_wconf 87' lang='lat' dir='ltr'><strong>penas</strong></span> <span class='ocrx_word' id='word_1_50' title='bbox 1424 1154 1554 1214; x_wconf 89' lang='lat' dir='ltr'><strong>bullae.</strong></span> 
     </span>
     <span class='ocr_line' id='line_1_8' title="bbox 275 1256 1555 1341; baseline -0.001 -20"><span class='ocrx_word' id='word_1_51' title='bbox 275 1260 497 1321; x_wconf 79' lang='lat' dir='ltr'><strong>llloderanda</strong></span> <span class='ocrx_word' id='word_1_52' title='bbox 521 1270 638 1318; x_wconf 87' lang='lat' dir='ltr'><strong>tamen</strong></span> <span class='ocrx_word' id='word_1_53' title='bbox 663 1258 751 1319; x_wconf 88' lang='lat' dir='ltr'><strong>haec</strong></span> <span class='ocrx_word' id='word_1_54' title='bbox 777 1257 895 1318; x_wconf 90' lang='lat' dir='ltr'><strong>omnia</strong></span> <span class='ocrx_word' id='word_1_55' title='bbox 919 1256 1021 1318; x_wconf 89' lang='lat' dir='ltr'><strong>vobis</strong></span> <span class='ocrx_word' id='word_1_56' title='bbox 1045 1278 1110 1338; x_wconf 90' lang='lat' dir='ltr'><strong>per</strong></span> <span class='ocrx_word' id='word_1_57' title='bbox 1131 1260 1287 1321; x_wconf 90' lang='lat' dir='ltr'><strong>locorum</strong></span> <span class='ocrx_word' id='word_1_58' title='bbox 1305 1271 1341 1322; x_wconf 90' lang='lat' dir='ltr'><strong>et</strong></span> <span class='ocrx_word' id='word_1_59' title='bbox 1356 1270 1555 1341; x_wconf 81' lang='lat' dir='ltr'><strong>temporum</strong></span> 
     </span>
     <span class='ocr_line' id='line_1_9' title="bbox 275 1364 676 1445; baseline -0.007 -17"><span class='ocrx_word' id='word_1_60' title='bbox 275 1366 412 1428; x_wconf 88' lang='lat' dir='ltr'><strong>ratione</strong></span> <span class='ocrx_word' id='word_1_61' title='bbox 437 1364 676 1445; x_wconf 88' lang='lat' dir='ltr'><strong>relinquimus.</strong></span> 
     </span>
    </p>

    <p class='ocr_par' dir='ltr' id='par_1_3' title="bbox 277 1471 1558 1769">
     <span class='ocr_line' id='line_1_10' title="bbox 365 1471 1557 1557; baseline -0.001 -24"><span class='ocrx_word' id='word_1_62' title='bbox 365 1473 463 1551; x_wconf 84' lang='lat' dir='ltr'><strong>item,</strong></span> <span class='ocrx_word' id='word_1_63' title='bbox 489 1493 567 1533; x_wconf 93' lang='lat' dir='ltr'><strong>cum</strong></span> <span class='ocrx_word' id='word_1_64' title='bbox 592 1471 817 1533; x_wconf 85' lang='lat' dir='ltr'><strong>didicerimus</strong></span> <span class='ocrx_word' id='word_1_65' title='bbox 842 1492 906 1552; x_wconf 89' lang='lat' dir='ltr'><strong>per</strong></span> <span class='ocrx_word' id='word_1_66' title='bbox 931 1473 1230 1557; x_wconf 82' lang='lat' dir='ltr'><strong>chalcographos,</strong></span> <span class='ocrx_word' id='word_1_67' title='bbox 1256 1473 1365 1535; x_wconf 89' lang='lat' dir='ltr'><strong>libros</strong></span> <span class='ocrx_word' id='word_1_68' title='bbox 1390 1472 1557 1536; x_wconf 84' lang='lat' dir='ltr'><strong>seminari</strong></span> 
     </span>
     <span class='ocr_line' id='line_1_11' title="bbox 277 1578 1556 1660; baseline -0.002 -18"><span class='ocrx_word' id='word_1_69' title='bbox 277 1580 432 1642; x_wconf 89' lang='lat' dir='ltr'><strong>famosos</strong></span> <span class='ocrx_word' id='word_1_70' title='bbox 457 1591 492 1644; x_wconf 90' lang='lat' dir='ltr'><strong>et</strong></span> <span class='ocrx_word' id='word_1_71' title='bbox 517 1578 713 1660; x_wconf 66' lang='lat' dir='ltr'><strong>injuriosos</strong></span> <span class='ocrx_word' id='word_1_72' title='bbox 737 1599 779 1640; x_wconf 88' lang='lat' dir='ltr'><strong>ac</strong></span> <span class='ocrx_word' id='word_1_73' title='bbox 804 1580 994 1641; x_wconf 85' lang='lat' dir='ltr'><strong>haereseos</strong></span> <span class='ocrx_word' id='word_1_74' title='bbox 1018 1581 1154 1660; x_wconf 87' lang='lat' dir='ltr'><strong>plenos,</strong></span> <span class='ocrx_word' id='word_1_75' title='bbox 1180 1581 1261 1643; x_wconf 91' lang='lat' dir='ltr'><strong>ideo</strong></span> <span class='ocrx_word' id='word_1_76' title='bbox 1287 1583 1443 1643; x_wconf 89' lang='lat' dir='ltr'><strong>locorum</strong></span> <span class='ocrx_word' id='word_1_77' title='bbox 1465 1579 1556 1642; x_wconf 92' lang='lat' dir='ltr'><strong>ordi·</strong></span> 
     </span>
     <span class='ocr_line' id='line_1_12' title="bbox 277 1684 1558 1769; baseline 0.001 -22"><span class='ocrx_word' id='word_1_78' title='bbox 277 1687 384 1748; x_wconf 87' lang='lat' dir='ltr'><strong>nariis</strong></span> <span class='ocrx_word' id='word_1_79' title='bbox 420 1688 552 1747; x_wconf 89' lang='lat' dir='ltr'><strong>bullam</strong></span> <span class='ocrx_word' id='word_1_80' title='bbox 586 1684 847 1747; x_wconf 87' lang='lat' dir='ltr'><strong>constitutionis</strong></span> <span class='ocrx_word' id='word_1_81' title='bbox 881 1686 1131 1748; x_wconf 72' lang='lat' dir='ltr'><strong>lateranensis</strong></span> <span class='ocrx_word' id='word_1_82' title='bbox 1165 1687 1315 1750; x_wconf 84' lang='lat' dir='ltr'><strong>Concilii</strong></span> <span class='ocrx_word' id='word_1_83' title='bbox 1348 1708 1456 1769; x_wconf 90' lang='lat' dir='ltr'><strong>super</strong></span> <span class='ocrx_word' id='word_1_84' title='bbox 1489 1690 1558 1749; x_wconf 92' lang='lat' dir='ltr'><strong>hoc</strong></span> 
     </span>
    </p>

    <p class='ocr_par' dir='ltr' id='par_1_4' title="bbox 189 1791 1560 2304">
     <span class='ocr_line' id='line_1_13' title="bbox 277 1791 1558 1875; baseline 0.001 -22"><span class='ocrx_word' id='word_1_85' title='bbox 277 1793 471 1871; x_wconf 88' lang='lat' dir='ltr'><strong>insinuetis,</strong></span> <span class='ocrx_word' id='word_1_86' title='bbox 505 1792 555 1855; x_wconf 91' lang='lat' dir='ltr'><strong>eis</strong></span> <span class='ocrx_word' id='word_1_87' title='bbox 587 1813 633 1855; x_wconf 83' lang='lat' dir='ltr'><strong>ex</strong></span> <span class='ocrx_word' id='word_1_88' title='bbox 664 1791 910 1855; x_wconf 89' lang='lat' dir='ltr'><strong>commissione</strong></span> <span class='ocrx_word' id='word_1_89' title='bbox 945 1793 1047 1855; x_wconf 89' lang='lat' dir='ltr'><strong>vobis</strong></span> <span class='ocrx_word' id='word_1_90' title='bbox 1081 1793 1177 1856; x_wconf 85' lang='lat' dir='ltr'><strong>facta</strong></span> <span class='ocrx_word' id='word_1_91' title='bbox 1204 1816 1225 1855; x_wconf 89' lang='lat' dir='ltr'><strong>a</strong></span> <span class='ocrx_word' id='word_1_92' title='bbox 1250 1795 1335 1857; x_wconf 86' lang='lat' dir='ltr'><strong>sede</strong></span> <span class='ocrx_word' id='word_1_93' title='bbox 1359 1793 1558 1875; x_wconf 84' lang='lat' dir='ltr'><strong>apostolica</strong></span> 
     </span>
     <span class='ocr_line' id='line_1_14' title="bbox 189 1887 1558 1982; baseline 0 -20"><span class='ocrx_word' id='word_1_94' title='bbox 189 1887 192 1890; x_wconf 30' lang='lat'><strong>⁴</strong></span> <span class='ocrx_word' id='word_1_95' title='bbox 278 1901 503 1982; x_wconf 83' lang='lat' dir='ltr'><strong>injungentes</strong></span> <span class='ocrx_word' id='word_1_96' title='bbox 536 1911 573 1962; x_wconf 93' lang='lat' dir='ltr'><strong>ut</strong></span> <span class='ocrx_word' id='word_1_97' title='bbox 604 1920 681 1962; x_wconf 88' lang='lat' dir='ltr'><strong>eam</strong></span> <span class='ocrx_word' id='word_1_98' title='bbox 713 1909 933 1980; x_wconf 81' lang='lat' dir='ltr'><strong>exequantur</strong></span> <span class='ocrx_word' id='word_1_99' title='bbox 968 1910 1003 1963; x_wconf 94' lang='lat' dir='ltr'><strong>et</strong></span> <span class='ocrx_word' id='word_1_100' title='bbox 1035 1902 1136 1964; x_wconf 91' lang='lat' dir='ltr'><strong>vobis</strong></span> <span class='ocrx_word' id='word_1_101' title='bbox 1166 1902 1299 1963; x_wconf 83' lang='lat' dir='ltr'><strong>auxilio</strong></span> <span class='ocrx_word' id='word_1_102' title='bbox 1324 1902 1413 1978; x_wconf 84' lang='lat' dir='ltr'><strong>sint,</strong></span> <span class='ocrx_word' id='word_1_103' title='bbox 1447 1901 1558 1962; x_wconf 89' lang='lat' dir='ltr'><strong>libros</strong></span> 
     </span>
     <span class='ocr_line' id='line_1_15' title="bbox 279 2006 1560 2090; baseline 0 -22"><span class='ocrx_word' id='word_1_104' title='bbox 279 2007 477 2071; x_wconf 87' lang='lat' dir='ltr'><strong>Hussiticos</strong></span> <span class='ocrx_word' id='word_1_105' title='bbox 501 2009 693 2088; x_wconf 89' lang='lat' dir='ltr'><strong>impressos</strong></span> <span class='ocrx_word' id='word_1_106' title='bbox 717 2008 958 2083; x_wconf 88' lang='lat' dir='ltr'><strong>comburendi,</strong></span> <span class='ocrx_word' id='word_1_107' title='bbox 984 2020 1019 2070; x_wconf 89' lang='lat' dir='ltr'><strong>et</strong></span> <span class='ocrx_word' id='word_1_108' title='bbox 1043 2008 1142 2087; x_wconf 79' lang='lat' dir='ltr'><strong>alioS,</strong></span> <span class='ocrx_word' id='word_1_109' title='bbox 1167 2009 1318 2090; x_wconf 89' lang='lat' dir='ltr'><strong>scriptos</strong></span> <span class='ocrx_word' id='word_1_110' title='bbox 1337 2006 1560 2070; x_wconf 88' lang='lat' dir='ltr'><strong>contrafidei</strong></span> 
     </span>
     <span class='ocr_line' id='line_1_16' title="bbox 279 2114 1560 2196; baseline -0.001 -20"><span class='ocrx_word' id='word_1_111' title='bbox 279 2114 464 2178; x_wconf 87' lang='lat' dir='ltr'><strong>veritatem</strong></span> <span class='ocrx_word' id='word_1_112' title='bbox 489 2135 530 2177; x_wconf 91' lang='lat' dir='ltr'><strong>ac</strong></span> <span class='ocrx_word' id='word_1_113' title='bbox 555 2115 650 2177; x_wconf 89' lang='lat' dir='ltr'><strong>sedis</strong></span> <span class='ocrx_word' id='word_1_114' title='bbox 685 2114 902 2196; x_wconf 86' lang='lat' dir='ltr'><strong>apostolicae</strong></span> <span class='ocrx_word' id='word_1_115' title='bbox 939 2115 1167 2196; x_wconf 78' lang='lat' dir='ltr'><strong>dignitatem,</strong></span> <span class='ocrx_word' id='word_1_116' title='bbox 1202 2117 1290 2177; x_wconf 91' lang='lat' dir='ltr'><strong>sicut</strong></span> <span class='ocrx_word' id='word_1_117' title='bbox 1323 2126 1376 2177; x_wconf 88' lang='lat' dir='ltr'><strong>est</strong></span> <span class='ocrx_word' id='word_1_118' title='bbox 1412 2114 1560 2176; x_wconf 77' lang='lat' dir='ltr'><strong>liutteni</strong></span> 
     </span>
     <span class='ocr_line' id='line_1_17' title="bbox 279 2221 1484 2304; baseline -0.002 -19"><span class='ocrx_word' id='word_1_119' title='bbox 279 2222 430 2304; x_wconf 89' lang='lat' dir='ltr'><strong>epistola</strong></span> <span class='ocrx_word' id='word_1_120' title='bbox 455 2221 594 2303; x_wconf 87' lang='lat' dir='ltr'><strong>prefixa</strong></span> <span class='ocrx_word' id='word_1_121' title='bbox 617 2221 708 2283; x_wconf 94' lang='lat' dir='ltr'><strong>libro</strong></span> <span class='ocrx_word' id='word_1_122' title='bbox 733 2222 914 2303; x_wconf 88' lang='lat' dir='ltr'><strong>cujusdam</strong></span> <span class='ocrx_word' id='word_1_123' title='bbox 938 2222 1137 2301; x_wconf 86' lang='lat' dir='ltr'><strong>scismatici,</strong></span> <span class='ocrx_word' id='word_1_124' title='bbox 1162 2223 1263 2285; x_wconf 74' lang='lat' dir='ltr'><strong>&#39;l&#39;rias</strong></span> <span class='ocrx_word' id='word_1_125' title='bbox 1288 2233 1324 2284; x_wconf 88' lang='lat' dir='ltr'><strong>et</strong></span> <span class='ocrx_word' id='word_1_126' title='bbox 1348 2222 1484 2284; x_wconf 87' lang='lat' dir='ltr'><strong>similia.</strong></span> 
     </span>
    </p>

    <p class='ocr_par' dir='ltr' id='par_1_5' title="bbox 280 2329 1561 2625">
     <span class='ocr_line' id='line_1_18' title="bbox 368 2329 1561 2410; baseline -0.002 -18"><span class='ocrx_word' id='word_1_127' title='bbox 368 2331 465 2392; x_wconf 89' lang='lat' dir='ltr'><strong>Idem</strong></span> <span class='ocrx_word' id='word_1_128' title='bbox 496 2330 555 2392; x_wconf 89' lang='lat' dir='ltr'><strong>ubi</strong></span> <span class='ocrx_word' id='word_1_129' title='bbox 581 2329 723 2391; x_wconf 91' lang='lat' dir='ltr'><strong>nuntius</strong></span> <span class='ocrx_word' id='word_1_130' title='bbox 754 2341 875 2391; x_wconf 87' lang='lat' dir='ltr'><strong>noster</strong></span> <span class='ocrx_word' id='word_1_131' title='bbox 906 2329 982 2409; x_wconf 86' lang='lat' dir='ltr'><strong>erit,</strong></span> <span class='ocrx_word' id='word_1_132' title='bbox 1014 2329 1131 2390; x_wconf 90' lang='lat' dir='ltr'><strong>omnia</strong></span> <span class='ocrx_word' id='word_1_133' title='bbox 1165 2329 1267 2390; x_wconf 91' lang='lat' dir='ltr'><strong>vobis</strong></span> <span class='ocrx_word' id='word_1_134' title='bbox 1292 2350 1356 2410; x_wconf 92' lang='lat' dir='ltr'><strong>per</strong></span> <span class='ocrx_word' id='word_1_135' title='bbox 1379 2350 1444 2391; x_wconf 88' lang='lat' dir='ltr'><strong>nos</strong></span> <span class='ocrx_word' id='word_1_136' title='bbox 1469 2348 1561 2390; x_wconf 92' lang='lat' dir='ltr'><strong>com·</strong></span> 
     </span>
     <span class='ocr_line' id='line_1_19' title="bbox 280 2436 1546 2512; baseline -0.003 -13"><span class='ocrx_word' id='word_1_137' title='bbox 280 2438 385 2499; x_wconf 87' lang='lat' dir='ltr'><strong>missa</strong></span> <span class='ocrx_word' id='word_1_138' title='bbox 410 2437 723 2512; x_wconf 84' lang='lat' dir='ltr'><strong>communicabitis,</strong></span> <span class='ocrx_word' id='word_1_139' title='bbox 750 2448 785 2499; x_wconf 88' lang='lat' dir='ltr'><strong>et</strong></span> <span class='ocrx_word' id='word_1_140' title='bbox 810 2458 852 2498; x_wconf 89' lang='lat' dir='ltr'><strong>ea</strong></span> <span class='ocrx_word' id='word_1_141' title='bbox 877 2436 1052 2499; x_wconf 91' lang='lat' dir='ltr'><strong>communi</strong></span> <span class='ocrx_word' id='word_1_142' title='bbox 1076 2436 1223 2500; x_wconf 89' lang='lat' dir='ltr'><strong>consilio</strong></span> <span class='ocrx_word' id='word_1_143' title='bbox 1249 2448 1283 2499; x_wconf 91' lang='lat' dir='ltr'><strong>et</strong></span> <span class='ocrx_word' id='word_1_144' title='bbox 1308 2456 1481 2498; x_wconf 85' lang='lat' dir='ltr'><strong>consensu</strong></span> <span class='ocrx_word' id='word_1_145' title='bbox 1501 2456 1546 2497; x_wconf 87' lang='lat' dir='ltr'><strong>ex</strong></span> 
     </span>
     <span class='ocr_line' id='line_1_20' title="bbox 280 2544 442 2625; baseline 0.006 -20"><span class='ocrx_word' id='word_1_146' title='bbox 280 2544 442 2625; x_wconf 88' lang='lat' dir='ltr'><strong>pedietis.</strong></span> 
     </span>
    </p>

    <p class='ocr_par' dir='ltr' id='par_1_6' title="bbox 282 2650 1561 2820">
     <span class='ocr_line' id='line_1_21' title="bbox 371 2650 1561 2732; baseline 0 -20"><span class='ocrx_word' id='word_1_147' title='bbox 371 2650 527 2730; x_wconf 87' lang='lat' dir='ltr'><strong>Reliqua</strong></span> <span class='ocrx_word' id='word_1_148' title='bbox 559 2652 725 2732; x_wconf 85' lang='lat' dir='ltr'><strong>suppleat</strong></span> <span class='ocrx_word' id='word_1_149' title='bbox 757 2651 952 2715; x_wconf 86' lang='lat' dir='ltr'><strong>Prudentia</strong></span> <span class='ocrx_word' id='word_1_150' title='bbox 985 2665 1121 2730; x_wconf 86' lang='lat' dir='ltr'><strong>vestra,</strong></span> <span class='ocrx_word' id='word_1_151' title='bbox 1155 2651 1190 2713; x_wconf 93' lang='lat' dir='ltr'><strong>in</strong></span> <span class='ocrx_word' id='word_1_152' title='bbox 1225 2673 1294 2731; x_wconf 88' lang='lat' dir='ltr'><strong>qua</strong></span> <span class='ocrx_word' id='word_1_153' title='bbox 1328 2652 1406 2711; x_wconf 74' lang='lat' dir='ltr'><strong>S¹¹¹¹¹⁵</strong></span> <span class='ocrx_word' id='word_1_154' title='bbox 1441 2651 1484 2712; x_wconf 88' lang='lat' dir='ltr'><strong>D.</strong></span> <span class='ocrx_word' id='word_1_155' title='bbox 1519 2650 1561 2712; x_wconf 82' lang='lat' dir='ltr'><strong>N.</strong></span> 
     </span>
     <span class='ocr_line' id='line_1_22' title="bbox 282 2757 437 2820; baseline 0.006 -2"><span class='ocrx_word' id='word_1_156' title='bbox 282 2757 437 2820; x_wconf 86' lang='lat' dir='ltr'><strong>confidit.</strong></span> 
     </span>
    </p>

    <p class='ocr_par' dir='ltr' id='par_1_7' title="bbox 1335 2844 1526 2919">
     <span class='ocr_line' id='line_1_23' title="bbox 1335 2844 1526 2919; baseline -0.01 -12"><span class='ocrx_word' id='word_1_157' title='bbox 1335 2844 1526 2919; x_wconf 68' lang='lat' dir='ltr'><strong>maurellus.</strong></span> 
     </span>
    </p>
   </div>
   <div class='ocr_carea' id='block_1_3' title="bbox 394 3139 1448 3451">
    <p class='ocr_par' dir='ltr' id='par_1_8' title="bbox 394 3139 1448 3451">
     <span class='ocr_line' id='line_1_24' title="bbox 906 3139 937 3182; baseline 0 0"><span class='ocrx_word' id='word_1_158' title='bbox 906 3139 937 3182; x_wconf 77' lang='grc' dir='ltr'><strong>ἱ).</strong></span> 
     </span>
     <span class='ocr_line' id='line_1_25' title="bbox 394 3232 1448 3324; baseline -0.001 -2"><span class='ocrx_word' id='word_1_159' title='bbox 394 3241 515 3322; x_wconf 87' lang='lat' dir='ltr'><strong>Julius</strong></span> <span class='ocrx_word' id='word_1_160' title='bbox 544 3243 585 3322; x_wconf 83' lang='lat' dir='ltr'><strong>de</strong></span> <span class='ocrx_word' id='word_1_161' title='bbox 614 3244 759 3324; x_wconf 82' lang='lat' dir='ltr'><strong>Medicis</strong></span> <span class='ocrx_word' id='word_1_162' title='bbox 787 3232 1111 3324; x_wconf 75' lang='lat' dir='ltr'><strong>nueuancellarius</strong></span> <span class='ocrx_word' id='word_1_163' title='bbox 1137 3243 1229 3322; x_wconf 84' lang='lat' dir='ltr'><strong>Hier.</strong></span> <span class='ocrx_word' id='word_1_164' title='bbox 1259 3243 1448 3321; x_wconf 80' lang='lat' dir='ltr'><strong>lleandru.</strong></span> 
     </span>
     <span class='ocr_line' id='line_1_26' title="bbox 616 3381 1228 3451; baseline -0.013 -5"><span class='ocrx_word' id='word_1_165' title='bbox 616 3383 758 3446; x_wconf 68' lang='lat' dir='ltr'><strong>lunius.</strong></span> <span class='ocrx_word' id='word_1_166' title='bbox 776 3383 939 3446; x_wconf 70' lang='lat' dir='ltr'><strong>Germaniae</strong></span> <span class='ocrx_word' id='word_1_167' title='bbox 957 3381 1010 3440; x_wconf 80' lang='lat' dir='ltr'><strong>rol.</strong></span> <span class='ocrx_word' id='word_1_168' title='bbox 1029 3381 1059 3440; x_wconf 74' lang='lat'><strong>1..</strong></span> <span class='ocrx_word' id='word_1_169' title='bbox 1078 3381 1123 3439; x_wconf 80' lang='lat' dir='ltr'><strong>tol.</strong></span> <span class='ocrx_word' id='word_1_170' title='bbox 1142 3381 1228 3451; x_wconf 79' lang='lat'>4-5.)</span> 
     </span>
    </p>
   </div>
   <div class='ocr_carea' id='block_1_4' title="bbox 739 3491 1110 3562">
    <p class='ocr_par' dir='ltr' id='par_1_9' title="bbox 739 3491 1110 3562">
     <span class='ocr_line' id='line_1_27' title="bbox 739 3491 1110 3562; baseline -0.005 -18"><span class='ocrx_word' id='word_1_171' title='bbox 739 3499 787 3556; x_wconf 82' lang='lat' dir='ltr'><strong>(Ex</strong></span> <span class='ocrx_word' id='word_1_172' title='bbox 806 3498 870 3544; x_wconf 86' lang='lat' dir='ltr'><strong>urbe</strong></span> <span class='ocrx_word' id='word_1_173' title='bbox 890 3508 911 3554; x_wconf 78' lang='lat'><strong>3.</strong></span> <span class='ocrx_word' id='word_1_174' title='bbox 937 3498 998 3543; x_wconf 85' lang='lat' dir='ltr'><strong>Dec.</strong></span> <span class='ocrx_word' id='word_1_175' title='bbox 1025 3491 1110 3562; x_wconf 87' lang='lat'>1520.)</span> 
     </span>
    </p>
   </div>
   <div class='ocr_carea' id='block_1_5' title="bbox 446 3609 1233 3691">
    <p class='ocr_par' dir='ltr' id='par_1_10' title="bbox 446 3609 1233 3691">
     <span class='ocr_line' id='line_1_28' title="bbox 446 3609 1233 3691; baseline -0.006 -18"><span class='ocrx_word' id='word_1_176' title='bbox 446 3611 664 3676; x_wconf 84' lang='lat' dir='ltr'><strong>Reverende</strong></span> <span class='ocrx_word' id='word_1_177' title='bbox 689 3612 797 3673; x_wconf 90' lang='lat' dir='ltr'><strong>Pater</strong></span> <span class='ocrx_word' id='word_1_178' title='bbox 821 3612 932 3674; x_wconf 85' lang='lat' dir='ltr'><strong>amice</strong></span> <span class='ocrx_word' id='word_1_179' title='bbox 958 3610 1003 3673; x_wconf 93' lang='lat' dir='ltr'><strong>mi</strong></span> <span class='ocrx_word' id='word_1_180' title='bbox 1028 3609 1233 3691; x_wconf 86' lang='lat' dir='ltr'><strong>praecipue!</strong></span> 
     </span>
    </p>
   </div>
   <div class='ocr_carea' id='block_1_6' title="bbox 289 3723 1571 4874">
    <p class='ocr_par' dir='ltr' id='par_1_11' title="bbox 289 3723 1571 4874">
     <span class='ocr_line' id='line_1_29' title="bbox 377 3723 1566 3807; baseline -0.005 -19"><span class='ocrx_word' id='word_1_181' title='bbox 377 3727 426 3790; x_wconf 89' lang='lat' dir='ltr'><strong>Le</strong></span> <span class='ocrx_word' id='word_1_182' title='bbox 442 3729 568 3790; x_wconf 90' lang='lat' dir='ltr'><strong>lettere</strong></span> <span class='ocrx_word' id='word_1_183' title='bbox 586 3736 704 3790; x_wconf 89' lang='lat' dir='ltr'><strong>vostre</strong></span> <span class='ocrx_word' id='word_1_184' title='bbox 729 3728 774 3790; x_wconf 90' lang='lat' dir='ltr'><strong>de</strong></span> <span class='ocrx_word' id='word_1_185' title='bbox 800 3728 846 3789; x_wconf 84' lang='lat' dir='ltr'><strong>X.</strong></span> <span class='ocrx_word' id='word_1_186' title='bbox 874 3729 930 3788; x_wconf 81' lang='lat' dir='ltr'><strong>del</strong></span> <span class='ocrx_word' id='word_1_187' title='bbox 957 3738 1101 3807; x_wconf 87' lang='lat' dir='ltr'><strong>passato</strong></span> <span class='ocrx_word' id='word_1_188' title='bbox 1126 3746 1146 3786; x_wconf 89' lang='lat' dir='ltr'><strong>a</strong></span> <span class='ocrx_word' id='word_1_189' title='bbox 1165 3725 1292 3786; x_wconf 82' lang='lat' dir='ltr'><strong>Nostro</strong></span> <span class='ocrx_word' id='word_1_190' title='bbox 1308 3723 1461 3802; x_wconf 76' lang='lat' dir='ltr'><strong>Signore</strong></span> <span class='ocrx_word' id='word_1_191' title='bbox 1487 3734 1522 3783; x_wconf 86' lang='lat' dir='ltr'><strong>et</strong></span> <span class='ocrx_word' id='word_1_192' title='bbox 1546 3743 1566 3782; x_wconf 91' lang='lat' dir='ltr'><strong>a</strong></span> 
     </span>
     <span class='ocr_line' id='line_1_30' title="bbox 289 3828 1566 3917; baseline -0.006 -20"><span class='ocrx_word' id='word_1_193' title='bbox 289 3836 346 3897; x_wconf 91' lang='lat' dir='ltr'><strong>noi</strong></span> <span class='ocrx_word' id='word_1_194' title='bbox 380 3839 498 3897; x_wconf 88' lang='lat' dir='ltr'><strong>hanno</strong></span> <span class='ocrx_word' id='word_1_195' title='bbox 531 3846 673 3917; x_wconf 85' lang='lat' dir='ltr'><strong>portato</strong></span> <span class='ocrx_word' id='word_1_196' title='bbox 698 3856 831 3898; x_wconf 90' lang='lat' dir='ltr'><strong>summo</strong></span> <span class='ocrx_word' id='word_1_197' title='bbox 856 3835 1009 3916; x_wconf 85' lang='lat' dir='ltr'><strong>piacere,</strong></span> <span class='ocrx_word' id='word_1_198' title='bbox 1044 3835 1110 3895; x_wconf 89' lang='lat' dir='ltr'><strong>che</strong></span> <span class='ocrx_word' id='word_1_199' title='bbox 1134 3853 1198 3914; x_wconf 92' lang='lat' dir='ltr'><strong>per</strong></span> <span class='ocrx_word' id='word_1_200' title='bbox 1224 3833 1340 3912; x_wconf 91' lang='lat' dir='ltr'><strong>quelle</strong></span> <span class='ocrx_word' id='word_1_201' title='bbox 1365 3829 1394 3890; x_wconf 93' lang='lat' dir='ltr'><strong>si</strong></span> <span class='ocrx_word' id='word_1_202' title='bbox 1418 3828 1437 3889; x_wconf 78' lang='grc' dir='ltr'>ὲ</span> <span class='ocrx_word' id='word_1_203' title='bbox 1462 3849 1566 3890; x_wconf 92' lang='lat' dir='ltr'><strong>cono-</strong></span> 
     </span>
     <span class='ocr_line' id='line_1_31' title="bbox 290 3935 1569 4023; baseline -0.005 -19"><span class='ocrx_word' id='word_1_204' title='bbox 290 3944 401 4006; x_wconf 89' lang='lat' dir='ltr'><strong>sciuto</strong></span> <span class='ocrx_word' id='word_1_205' title='bbox 434 3953 566 4023; x_wconf 84' lang='lat' dir='ltr'><strong>quanta</strong></span> <span class='ocrx_word' id='word_1_206' title='bbox 598 3942 650 4004; x_wconf 87' lang='lat' dir='ltr'><strong>sia</strong></span> <span class='ocrx_word' id='word_1_207' title='bbox 675 3953 766 4004; x_wconf 86' lang='lat' dir='ltr'><strong>stata</strong></span> <span class='ocrx_word' id='word_1_208' title='bbox 794 3941 1050 4004; x_wconf 82' lang='lat' dir='ltr'><strong>l&#39;osservantia</strong></span> <span class='ocrx_word' id='word_1_209' title='bbox 1074 3951 1109 4002; x_wconf 90' lang='lat' dir='ltr'><strong>et</strong></span> <span class='ocrx_word' id='word_1_210' title='bbox 1133 3939 1215 4002; x_wconf 79' lang='lat' dir='ltr'><strong>fede</strong></span> <span class='ocrx_word' id='word_1_211' title='bbox 1240 3938 1274 3999; x_wconf 92' lang='lat' dir='ltr'><strong>di</strong></span> <span class='ocrx_word' id='word_1_212' title='bbox 1301 3937 1389 3999; x_wconf 88' lang='lat' dir='ltr'><strong>tanti</strong></span> <span class='ocrx_word' id='word_1_213' title='bbox 1415 3935 1569 4017; x_wconf 83' lang='lat' dir='ltr'><strong>Segnori</strong></span> 
     </span>
     <span class='ocr_line' id='line_1_32' title="bbox 290 4044 1567 4131; baseline -0.007 -18"><span class='ocrx_word' id='word_1_214' title='bbox 290 4061 325 4113; x_wconf 90' lang='lat' dir='ltr'><strong>et</strong></span> <span class='ocrx_word' id='word_1_215' title='bbox 357 4051 391 4111; x_wconf 92' lang='lat' dir='ltr'><strong>di</strong></span> <span class='ocrx_word' id='word_1_216' title='bbox 423 4059 514 4112; x_wconf 86' lang='lat' dir='ltr'><strong>tutta</strong></span> <span class='ocrx_word' id='word_1_217' title='bbox 547 4051 665 4131; x_wconf 90' lang='lat' dir='ltr'><strong>quella</strong></span> <span class='ocrx_word' id='word_1_218' title='bbox 690 4050 841 4112; x_wconf 85' lang='lat' dir='ltr'><strong>Natione</strong></span> <span class='ocrx_word' id='word_1_219' title='bbox 874 4047 1141 4130; x_wconf 85' lang='lat' dir='ltr'><strong>religiosissima</strong></span> <span class='ocrx_word' id='word_1_220' title='bbox 1165 4066 1268 4107; x_wconf 88' lang='lat' dir='ltr'><strong>verso</strong></span> <span class='ocrx_word' id='word_1_221' title='bbox 1294 4048 1328 4106; x_wconf 88' lang='lat' dir='ltr'><strong>la</strong></span> <span class='ocrx_word' id='word_1_222' title='bbox 1353 4045 1447 4106; x_wconf 74' lang='lat' dir='ltr'><strong>Sede</strong></span> <span class='ocrx_word' id='word_1_223' title='bbox 1472 4044 1567 4123; x_wconf 81' lang='lat' dir='ltr'><strong>Apo·</strong></span> 
     </span>
     <span class='ocr_line' id='line_1_33' title="bbox 290 4150 1569 4238; baseline -0.006 -18"><span class='ocrx_word' id='word_1_224' title='bbox 290 4159 415 4220; x_wconf 85' lang='lat' dir='ltr'><strong>stolica</strong></span> <span class='ocrx_word' id='word_1_225' title='bbox 447 4167 570 4219; x_wconf 87' lang='lat' dir='ltr'><strong>contra</strong></span> <span class='ocrx_word' id='word_1_226' title='bbox 603 4159 685 4238; x_wconf 87' lang='lat' dir='ltr'><strong>quel</strong></span> <span class='ocrx_word' id='word_1_227' title='bbox 717 4177 810 4220; x_wconf 91' lang='lat' dir='ltr'><strong>novo</strong></span> <span class='ocrx_word' id='word_1_228' title='bbox 838 4156 943 4235; x_wconf 82' lang='lat' dir='ltr'><strong>Ario,</strong></span> <span class='ocrx_word' id='word_1_229' title='bbox 978 4176 1064 4218; x_wconf 81' lang='lat' dir='ltr'><strong>over</strong></span> <span class='ocrx_word' id='word_1_230' title='bbox 1096 4154 1276 4216; x_wconf 86' lang='lat' dir='ltr'><strong>Maumeth</strong></span> <span class='ocrx_word' id='word_1_231' title='bbox 1304 4154 1369 4214; x_wconf 88' lang='lat' dir='ltr'><strong>che</strong></span> <span class='ocrx_word' id='word_1_232' title='bbox 1403 4150 1502 4211; x_wconf 92' lang='lat' dir='ltr'><strong>lddio</strong></span> <span class='ocrx_word' id='word_1_233' title='bbox 1534 4152 1569 4212; x_wconf 94' lang='lat' dir='ltr'><strong>lo</strong></span> 
     </span>
     <span class='ocr_line' id='line_1_34' title="bbox 291 4258 1569 4345; baseline -0.005 -19"><span class='ocrx_word' id='word_1_234' title='bbox 291 4265 427 4327; x_wconf 90' lang='lat' dir='ltr'><strong>riduchi</strong></span> <span class='ocrx_word' id='word_1_235' title='bbox 459 4287 480 4327; x_wconf 89' lang='lat' dir='ltr'><strong>a</strong></span> <span class='ocrx_word' id='word_1_236' title='bbox 511 4264 635 4329; x_wconf 76' lang='lat' dir='ltr'><strong>sanita.</strong></span> <span class='ocrx_word' id='word_1_237' title='bbox 696 4264 827 4327; x_wconf 90' lang='lat' dir='ltr'><strong>Nostro</strong></span> <span class='ocrx_word' id='word_1_238' title='bbox 859 4265 1013 4345; x_wconf 83' lang='lat' dir='ltr'><strong>Signore</strong></span> <span class='ocrx_word' id='word_1_239' title='bbox 1045 4272 1144 4324; x_wconf 89' lang='lat' dir='ltr'><strong>certo</strong></span> <span class='ocrx_word' id='word_1_240' title='bbox 1176 4261 1385 4323; x_wconf 89' lang='lat' dir='ltr'><strong>commenda</strong></span> <span class='ocrx_word' id='word_1_241' title='bbox 1420 4258 1512 4320; x_wconf 88' lang='lat' dir='ltr'><strong>assai</strong></span> <span class='ocrx_word' id='word_1_242' title='bbox 1546 4258 1569 4319; x_wconf 92' lang='lat' dir='ltr'><strong>il</strong></span> 
     </span>
     <span class='ocr_line' id='line_1_35' title="bbox 291 4364 1569 4452; baseline -0.009 -16"><span class='ocrx_word' id='word_1_243' title='bbox 291 4373 407 4436; x_wconf 88' lang='lat' dir='ltr'><strong>studio</strong></span> <span class='ocrx_word' id='word_1_244' title='bbox 441 4384 476 4436; x_wconf 80' lang='lat' dir='ltr'><strong>ot</strong></span> <span class='ocrx_word' id='word_1_245' title='bbox 506 4373 589 4436; x_wconf 85' lang='lat' dir='ltr'><strong>fede</strong></span> <span class='ocrx_word' id='word_1_246' title='bbox 621 4383 759 4451; x_wconf 87' lang='lat' dir='ltr'><strong>vostra,</strong></span> <span class='ocrx_word' id='word_1_247' title='bbox 794 4385 828 4433; x_wconf 92' lang='lat' dir='ltr'><strong>et</strong></span> <span class='ocrx_word' id='word_1_248' title='bbox 860 4372 893 4433; x_wconf 91' lang='lat' dir='ltr'><strong>in</strong></span> <span class='ocrx_word' id='word_1_249' title='bbox 920 4383 1047 4452; x_wconf 86' lang='lat' dir='ltr'><strong>questa</strong></span> <span class='ocrx_word' id='word_1_250' title='bbox 1070 4389 1153 4431; x_wconf 89' lang='lat' dir='ltr'><strong>cosa</strong></span> <span class='ocrx_word' id='word_1_251' title='bbox 1177 4376 1273 4429; x_wconf 86' lang='lat' dir='ltr'><strong>resta</strong></span> <span class='ocrx_word' id='word_1_252' title='bbox 1296 4366 1343 4428; x_wconf 86' lang='lat' dir='ltr'><strong>lin</strong></span> <span class='ocrx_word' id='word_1_253' title='bbox 1368 4365 1426 4446; x_wconf 92' lang='lat' dir='ltr'><strong>qui</strong></span> <span class='ocrx_word' id='word_1_254' title='bbox 1453 4365 1487 4426; x_wconf 91' lang='lat' dir='ltr'><strong>di</strong></span> <span class='ocrx_word' id='word_1_255' title='bbox 1512 4364 1569 4426; x_wconf 92' lang='lat' dir='ltr'><strong>voi</strong></span> 
     </span>
     <span class='ocr_line' id='line_1_36' title="bbox 292 4471 1568 4563; baseline -0.009 -20"><span class='ocrx_word' id='word_1_256' title='bbox 292 4481 506 4543; x_wconf 87' lang='lat' dir='ltr'><strong>soddisfatto</strong></span> <span class='ocrx_word' id='word_1_257' title='bbox 531 4503 552 4543; x_wconf 91' lang='lat' dir='ltr'><strong>a</strong></span> <span class='ocrx_word' id='word_1_258' title='bbox 576 4480 694 4563; x_wconf 86' lang='lat' dir='ltr'><strong>pien0,</strong></span> <span class='ocrx_word' id='word_1_259' title='bbox 719 4483 784 4543; x_wconf 89' lang='lat' dir='ltr'><strong>che</strong></span> <span class='ocrx_word' id='word_1_260' title='bbox 810 4481 868 4543; x_wconf 91' lang='lat' dir='ltr'><strong>noi</strong></span> <span class='ocrx_word' id='word_1_261' title='bbox 894 4501 937 4541; x_wconf 93' lang='lat' dir='ltr'><strong>ne</strong></span> <span class='ocrx_word' id='word_1_262' title='bbox 963 4479 1112 4541; x_wconf 76' lang='lat' dir='ltr'><strong>sentimo</strong></span> <span class='ocrx_word' id='word_1_263' title='bbox 1137 4496 1225 4556; x_wconf 76' lang='lat' dir='ltr'><strong>gran</strong></span> <span class='ocrx_word' id='word_1_264' title='bbox 1247 4483 1430 4539; x_wconf 83' lang='lat' dir='ltr'><strong>content0;</strong></span> <span class='ocrx_word' id='word_1_265' title='bbox 1456 4471 1568 4554; x_wconf 87' lang='lat' dir='ltr'><strong>segui-</strong></span> 
     </span>
     <span class='ocr_line' id='line_1_37' title="bbox 293 4578 1571 4670; baseline -0.007 -22"><span class='ocrx_word' id='word_1_266' title='bbox 293 4599 365 4650; x_wconf 87' lang='lat' dir='ltr'><strong>tate</strong></span> <span class='ocrx_word' id='word_1_267' title='bbox 397 4609 464 4650; x_wconf 89' lang='lat' dir='ltr'><strong>con</strong></span> <span class='ocrx_word' id='word_1_268' title='bbox 494 4588 685 4670; x_wconf 89' lang='lat' dir='ltr'><strong>prudentia</strong></span> <span class='ocrx_word' id='word_1_269' title='bbox 717 4599 752 4651; x_wconf 89' lang='lat' dir='ltr'><strong>et</strong></span> <span class='ocrx_word' id='word_1_270' title='bbox 782 4587 974 4664; x_wconf 85' lang='lat' dir='ltr'><strong>modestia,</strong></span> <span class='ocrx_word' id='word_1_271' title='bbox 1009 4583 1296 4666; x_wconf 87' lang='lat' dir='ltr'><strong>persuadendovi</strong></span> <span class='ocrx_word' id='word_1_272' title='bbox 1326 4583 1391 4642; x_wconf 90' lang='lat' dir='ltr'><strong>che</strong></span> <span class='ocrx_word' id='word_1_273' title='bbox 1424 4579 1457 4640; x_wconf 90' lang='lat' dir='ltr'><strong>in</strong></span> <span class='ocrx_word' id='word_1_274' title='bbox 1484 4578 1571 4641; x_wconf 87' lang='lat' dir='ltr'><strong>Celo</strong></span> 
     </span>
     <span class='ocr_line' id='line_1_38' title="bbox 294 4685 1571 4759; baseline -0.008 -3"><span class='ocrx_word' id='word_1_275' title='bbox 294 4706 329 4757; x_wconf 87' lang='lat' dir='ltr'><strong>et</strong></span> <span class='ocrx_word' id='word_1_276' title='bbox 353 4695 386 4756; x_wconf 93' lang='lat' dir='ltr'><strong>in</strong></span> <span class='ocrx_word' id='word_1_277' title='bbox 414 4708 508 4759; x_wconf 88' lang='lat' dir='ltr'><strong>terra</strong></span> <span class='ocrx_word' id='word_1_278' title='bbox 533 4707 648 4758; x_wconf 85' lang='lat' dir='ltr'><strong>sarete</strong></span> <span class='ocrx_word' id='word_1_279' title='bbox 672 4705 907 4759; x_wconf 89' lang='lat' dir='ltr'><strong>remunerato.</strong></span> <span class='ocrx_word' id='word_1_280' title='bbox 934 4693 1067 4756; x_wconf 89' lang='lat' dir='ltr'><strong>Danari</strong></span> <span class='ocrx_word' id='word_1_281' title='bbox 1083 4692 1117 4754; x_wconf 92' lang='lat' dir='ltr'><strong>vi</strong></span> <span class='ocrx_word' id='word_1_282' title='bbox 1133 4709 1286 4754; x_wconf 87' lang='lat' dir='ltr'><strong>saranno</strong></span> <span class='ocrx_word' id='word_1_283' title='bbox 1302 4687 1439 4750; x_wconf 92' lang='lat' dir='ltr'><strong>rimessi</strong></span> <span class='ocrx_word' id='word_1_284' title='bbox 1455 4685 1571 4748; x_wconf 90' lang='lat' dir='ltr'><strong>subito</strong></span> 
     </span>
     <span class='ocr_line' id='line_1_39' title="bbox 294 4794 1570 4874; baseline -0.01 -8"><span class='ocrx_word' id='word_1_285' title='bbox 294 4816 329 4866; x_wconf 90' lang='lat' dir='ltr'><strong>et</strong></span> <span class='ocrx_word' id='word_1_286' title='bbox 353 4825 423 4870; x_wconf 90' lang='lat' dir='ltr'><strong>non</strong></span> <span class='ocrx_word' id='word_1_287' title='bbox 449 4808 608 4870; x_wconf 90' lang='lat' dir='ltr'><strong>dubitate</strong></span> <span class='ocrx_word' id='word_1_288' title='bbox 632 4805 668 4867; x_wconf 91' lang='lat' dir='ltr'><strong>vi</strong></span> <span class='ocrx_word' id='word_1_289' title='bbox 692 4803 722 4866; x_wconf 91' lang='lat' dir='ltr'><strong>si</strong></span> <span class='ocrx_word' id='word_1_290' title='bbox 746 4802 833 4865; x_wconf 89' lang='lat' dir='ltr'><strong>lasci</strong></span> <span class='ocrx_word' id='word_1_291' title='bbox 857 4821 1021 4864; x_wconf 87' lang='lat' dir='ltr'><strong>mancare</strong></span> <span class='ocrx_word' id='word_1_292' title='bbox 1046 4821 1130 4863; x_wconf 88' lang='lat' dir='ltr'><strong>cosa</strong></span> <span class='ocrx_word' id='word_1_293' title='bbox 1152 4794 1353 4860; x_wconf 87' lang='lat' dir='ltr'><strong>necessaria</strong></span> <span class='ocrx_word' id='word_1_294' title='bbox 1371 4815 1457 4857; x_wconf 88' lang='lat' dir='ltr'><strong>over</strong></span> <span class='ocrx_word' id='word_1_295' title='bbox 1473 4813 1570 4874; x_wconf 81' lang='lat' dir='ltr'><strong>espe-</strong></span> 
     </span>
    </p>
   </div>
   <div class='ocr_carea' id='block_1_7' title="bbox 0 0 1695 5580">
    <p class='ocr_par' dir='ltr' id='par_1_12' title="bbox 0 0 1695 5580">
     <span class='ocr_line' id='line_1_40' title="bbox 0 0 1695 5580; baseline 0 0"><span class='ocrx_word' id='word_1_296' title='bbox 0 0 1695 5580; x_wconf 95' lang='lat' dir='ltr'><strong> </strong></span> 
     </span>
    </p>
   </div>
  </div>
 </body>
</html>
