3330 5580
817 478 1045 533 Μ’]12ΕῊ

291 625 463 704 Joannem
480 627 627 689 Echium
652 628 784 691 licteris
800 629 1006 711 apostolicis
1031 631 1076 692 ad
1093 632 1358 712 procedendum
1379 632 1485 713 juxta
1501 653 1569 695 mo·

291 734 373 796 dum
400 746 435 796 et
459 735 608 797 formam
633 736 669 797 in
695 736 827 799 eisdem
852 737 985 799 licteris
1011 739 1188 801 contentis
1205 748 1330 801 contra
1347 752 1382 802 et
1398 742 1571 803 adversus

292 842 469 921 quendam
494 842 639 905 fratrem
663 843 854 906 Martinum
880 844 1013 906 liuther
1046 855 1082 907 et
1113 847 1186 928 ejus
1218 845 1351 928 scripta
1382 847 1571 910 fuissemus

292 949 462 1030 requisiti,
488 971 640 1013 necnon
665 952 767 1014 nobis
792 952 868 1014 sine
885 973 1070 1030 consensu,
1096 963 1193 1015 certa
1210 954 1370 1035 scientia,
1386 956 1570 1018 voluntate

291 1059 436 1119 decreto
467 1069 503 1119 et
533 1061 700 1121 mandato
734 1069 876 1121 vestrae
900 1058 1075 1122 Caesaree
1105 1069 1140 1122 et
1165 1061 1347 1123 Catholice
1371 1062 1570 1143 Majestatis

291 1164 341 1225 uti
365 1164 536 1246 principis
560 1176 596 1227 et
619 1165 818 1229 fundatoris
851 1166 962 1228 nostri
986 1169 1183 1248 procedere
1214 1168 1249 1229 in
1275 1178 1345 1229 tam
1370 1170 1482 1231 arduo
1513 1190 1568 1232 ne-

291 1271 396 1352 gocio
428 1272 540 1334 licuit:
597 1273 715 1353 Quare
746 1294 888 1336 causam
921 1275 1034 1355 ipsam
1067 1275 1111 1336 ad
1144 1273 1342 1337 Caesareae
1373 1286 1408 1338 et
1441 1275 1568 1338 Catho-

291 1378 609 1462 licae'sMajestatis
643 1380 793 1443 Vestrae
829 1381 994 1444 noticiam
1034 1382 1293 1443 devolvendam
1332 1383 1497 1445 duximus
1533 1394 1569 1446 et

290 1485 384 1547 illius
409 1487 596 1548 occasione
613 1488 905 1568 protestationem
931 1490 1126 1551 solemnem
1142 1488 1290 1551 fecimus
1306 1499 1341 1552 et
1356 1490 1567 1572 interposui·

292 1613 366 1655 mus
390 1593 582 1675 copiasque
608 1595 762 1676 ejusdem
788 1598 833 1657 ad
866 1596 1029 1658 Vestram
1055 1596 1266 1658 Caesaream
1291 1607 1324 1658 et
1348 1597 1567 1660 Catholicam

289 1699 511 1781 Majestatem
536 1702 813 1780 transmittimus,
830 1703 1007 1765 humiliter
1022 1704 1173 1766 eandem
1184 1714 1337 1766 vestram
1355 1705 1567 1767 Caesaream

291 1819 326 1870 et
350 1807 568 1871 Catholicam
593 1809 815 1891 Majestatem
847 1813 1000 1891 desuper
1030 1811 1168 1873 devotis
1201 1811 1367 1892 precibus
1392 1822 1566 1893 petentes,

290 1915 457 1998 dignetur
475 1917 519 1978 de
536 1926 653 1979 mente
671 1927 706 1980 et
721 1917 916 1980 intentione
933 1930 1073 1980 vestrae
1088 1919 1286 1982 Caesareae
1302 1940 1340 1980 ac
1360 1918 1566 1981 Catholicae

289 2023 485 2105 Majestatis
509 2045 574 2087 nos
594 2024 763 2087 certiores
784 2024 937 2105 efficere,
963 2027 1047 2106 quid
1072 2028 1117 2087 ad
1143 2036 1276 2088 tantam
1294 2025 1566 2106 exquisitionem

289 2131 392 2193 nobis
416 2134 594 2215 agendum
617 2132 748 2195 veniat.
787 2133 970 2195 Noluimus
995 2132 1086 2194 enim
1111 2133 1148 2195 in
1173 2143 1271 2195 tanto
1296 2153 1412 2194 rerum
1445 2133 1564 2195 discri-

290 2239 382 2302 mine
407 2261 453 2301 ex
478 2240 593 2302 causis
618 2250 653 2302 et
678 2240 818 2302 motivis
840 2240 876 2302 in
902 2242 1025 2302 eadem
1042 2240 1299 2322 protestatione
1322 2240 1484 2302 deductis
1507 2261 1564 2302 ve·

290 2358 395 2409 stram
423 2349 633 2410 Caesaream
663 2357 698 2409 et
723 2347 940 2410 Catholicam
965 2347 1187 2428 Majestatem
1225 2347 1408 2429 preteriri,
1450 2368 1565 2428 neque

288 2456 381 2521 illius
406 2455 593 2517 occasione
617 2454 812 2535 Majestatis
844 2467 983 2516 vestrae
1008 2454 1276 2536 indignationen
1302 2454 1470 2535 incidere,
1502 2457 1565 2517 sed

289 2568 507 2627 voluntatem
533 2574 685 2624 mentem
717 2572 752 2624 et
776 2561 990 2624 decisionem
1017 2562 1171 2641 ejusdem
1197 2561 1393 2642 Maiestatis
1424 2571 1565 2624 vestrae

289 2682 498 2754 expectare:
532 2671 594 2734 Cui
632 2690 696 2732 nos
734 2690 943 2751 omnemque
978 2690 1121 2751 operam
1154 2679 1310 2731 nostram
1348 2670 1566 2731 devovemus

288 2779 478 2843 subicimus
512 2789 547 2838 et
580 2777 772 2840 humillime
806 2776 854 2839 uti
879 2777 1030 2858 principi
1064 2790 1097 2838 et
1132 2776 1309 2838 fundatori
1339 2787 1460 2838 nostro
1495 2778 1564 2839 cle·

287 2887 502 2949 meritissimo
528 2885 824 2947 commendamus.

376 2996 506 3056 Datum
523 2993 686 3054 Viennae
703 2993 759 3055 die
777 2994 881 3054 lunae
906 2991 1043 3053 decima
1069 2990 1267 3053 decembris
1293 2992 1398 3053 Anno
1421 2990 1563 3053 Domini

289 3104 475 3166 Vicesim0.
501 3103 560 3165 Sic
578 3101 813 3182 subscriptum
834 3100 983 3161 Vestrae
1001 3100 1200 3162 Caesareae
1216 3108 1251 3159 et
1269 3097 1473 3160 Catholicae
1491 3099 1564 3161 Ma·

283 3212 421 3293 jestatis
445 3211 594 3273 humiles
619 3208 813 3290 Capellani,
839 3209 993 3286 Rector,
1025 3207 1199 3268 Doctores
1231 3218 1266 3268 et
1291 3205 1453 3287 Magistri
1485 3205 1564 3267 Uni-

287 3317 464 3380 versitatis
489 3317 662 3380 Viennae.
690 3353 727 3361 -
755 3316 796 3378 ln
821 3317 919 3377 (larsa
949 3315 1161 3377 liturarum:
1193 3313 1455 3375 Gloriosissimo
1486 3313 1563 3375 Illu-

287 3426 458 3487 strissimo
474 3435 507 3486 et
521 3423 750 3485 invictissimo
768 3423 919 3504 principi
933 3421 1127 3483 etDomino
1137 3421 1286 3482 Domino
1296 3421 1562 3483 CaroloRoma·

287 3553 410 3594 norum
428 3531 691 3614 imperatoriae
711 3531 959 3611 Hispaniarum
984 3529 1163 3608 utriusque
1182 3527 1322 3589 Siciliae
1349 3540 1383 3588 et
1399 3527 1563 3605 Jherusa·

286 3643 354 3704 lem
379 3639 476 3721 Regi
501 3639 694 3702 Archiduci
726 3638 857 3700 austrie
888 3648 923 3700 et
958 3637 1109 3698 Domino
1144 3647 1264 3698 nostro
1296 3635 1563 3718 gratiosissimo

288 3787 329 3792 --
355 3748 392 3808 ln
427 3747 576 3809 Nomine
608 3746 748 3809 Domini
779 3746 886 3808 Anno
918 3767 938 3806 a
964 3744 1158 3806 Nativitate
1192 3746 1348 3825 ejusdem
1378 3742 1564 3806 millesimo

287 3853 571 3935 quingentesimo
588 3854 770 3935 vigesim0‚
796 3853 989 3915 indictione
1008 3866 1145 3927 octava,
1172 3852 1228 3915 die
1246 3873 1331 3913 vero
1349 3854 1453 3913 lunae
1470 3871 1564 3930 quae

288 3972 364 4023 erat
396 3962 533 4024 decima
564 3962 693 4024 mensis
726 3961 933 4024 Decembris
971 3962 1058 4022 hora
1094 3970 1221 4022 octava
1259 3972 1341 4020 ante
1381 3957 1563 4022 meridiem

287 4069 513 4150 pontificatus
538 4070 748 4134 sanctissimi
771 4069 807 4131 in
833 4069 972 4130 Christo
998 4067 1109 4148 patris
1134 4077 1168 4129 et
1187 4066 1326 4128 Domini
1357 4065 1467 4127 nostri
1494 4067 1562 4128 Do·

287 4175 370 4237 mini
403 4175 532 4238 Leonis
566 4175 685 4238 divina
717 4175 942 4258 providentia
974 4176 1095 4255 Papae
1128 4174 1255 4236 decimi
1288 4194 1380 4233 anno
1415 4184 1562 4238 octavo:

287 4283 497 4364 Magnificus
521 4304 562 4346 ac
589 4283 765 4366 Egregius
791 4283 854 4344 Vir
879 4282 1218 4368 Juannes'Ubeulhe
1245 4281 1393 4341 lleirser
1424 4281 1563 4345 Artium

288 4404 321 4451 et
347 4391 599 4453 saluberrimae
623 4391 821 4453 medicinae
839 4391 984 4469 Doctor,
1005 4389 1254 4451 Universitatis
1278 4389 1382 4450 studii
1402 4390 1563 4456 Viennae

287 4509 414 4575 rector,
440 4499 586 4575 Decani,
611 4510 872 4580 procuratores,
897 4497 1105 4576 Consiliarii‚
1139 4508 1172 4557 et
1203 4517 1402 4559 assessores
1433 4499 1563 4563 dictam

287 4605 553 4668 universitatem
571 4616 899 4688 repraesentantes:
926 4606 964 4666 ln
984 4605 1049 4666 mei
1067 4604 1202 4666 Notarii
1220 4605 1352 4685 publici
1369 4615 1403 4667 et
1422 4607 1564 4671 testium

286 4711 590 4793 infrascriptorum
614 4713 793 4795 presentia
817 4715 863 4773 ad
888 4715 954 4774 hoc
979 4711 1181 4793 specialiter
1206 4724 1410 4774 vocatorum
1444 4724 1479 4775 et
1511 4735 1562 4777 ro-

285 4829 449 4902 gatorum
467 4821 703 4901 personaliter
727 4820 920 4900 constituti,
945 4820 980 4882 in
1006 4819 1110 4881 solita
1135 4818 1219 4881 dicti
1235 4819 1376 4881 Domini
1393 4822 1562 4885 Rectoris
