3330 5580
715 486 963 542 ζ>·<3107ῖ><>

188 652 259 714 per
284 634 320 693 la
344 632 518 694 necessita
540 633 634 694 della
651 653 744 712 cosa,
770 632 969 715 supplicola
983 632 1084 695 flexis
1100 632 1252 714 genibus
1267 633 1301 694 la
1318 654 1356 693 se
1372 629 1480 712 degni

188 760 368 801 conoscer
392 761 463 801 una
486 749 588 821 parte
613 740 658 802 de
683 742 717 802 la
740 740 809 802 mia
833 739 1081 802 iustificatione
1107 750 1141 801 et
1166 737 1331 801 intender
1350 739 1477 800 medul-

188 847 276 908 litus
308 846 333 908 il
363 855 458 909 stato
488 847 533 908 de
564 847 599 908 la
630 867 713 909 cosa
747 866 846 909 come
876 847 904 910 ὲ.
952 847 1047 911 Baso
1072 845 1298 909 humilmente
1322 847 1356 907 le
1380 865 1481 906 sacre

189 953 289 1015 mani
315 952 351 1014 di
376 953 420 1018 V.
446 952 483 1016 S.
508 953 629 1032 Rma„
661 953 893 1019 Wormatiae.

812 1293 865 1358 38.

494 1394 914 1481 'vicecancellarius
943 1400 1161 1482 Aleandro.

631 1529 775 1601 mutiat.
794 1528 921 1588 German.
939 1529 970 1588 1..
989 1529 1044 1601 ³³.)

684 1629 762 1699 (1521
783 1660 819 1669 -
838 1633 862 1682 8.
883 1633 992 1698 Martii.)

287 1731 332 1793 Vi
358 1730 387 1793 si
411 1732 542 1793 manda
566 1732 601 1793 la
624 1731 729 1812 copia
758 1731 854 1793 della
885 1730 1039 1814 risposta
1072 1733 1138 1795 che
1169 1732 1290 1796 fecero
1323 1732 1382 1794 alli
1415 1732 1478 1794 Le·

191 1840 269 1923 gati
312 1839 348 1901 di
379 1838 509 1901 Nostro
542 1836 697 1920 Signore
730 1837 754 1900 li
786 1837 945 1919 priucipi
977 1836 1127 1900 Elettori
1163 1848 1199 1900 et
1238 1839 1317 1900 altri
1352 1838 1478 1919 grandi

193 1950 291 2012 nella
315 1945 423 2008 Dieta
448 1944 568 2007 ultima
593 1945 687 2007 della
711 1943 816 2007 felice
842 1943 1012 2007 memoria
1036 1944 1072 2006 di
1096 1943 1360 2025 MaximilianO,
1386 1947 1479 2008 nella

194 2057 303 2137 quale
338 2055 549 2120 intervenne
588 2052 612 2115 il
644 2050 946 2115 Prothonothario
978 2051 1208 2132 Caracci010,
1246 2062 1280 2114 et
1312 2054 1346 2114 la
1377 2053 1480 2134 copia

193 2162 291 2225 della
315 2159 452 2241 replica
476 2159 504 2220 si
529 2159 608 2222 fece
631 2159 668 2220 di
692 2180 779 2241 qua,
812 2160 949 2221 bench&
982 2179 1049 2241 per
1081 2160 1106 2222 il
1138 2180 1222 2222 caso
1247 2161 1343 2222 della
1368 2170 1479 2222 morte

194 2269 229 2331 di
262 2287 344 2330 esso
374 2265 620 2328 Maximiliano
658 2285 729 2328 non
760 2275 905 2347 potesse
937 2265 1131 2347 pervenire
1162 2287 1183 2327 a
1206 2275 1326 2348 tempo
1358 2288 1379 2328 a
1408 2264 1480 2331 Sua

193 2373 350 2445 Maesta;
382 2372 411 2434 si
436 2373 565 2434 manda
589 2374 748 2435 anchora
771 2371 875 2454 copia
900 2372 944 2434 de
969 2393 1016 2435 un
1041 2376 1152 2436 breve
1176 2375 1241 2436 che
1265 2372 1292 2436 s'
1310 2394 1371 2436 era
1396 2394 1478 2455 pen-

196 2495 272 2545 sato
308 2480 368 2562 qui
402 2479 438 2541 di
472 2479 641 2542 mandare
674 2501 696 2543 a
720 2479 850 2542 Cesare
884 2478 920 2542 in
954 2491 1118 2561 resposta
1142 2481 1237 2542 della
1259 2490 1421 2561 protesta
1446 2491 1479 2543 et

197 2588 358 2652 oratione
391 2588 435 2649 de
461 2587 604 2667 Luther,
637 2588 742 2668 quale
772 2607 843 2649 non
869 2587 887 2650 ὲ
914 2606 1022 2668 parso
1048 2608 1069 2649 a
1092 2587 1223 2650 Nostro
1249 2586 1403 2669 Signore
1429 2587 1481 2651 sia

197 2696 415 2778 expediente
440 2695 624 2757 mandarlo
648 2694 859 2775 perciocche
892 2716 962 2758 non
993 2696 1164 2757 havendo
1195 2697 1317 2758 voluto
1336 2694 1479 2759 'Cesare
1588 2725 1591 2731 ·

197 2805 346 2886 leggere
379 2803 478 2864 detta
512 2811 673 2883 protesta
705 2801 783 2865 anzi
818 2803 1020 2865 havendola
1054 2802 1089 2864 in
1115 2801 1297 2884 presentia
1330 2801 1366 2863 di
1399 2803 1479 2864 tutti

198 2919 368 2973 strazzata
392 2909 422 2972 si
445 2928 546 2971 come
570 2909 629 2971 voi
653 2908 806 2972 scrivete
831 2920 867 2971 et
891 2929 1026 2992 appare
1054 2930 1119 2991 per
1143 2930 1223 2972 essa
1247 2910 1294 2971 da
1309 2908 1369 2971 voi
1385 2930 1477 2972 man·

199 3019 280 3081 data
312 3017 389 3099 qui,
424 3014 499 3078 Sua
529 3014 757 3078 Beatitudine
788 3017 1087 3096 prudentemente
1119 3018 1165 3078 ha
1195 3015 1378 3097 giudicato
1410 3036 1479 3078 non

199 3144 315 3186 essere
341 3124 388 3184 da
411 3122 512 3185 farne
537 3121 595 3203 pin
622 3122 805 3185 mentione
830 3143 851 3184 a
876 3120 949 3184 Sua
971 3120 1127 3203 Maesta,
1153 3123 1196 3185 ne
1221 3122 1257 3184 di
1281 3123 1434 3204 bisogno
1460 3145 1480 3185 a

200 3229 396 3293 confutarla
421 3229 632 3309 altrimente‚
657 3229 800 3292 basiem
827 3230 893 3292 che
919 3229 977 3291 voi
1003 3230 1195 3311 legendola
1218 3228 1301 3292 vine
1326 3230 1480 3293 serviate

200 3358 219 3399 a
239 3335 417 3401 beneficio
442 3336 610 3418 pubblico
636 3337 670 3399 in
696 3338 814 3418 quello
839 3335 946 3418 parra
971 3338 1044 3399 alla
1068 3337 1257 3420 prudentia
1274 3345 1395 3399 vostra
1418 3358 1477 3419 po·

199 3453 344 3507 tervene
368 3445 570 3525 prevalere;
595 3454 687 3506 tutto
712 3444 730 3507 e
756 3443 872 3506 farina
897 3444 955 3506 del
973 3443 1074 3507 Santi
1096 3444 1257 3526 Quattro.
1292 3443 1479 3525 Seguitate

200 3572 262 3632 pur
291 3551 351 3613 voi
376 3550 576 3613 virilmente
605 3571 705 3614 come
736 3551 810 3614 fate
841 3552 973 3632 perche
1004 3553 1101 3614 nella
1125 3551 1293 3613 Dottrina
1321 3561 1356 3614 et
1385 3550 1477 3613 suffi-

201 3659 321 3722 tientia
347 3668 382 3720 et
406 3656 488 3720 fede
512 3668 633 3720 vostra
658 3678 749 3740 gran
779 3668 882 3739 parte
912 3658 1067 3721 consiste
1092 3659 1186 3720 della
1210 3669 1354 3739 sperata
1379 3657 1478 3720 vitto·

201 3765 257 3830 ria.
314 3765 367 3827 La
396 3765 583 3845 prebenda
613 3765 901 3828 Monasteriense
931 3765 966 3826 di
1004 3765 1152 3828 Caserta
1180 3765 1228 3826 lui
1258 3765 1336 3827 dice
1368 3766 1479 3827 haver

201 3875 325 3936 ceduto
357 3870 417 3954 gia
447 3870 481 3934 in
506 3872 631 3934 favore
657 3873 692 3933 di
717 3871 774 3934 chi
797 3871 857 3935 voi
882 3872 1052 3945 scrivete3
1076 3874 1111 3935 la
1135 3893 1219 3934 cosa
1243 3872 1279 3934 di
1304 3871 1478 3953 Capitone

201 4000 300 4060 quem
325 3989 513 4060 tantopere
538 3979 663 4041 laudas
689 3977 748 4061 gia
773 3978 791 4041 ὲ
821 3978 857 4040 in
889 3998 1016 4041 securo
1041 3989 1076 4041 et
1100 3978 1123 4041 il
1148 3979 1330 4041 Bonbasio
1355 3978 1477 4042 Secre-

201 4087 285 4149 tario
311 4087 371 4149 del
396 4083 498 4149 Santi
528 4084 680 4166 Quattro
709 4105 754 4148 ne
778 4085 825 4146 ha
850 4086 885 4146 la
911 4105 995 4147 cura
1023 4096 1059 4147 et
1088 4085 1113 4146 il
1137 4093 1288 4166 patrone
1313 4106 1376 4148 suo
1402 4086 1478 4148 l'ha

202 4196 284 4256 tolta
309 4213 417 4275 sopra
441 4192 476 4255 di
501 4214 549 4256 se.
597 4192 863 4256 Communicate
888 4192 921 4254 el
946 4200 1036 4253 tutto
1066 4192 1120 4253 col
1146 4192 1417 4273 prothonotario
1443 4203 1478 4255 et

201 4301 362 4363 amendui
387 4300 475 4363 siate
500 4299 584 4362 forti
610 4300 703 4362 nella
727 4299 902 4379 battaglia
926 4308 962 4360 et
982 4299 1234 4379 persuadetevi
1259 4302 1325 4361 che
1350 4299 1384 4361 di
1411 4300 1473 4361 nis-

201 4429 283 4470 suna
313 4408 468 4487 impresa
496 4416 640 4488 possete
664 4405 840 4488 riportare
870 4406 917 4467 da
941 4404 1018 4487 ‘Sua
1046 4405 1273 4469 Beatitudine
1305 4408 1347 4469 ne
1380 4407 1474 4468 dalla

201 4512 292 4577 Sede
315 4513 524 4597 Apostolica
549 4514 591 4576 ne
608 4513 772 4593 maggior
793 4513 897 4575 laude
914 4512 958 4574 ne
975 4511 1033 4594 piri
1048 4513 1175 4575 maturi
1200 4524 1235 4575 et
1251 4513 1351 4575 soavi
1367 4513 1476 4593 frutti,

202 4630 233 4683 et
256 4622 480 4684 benevalete.
519 4630 523 4638 '

286 4727 389 4808 Pisis,
414 4727 512 4790 VIII.
537 4727 654 4809 Martij
679 4725 864 4791 MDXXI.

923 4813 1024 4876 voster
1042 4815 1147 4886 Irntor,
1169 4818 1234 4866 vice
1253 4817 1441 4871 Cancellarius.

743 4922 945 4934 mmm·
