3330 5580
753 447 811 506 ΗΒ
851 444 943 506 xxm
982 444 1040 505 θα

259 613 369 677 purae
394 606 429 658 et
453 614 561 658 verae
586 594 768 678 religionis
792 596 1034 677 revocare“²);
1060 595 1115 658 cui
1144 593 1276 673 ,omnis
1301 590 1462 658 ordinum
1487 613 1542 658 ec·

259 702 536 766 clesiasticorum
561 703 734 766 correctio
759 703 968 785 iampridem
992 703 1195 766 desiderata
1220 703 1358 784 erat“³).

347 810 392 872 Et
417 809 581 872 Clemens
605 820 640 873 et
671 830 895 872 successores
929 811 1004 873 eius
1040 809 1196 872 Romani
1228 808 1420 872 Pontifices
1448 811 1542 872 hanc

258 917 420 980 ordinum
445 917 718 997 correctionem,
742 917 838 979 illam
869 917 1053 979 Ecclesiae
1076 915 1364 980 reformationem
1389 916 1543 978 assiduis

257 1025 441 1087 laboribus
466 1034 650 1093 curarunt:
677 1024 888 1087 sanctissimi
905 1024 1036 1105 quique
1060 1023 1126 1085 viri
1142 1022 1326 1086 Ecclesiae
1342 1023 1543 1086 catholicae

257 1131 477 1213 invocarunt,
502 1131 728 1206 adiuvarunt;
761 1131 953 1194 doctissimi
988 1132 1153 1194 catholici
1187 1131 1380 1212 scriptores
1411 1150 1541 1212 propu-

257 1248 431 1319 gnarunt;
449 1239 571 1320 populi
585 1238 752 1301 catholici
765 1238 945 1312 viderunt;
963 1238 1155 1319 scriptores
1171 1257 1311 1320 quoque
1327 1237 1543 1300 dissidentes

257 1345 410 1427 professi
435 1356 515 1408 sunt
541 1359 576 1408 et
599 1347 798 1409 laudarunt.
847 1344 1072 1407 Reformatio
1090 1346 1179 1407 haec
1204 1344 1238 1407 in
1256 1344 1541 1407 aedificationem

256 1452 331 1532 fuit,
358 1463 393 1515 et
418 1452 579 1516 Ecclesia
603 1453 769 1516 Romana
803 1453 960 1534 quotidie
985 1453 1100 1534 magis
1124 1451 1158 1514 in
1184 1451 1355 1515 doctrinis
1379 1452 1466 1533 suis,
1505 1452 1539 1514 in

257 1560 483 1641 dogmatibus
509 1548 591 1623 suis
626 1560 819 1639 illustrata,
853 1559 1061 1637 iustificata,
1097 1559 1325 1622 immobiliter
1361 1569 1540 1639 constans,

256 1676 431 1749 perpetuo
456 1666 615 1748 aequalis
639 1666 721 1741 fuit;
745 1665 866 1745 fidem,
899 1687 1004 1748 quam
1037 1666 1172 1748 antiqui
1196 1675 1397 1744 tenuerunt,
1421 1676 1539 1740 tenet;

257 1773 390 1835 scorias
416 1785 451 1835 et
474 1775 584 1836 lutum
609 1774 642 1835 in
667 1773 831 1836 humanis
855 1773 1055 1835 humaniter
1076 1773 1338 1854 superpositum
1354 1773 1539 1846 abstersit;

257 1883 387 1944 nullam
425 1880 573 1963 Christi,
612 1883 743 1944 nullam
778 1882 892 1962 Petri,
932 1883 1062 1943 nullam
1094 1881 1368 1961 Apostolorum,
1405 1881 1537 1944 nullam

258 1989 401 2051 l’atrum
426 1988 624 2052 doctrinam
648 1999 709 2051 aut
732 1989 865 2067 reiecit,
891 2000 951 2051 aut
975 1985 1147 2050 oblivioni
1172 1987 1280 2050 dedit.

345 2095 523 2177 Numquid
545 2098 669 2159 eadem
686 2116 771 2159 vere
796 2106 832 2159 et
856 2096 994 2158 sincere
1019 2096 1063 2157 de
1089 2093 1333 2157 dissidentium
1351 2093 1537 2156 Reforma-

256 2203 351 2266 tione
376 2202 446 2265 dici
469 2205 643 2284 possunt?
680 2202 858 2284 Numquid
883 2212 1050 2264 constans
1066 2203 1154 2264 haec
1178 2201 1214 2263 in
1238 2201 1419 2281 doctrinis,
1442 2221 1535 2263 num·

255 2310 338 2391 quid
364 2310 534 2392 aequalis,
560 2309 727 2391 numquid
753 2309 974 2372 aedificans?
1009 2309 1185 2370 Lutherus
1209 2307 1285 2388 ipse
1302 2326 1407 2388 quam
1428 2326 1537 2389 saepe

255 2416 465 2479 sententiam
490 2416 655 2480 mutavit!
681 2416 921 2495 Melanchton,
947 2413 1247 2495 Oecolampadius
1270 2411 1537 2493 Armsdorffius,

255 2523 450 2604 Huttenus,
482 2523 664 2602 Erasmus,
690 2523 861 2604 numquid
891 2523 983 2585 inter
1007 2542 1045 2584 se
1070 2520 1310 2583 conveniunt?
1358 2518 1536 2600 Numquid

255 2651 376 2693 eorum
400 2629 490 2693 fides
515 2639 550 2692 et
567 2628 729 2692 doctrina
754 2648 895 2709 semper
920 2629 1043 2690 eadem
1069 2628 1191 2690 stetit?
1230 2625 1377 2708 Ecquid,
1403 2645 1536 2706 quaeso

253 2738 423 2800 intactum
449 2736 667 2818 reliquerunt
692 2755 813 2798 eorum
839 2734 1027 2815 discipuli?
1066 2733 1159 2814 Quid
1174 2733 1242 2795 iam
1261 2736 1305 2795 de
1324 2733 1536 2814 Augustana

254 2843 480 2907 confessione
497 2845 633 2906 restat?
658 2843 804 2923 quidde
829 2841 990 2922 repetitis
1013 2860 1225 2922 semperque
1249 2839 1357 2902 variis
1374 2838 1534 2901 concilia·

253 2951 359 3013 tionis
391 2949 621 3030 christianae,
658 2961 694 3011 ut
720 2949 903 3028 dicebant,
937 2947 1172 3011 tractatibus?
1209 2947 1287 3026 Jam
1320 2967 1411 3008 nunc
1446 2946 1536 3009 fides

253 3058 369 3138 periit,
385 3057 555 3123 revelatio
572 3056 763 3135 deridetur,
782 3058 951 3138 dogmata
968 3053 1170 3131 reiciuntur,
1191 3063 1309 3115 sectae
1333 3053 1465 3134 ubique
1489 3074 1535 3115 ex

252 3166 431 3227 hominum
467 3163 651 3226 sententiis
685 3164 878 3244 pullulant;
916 3163 1012 3225 nulla
1045 3162 1177 3238 unitas,
1214 3154 1324 3222 nulla‘
1348 3161 1534 3240 certitudo,

253 3271 452 3334 constantia
475 3273 582 3334 nulla.
636 3270 715 3349 Jam
739 3272 834 3332 zelus
866 3267 1129 3331 reformationis
1163 3267 1196 3329 in
1230 3266 1283 3328 ius
1316 3266 1535 3328 confusionis

253 3377 376 3440 evasit.
424 3376 462 3440 Si
487 3379 620 3440 nullum
642 3374 824 3438 Ecclesiae
850 3374 1006 3438 interris
1030 3384 1137 3456 caput
1161 3393 1364 3456 supremum
1388 3384 1442 3434 est
1466 3372 1534 3435 Dei

195 3566 198 3570 A
253 3484 412 3565 nomine,
445 3483 628 3546 innumera
662 3493 764 3544 erunt
793 3482 972 3544 hominum
1003 3479 1159 3560 nomine,
1197 3488 1233 3542 et
1265 3479 1426 3541 doctrina
1455 3477 1533 3560 ipsa

253 3592 383 3655 Christi
406 3611 471 3674 pro
497 3602 705 3671 temporum,
730 3592 897 3669 locorum,
922 3606 1154 3669 personarum
1178 3585 1426 3649 affectionibus
1451 3585 1532 3646 vici-

253 3702 388 3780 busque
413 3699 488 3761 iure
512 3697 714 3760 mutabitur.
763 3696 855 3776 Quid
885 3695 1005 3776 peius,
1035 3693 1120 3774 quid
1152 3693 1338 3755 exitiosius
1362 3695 1428 3754 hac
1453 3691 1531 3753 reli-

251 3806 354 3887 giosa
364 3805 540 3887 libertate,
557 3824 647 3886 quae
662 3803 817 3865 divinam
828 3801 1082 3864 revelationem
1095 3801 1356 3881 quodammodo
1374 3797 1533 3878 destruit,

252 3935 343 3995 quae
376 3912 486 3975 divini
523 3911 712 3973 voluminis
734 3907 956 3997 §auctoritate
988 3910 1134 3970 verbum
1166 3906 1322 3969 divinum
1354 3908 1531 3986 deturpat,

251 4021 420 4101 immutat,
445 4022 590 4098 lacerat,
615 4017 823 4080 confundit?

250 4147 462 4155 ..ῳ-...-

326 4199 345 4260 ¹)
367 4201 434 4252 Doc.
458 4200 514 4263 148.
535 4198 581 4248 sol.
601 4200 661 4257 320.
933 4194 953 4261 ¹)
974 4196 1085 4247 llocum.
1111 4205 1167 4256 149.
1188 4192 1234 4241 sol.
1254 4191 1315 4251 328.
