3330 5580
712 445 941 505 oecos*

187 599 275 663 ciliis
311 599 557 682 generalibus,
593 599 651 660 vel
682 597 788 660 etiarn
824 597 1098 679 particularibus
1133 594 1288 678 Synodis
1325 594 1471 660 fuerunt

187 708 385 785 damnatae,
415 705 448 768 in
474 704 602 786 quibus
626 715 790 767 auctores
815 725 974 768 errorum
999 725 1069 767 non
1094 705 1207 767 solum
1231 724 1301 766 non
1327 703 1472 767 fuerunt

187 814 308 893 auditi,
333 815 397 876 sed
421 812 527 875 etiam
552 831 622 874 non
647 810 894 874 interfuerunt.
943 808 1054 873 Sicuti
1079 811 1323 874 Ebionitarum
1347 813 1470 874 haere·

187 921 244 1000 sis,
271 919 567 998 Sabellianorum,
585 917 870 1000 Pelagianorum,
888 918 1138 999 Montensium,
1163 920 1208 982 de
1233 918 1361 1000 quibus
1381 918 1470 1000 judi·

187 1028 310 1090 candis
334 1026 587 1090 Constantinus
611 1026 809 1108 Imperator
832 1028 878 1088 ad
904 1024 1113 1089 Pontificem
1138 1025 1341 1088 Romanum
1367 1026 1470 1105 misit,

187 1143 225 1196 ut
257 1134 499 1216 supradictum
533 1143 596 1196 est.
660 1131 794 1197 Omitto
837 1153 928 1195 nunc
966 1134 1060 1214 quod
1090 1132 1264 1195 Martinus
1300 1133 1418 1195 statim
1449 1152 1471 1194 a

187 1241 364 1323 principio
396 1260 536 1303 suarum
560 1239 791 1321 ineptiarum,
823 1261 844 1302 a
873 1238 1046 1302 Pontifice
1079 1239 1196 1302 fuerat
1228 1239 1385 1320 benigne
1410 1239 1468 1302 ad·

188 1349 339 1410 monitus
364 1357 402 1409 ut
426 1347 624 1426 desisteret,
650 1345 779 1408 deinde
798 1346 903 1408 etiam
916 1347 1071 1408 Romam
1087 1347 1215 1409 citatus
1232 1347 1354 1409 oblato
1370 1348 1470 1409 salvo

188 1455 343 1518 adeundi
374 1464 410 1517 et
440 1454 613 1517 redeundi
645 1454 843 1534 conductu,
877 1474 968 1535 quae
993 1453 1111 1515 omnia
1135 1473 1242 1534 quum
1272 1464 1470 1536 sperneret,

188 1583 333 1625 necesse
356 1561 480 1624 habuit
493 1559 672 1642 Pontifex,
698 1581 768 1623 non
785 1561 861 1623 sine
885 1569 1003 1624 tamen
1028 1570 1165 1623 matura
1181 1570 1216 1623 et
1231 1560 1470 1623 Cardinalium

189 1681 224 1730 et
248 1669 506 1750 Episcoporum
537 1679 573 1731 et
597 1669 784 1730 multorum
808 1668 1093 1731 doctissimorum
1116 1668 1273 1731 virorum
1297 1668 1469 1731 delibera-

188 1776 284 1838 tione
310 1785 345 1838 et
369 1774 624 1856 disputatione,
658 1784 693 1838 et
726 1795 865 1838 errores
889 1776 1000 1857 ipsius
1024 1776 1261 1838 condemnare
1287 1786 1322 1838 et
1346 1787 1470 1838 contra

191 1883 341 1945 eundem
367 1883 411 1944 ad
438 1881 606 1944 ulteriora
630 1883 837 1963 procedere.

279 1990 328 2052 At
352 1989 445 2051 dicet
468 1988 644 2051 Martinus
668 1990 776 2071 (quod
801 1999 836 2050 et
861 1991 933 2052 dux
958 1990 1034 2071 ipse
1059 1991 1162 2053 nobis
1186 2010 1251 2071 per
1274 2011 1357 2052 suos
1381 1988 1469 2052 refe-

190 2099 340 2160 rendum
364 2097 535 2159 Coloniae
559 2093 673 2179 iussit)
702 2116 845 2159 causam
870 2118 966 2159 suam
999 2100 1056 2159 vel
1087 2099 1196 2159 multo
1221 2110 1327 2159 antea
1350 2096 1470 2176 fuisse,

189 2226 209 2266 a
235 2205 372 2282 Legato
397 2202 434 2266 S.
466 2202 558 2266 Sixti
588 2204 903 2267 Reverendissimo
931 2206 973 2267 D.
1000 2204 1213 2266 Treverensi
1238 2204 1471 2285 commissam,

189 2333 258 2392 qua
273 2311 432 2375 indecisa
448 2313 639 2393 pendente,
653 2332 723 2373 non
737 2311 919 2374 debuisset
931 2311 1071 2374 interim
1079 2310 1246 2374 Pontifex
1260 2313 1471 2393 procedere:

279 2419 434 2481 Primum
466 2419 752 2499 respondendum
785 2428 838 2481 est
865 2418 974 2481 fuisse
999 2420 1090 2481 hanc
1116 2439 1258 2481 causam
1283 2440 1353 2481 non
1379 2440 1470 2482 com-

190 2525 330 2589 missam
365 2527 428 2588 sed
467 2524 619 2589 fortasse
651 2527 932 2590 commendatam
972 2547 993 2588 a
1024 2527 1180 2608 Legato,
1219 2526 1286 2608 ipsi
1317 2527 1471 2589 Domino

190 2633 416 2713 'freverensi,
450 2642 487 2695 ut
518 2633 609 2714 ipse,
642 2643 766 2716 utpote
790 2633 845 2696 vir
869 2633 1042 2713 eruditus,
1074 2653 1296 2716 magnaeque
1321 2633 1470 2697 auctori·

190 2740 272 2802 tatis
297 2749 332 2802 et
355 2740 589 2802 illustrissimo
606 2740 698 2804 Duci
723 2741 855 2803 amicus
880 2751 1043 2821 tentaret,
1069 2762 1138 2821 quo
1163 2753 1269 2824 pacto
1293 2740 1373 2803 finis
1389 2741 1472 2803 huic

190 2847 391 2928 pernicioso
416 2847 569 2928 negocio
593 2849 737 2911 tandem
762 2848 1013 2930 imponeretur.

279 2954 419 3016 Deinde
450 2953 478 3016 si
509 2955 695 3018 commissa
727 2965 838 3034 esset,
872 2965 1054 3037 oporteret
1083 2955 1223 3036 scriptis
1247 2958 1402 3047 probare
1427 2956 1472 3018 de

190 3060 359 3124 facultate
384 3061 512 3141 Legati
536 3072 572 3124 et
595 3064 831 3144 subdelegati.

281 3169 466 3231 Postremo
500 3170 642 3251 quando
675 3171 827 3233 maxime
858 3170 1043 3233 commissa
1075 3181 1186 3250 esset,
1218 3171 1386 3234 Pontifex
1412 3172 1473 3253 qui

191 3286 267 3338 erat
291 3296 475 3358 supremus
499 3277 733 3359 committens,
758 3278 874 3359 potuit
898 3287 933 3340 et
956 3277 1081 3339 merito
1106 3278 1229 3339 debuit
1249 3279 1294 3340 ad
1311 3299 1350 3342 se
1366 3282 1472 3341 talem

191 3384 472 3447 commissionem
504 3405 717 3466 causamque
749 3394 859 3448 totam
891 3385 1087 3465 advocare,
1124 3385 1332 3465 praesertim
1366 3405 1473 3467 quum

191 3491 366 3554 Martinus
396 3492 432 3554 in
461 3492 537 3555 dies
562 3493 676 3572 magis
701 3503 870 3573 pergeret
893 3491 1064 3568 insanire,
1100 3502 1134 3553 et
1158 3503 1230 3555 tam
1255 3512 1343 3554 voce
1369 3512 1473 3573 quam

192 3598 333 3679 scriptis
357 3619 499 3681 semper
522 3599 667 3681 aliquod
692 3619 867 3661 venenum
892 3599 927 3660 in
949 3600 1119 3681 populum
1137 3598 1351 3662 diffundere:
1376 3601 1472 3663 unde

193 3705 361 3769 Pontifex
394 3707 519 3769 merito
554 3709 752 3789 cogebatur
789 3705 977 3787 negocium
1013 3716 1206 3787 maturare,
1248 3727 1292 3768 ne
1324 3707 1475 3770 materia

191 3813 273 3876 fidei
299 3834 529 3894 processuum
545 3814 737 3876 involucris
763 3813 892 3875 diutius
915 3812 1174 3895 precrastinata
1198 3833 1365 3895 magnum
1388 3813 1474 3877 fide·

193 3922 283 3984 libus
308 3920 556 3984 detrimentum
581 3921 735 3984 afferret.

282 4026 372 4090 Nam
396 4031 491 4110 quod
506 4029 681 4092 Martinus
705 4030 981 4111 protestabatur,
1006 4049 1044 4091 se
1069 4030 1161 4091 velle
1185 4029 1300 4091 audiri
1324 4038 1360 4092 et
1383 4039 1423 4090 ut
1436 4029 1474 4091 id

189 4134 224 4196 in
249 4135 370 4197 diaeta
393 4133 493 4198 fieret
518 4136 669 4199 maxime
693 4138 924 4218 procurabat,
958 4156 1001 4197 eo
1026 4138 1198 4199 tendebat
1223 4147 1260 4198 ut
1284 4136 1474 4199 auctorita·

192 4251 263 4304 tem
279 4241 463 4305 Pontificis
479 4242 608 4306 iudicio
626 4243 796 4306 laicorum
813 4242 1017 4314 subiiceret;
1043 4243 1172 4305 deinde
1197 4243 1280 4325 quia
1304 4247 1474 4326 sperabat

192 4352 342 4411 tumultu
366 4359 403 4412 et
426 4349 557 4412 affectu
582 4371 713 4430 eorum,
739 4349 799 4432 qui
823 4361 905 4412 sunt
928 4351 964 4413 in
989 4351 1191 4413 Romanam
1217 4349 1358 4414 Curiam
1382 4354 1475 4414 male

192 4457 346 4538 animati,
372 4477 514 4519 causam
539 4478 636 4519 suam
661 4457 975 4538 comprobandam,
1001 4467 1036 4519 et
1053 4457 1280 4521 Germaniam
1304 4467 1413 4520 totam
1437 4459 1474 4520 in

194 4584 292 4627 suam
317 4564 529 4627 sententiam
553 4585 591 4627 se
616 4565 722 4627 facile
746 4573 950 4628 tracturum.

281 4669 437 4734 Suberat
461 4671 566 4733 etiam
590 4674 766 4752 quaedam
790 4673 905 4736 latens
929 4673 1069 4753 astutia,
1093 4694 1173 4736 nam
1197 4694 1303 4756 quum
1319 4671 1473 4755 suspica-

192 4787 299 4861 retur,
324 4779 393 4842 imo
418 4779 523 4841 etiam
540 4779 608 4840 iam
626 4781 671 4840 ab
696 4778 871 4864 aliquibus
895 4780 1122 4863 intelligeret,
1148 4781 1295 4844 nuncios
1320 4776 1473 4865 Aposto-
