3330 5580
350 931 599 1014 Fordinundus
627 935 731 1016 Aroh.
759 819 928 1016 ffimae
957 935 1128 1016 Clementi
1156 936 1235 1018 VII.

579 1080 730 1155 (Epistulae
747 1083 915 1156 Principum
933 1082 955 1141 t
973 1082 1008 1154 7.)

626 1198 680 1268 (17.
700 1203 856 1251 Decembris
878 1209 965 1265 1523.)

243 1340 411 1404 Commisi
435 1339 545 1405 nobili
569 1341 666 1405 fideli
689 1343 792 1407 nobis
816 1344 946 1408 dilecto
971 1347 1052 1407 Don
1074 1346 1181 1408 Petro
1207 1348 1251 1407 de
1269 1345 1435 1408 Corduba

139 1446 281 1511 Comiti
302 1446 443 1528 Caprae
466 1446 565 1510 militi
591 1448 724 1512 ordinis
748 1451 860 1513 sancti
876 1450 1001 1530 Jacobi
1026 1452 1228 1515 consiliario
1253 1464 1374 1514 nostro
1400 1462 1435 1511 et

139 1573 318 1635 supremo
343 1553 530 1634 semifero,
563 1567 600 1617 ut
624 1566 706 1638 post
729 1559 1003 1639 gratulationem
1028 1561 1169 1622 nomine
1194 1579 1272 1621 meo
1304 1557 1433 1619 factam

141 1670 186 1722 et
211 1661 473 1744 paratissimam
505 1662 755 1744 obsequiorum
781 1685 937 1729 meorum
966 1676 1133 1747 tanquam
1157 1663 1433 1729 obedientissimi

141 1765 214 1829 filii
237 1767 291 1830 sui
315 1767 590 1848 exhibitionem,
621 1772 792 1833 nonnulla
820 1769 865 1833 8²¹
891 1784 1032 1835 vestrae
1056 1774 1216 1836 declaret
1238 1793 1330 1854 quae
1355 1793 1432 1833 con-

140 1885 300 1938 cernunt
330 1873 562 1939 necessitates
586 1897 683 1939 meas
715 1889 750 1940 et
774 1878 903 1941 damna
927 1900 1074 1961 quorum
1106 1889 1243 1961 partem
1267 1880 1335 1941 iam
1369 1900 1433 1960 per

143 1980 312 2064 perfidos
341 1983 465 2046 hostes
489 1983 624 2045 Turcos
647 1984 788 2066 accepi,
815 1996 850 2047 et
874 1996 972 2048 certa
996 1986 1101 2049 etiam
1125 1986 1259 2049 maiora
1291 1998 1432 2048 manent

141 2109 222 2152 non
246 2090 359 2151 solum
383 2090 430 2151 ab
454 2087 516 2168 eis,
541 2089 605 2150 sed
630 2089 735 2151 etiam
759 2091 963 2154 domesticis
986 2093 1136 2155 inimicis
1161 2092 1218 2175 qui
1241 2092 1432 2153 Dae-monis

141 2196 318 2260 instinctu
333 2196 590 2276 Evangelicem
610 2198 818 2260 charitatem
836 2208 1089 2281 praetexentes
1113 2199 1166 2261 ira
1182 2200 1274 2261 intus
1299 2210 1333 2260 et
1349 2198 1431 2259 odio

140 2302 331 2382 stimulati,
356 2321 505 2384 gregem
531 2302 661 2365 Christi
686 2304 721 2366 in
745 2306 811 2367 hac
837 2305 981 2369 natione
1013 2327 1106 2370 nova
1130 2306 1293 2368 doctrina
1323 2304 1431 2366 imbu-

141 2418 233 2490 unt,
267 2409 476 2472 sanctissimi
503 2408 685 2473 l’ontiiicis
720 2432 848 2474 nomen
882 2414 1154 2495 proscindentes
1190 2422 1225 2475 et
1258 2421 1432 2493 quotquot

140 2519 285 2598 absque
305 2517 447 2579 delectu
468 2517 574 2579 etiam
595 2519 654 2600 qui
674 2521 720 2580 ab
736 2520 987 2584 ecclesiasticis
1003 2521 1127 2584 ritibus
1148 2531 1182 2583 et
1202 2518 1431 2584 sacramentis

140 2626 264 2687 adhuc
288 2633 384 2687 stant
408 2623 718 2706 nihilipendentes
766 2628 959 2690 Praeterea
975 2640 1091 2691 certas
1116 2627 1199 2691 mihi
1222 2627 1336 2689 factas
1352 2644 1429 2706 gra-

140 2731 219 2794 tias
249 2740 284 2794 et
307 2740 476 2813 paternas
499 2732 545 2793 ab
570 2732 636 2795 ista
661 2731 756 2796 Sede
781 2735 1004 2815 provisiones
1037 2744 1212 2817 exponet,
1248 2753 1336 2815 quas
1359 2753 1430 2795 non

139 2839 261 2901 solum
291 2859 312 2900 a
337 2837 564 2901 Beatitudine
588 2851 708 2901 vestra
731 2850 827 2903 ratas
852 2851 888 2904 et
911 2851 1050 2923 gratas,
1086 2861 1208 2905 verum
1237 2840 1362 2919 etiam,
1392 2850 1431 2902 ut

141 2954 204 3009 est
227 2944 558 3025 beneficentissima,
583 2946 774 3025 ampliores
794 2948 1115 3029 locupletioresque
1131 2946 1349 3028 speraverim
1374 2968 1429 3009 me

140 3053 434 3135 impetraturum,
470 3052 624 3115 maxime
653 3053 748 3134 quod
780 3072 849 3136 ego
880 3054 957 3118 dies
987 3064 1180 3136 noctesque
1212 3053 1364 3116 meditor
1394 3062 1430 3115 et

141 3158 303 3242 cogitem
326 3159 372 3221 de
395 3159 511 3222 modis
534 3159 662 3241 quibus
686 3161 858 3224 adversus
874 3161 1028 3225 Tuscum
1052 3164 1189 3225 hostem
1208 3180 1428 3223 communem

139 3265 362 3329 christianae
384 3264 468 3328 fidei
493 3275 529 3328 et
552 3275 749 3329 sectatores
773 3267 874 3330 nimis
898 3269 970 3331 alte
990 3269 1161 3332 iactorum
1179 3267 1333 3330 zizaniae
1351 3287 1426 3346 ger-

137 3371 278 3437 minum
308 3392 364 3435 me
389 3372 545 3435 obiicere
576 3372 725 3454 possim,
761 3373 851 3437 sicut
874 3375 979 3438 latius
1012 3397 1058 3438 ex
1090 3374 1255 3457 praefato
1286 3385 1427 3437 oratore

139 3486 227 3543 meo
249 3479 472 3542 haecomnia
494 3491 530 3542 et
545 3501 637 3562 quae
655 3501 701 3543 ex
718 3481 787 3544 illis
801 3482 1016 3565 dependent,
1040 3483 1228 3565 intelliget.
1275 3482 1428 3563 Rogans

139 3584 242 3651 omni
264 3583 363 3648 filiali
388 3586 504 3649 studio
528 3597 714 3668 paternam
739 3589 960 3652 clementiam
984 3600 1139 3652 vestram
1164 3599 1296 3652 utnon
1322 3589 1426 3651 modo

139 3691 216 3778 ipsi
238 3691 409 3756 referenti
433 3714 536 3757 aures
561 3714 643 3756 suas
666 3698 820 3776 prebere
845 3697 944 3777 velit,
969 3697 1162 3760 sedetiam
1187 3695 1300 3775 cordi,
1325 3704 1361 3756 et
1384 3716 1428 3757 ea

139 3799 219 3864 fide
245 3800 434 3883 percipere
464 3809 502 3862 ut
531 3801 608 3883 ipse
633 3802 782 3864 sentiam
807 3815 842 3865 et
865 3823 971 3885 opem
1002 3814 1038 3865 et
1067 3802 1345 3866 consolationem
1371 3802 1427 3863 13¹·

143 3908 255 3972 Vrac.
302 3907 395 3970 Nam
419 3927 462 3969 eo
486 3928 543 3969 res
566 3907 672 3971 rediit
703 3918 742 3970 ut
764 3909 851 3973 meis
874 3910 1008 3973 viribus
1031 3910 1139 3990 longe
1164 3910 1277 3991 impar
1301 3909 1365 3970 sim
1390 3918 1427 3971 ut

142 4017 206 4079 vel
228 4014 333 4077 alteri
357 4013 509 4076 hostiurn
533 4036 589 4077 me
613 4035 803 4097 opponam.
850 4016 895 4078 Et
919 4026 1036 4080 tamen
1062 4016 1233 4091 decimuS,
1258 4028 1295 4078 ut
1319 4015 1427 4096 aiunt,

143 4130 297 4186 conatus
319 4121 512 4183 tentandus
536 4134 610 4201 est,
634 4142 739 4203 quem
762 4123 870 4185 alacri
895 4123 1025 4186 affectu
1049 4123 1300 4206 intrepidoque
1320 4135 1355 4185 et
1379 4123 1426 4183 in-

143 4229 261 4294 fracto
285 4227 404 4291 animo
428 4227 505 4308 ipse
530 4247 598 4309 ego
622 4228 788 4308 experiar
811 4230 894 4292 dum
918 4229 1001 4292 mihi
1018 4230 1112 4293 vires
1135 4231 1279 4293 aliunde
1300 4249 1425 4311 suppe-

145 4335 280 4399 ditatae
305 4332 447 4413 fuerint,
471 4354 569 4415 quaS,
594 4344 632 4397 ut
656 4333 876 4398 confidenter
899 4337 1052 4418 requir0,
1078 4337 1127 4400 ita
1147 4347 1295 4419 propter
1311 4357 1425 4399 comu-

146 4463 227 4506 nem
251 4441 517 4521 necessitatem,
548 4461 663 4522 neque
688 4440 780 4504 enim
805 4443 870 4505 soli
894 4444 978 4507 mihi
1002 4464 1118 4507 seram
1142 4454 1178 4506 et
1201 4455 1346 4519 metam,
1371 4464 1426 4505 me

147 4569 253 4631 spero
276 4557 540 4630 reportaturum
564 4570 585 4611 a
609 4549 836 4612 Beatitudine
858 4550 998 4614 Vestra.
1046 4553 1085 4614 In
1110 4572 1180 4633 qua
1205 4550 1286 4613 mihi
1311 4551 1427 4613 adhuc

148 4674 217 4718 una
248 4654 373 4718 salutis
403 4675 488 4737 spes
518 4666 653 4737 manet,
689 4656 788 4718 cuius
825 4657 954 4721 effectu
993 4670 1031 4719 ut
1062 4657 1289 4739 dignissimus
1318 4656 1427 4719 saciat

150 4760 319 4843 Christus,
342 4760 418 4824 sine
442 4760 542 4825 cuius
566 4761 687 4826 favore
708 4760 879 4846 quidquid
904 4766 1072 4828 mortales
1094 4777 1215 4850 agunt,
1240 4764 1356 4827 fumus
1373 4773 1427 4827 est
