3330 5580
705 469 763 524 ΕΒ
803 469 953 525 106ί><>

188 629 291 693 istum
315 631 509 706 hominem:
536 643 570 694 et
586 634 675 715 sapii
694 634 827 696 Vestra
845 632 1013 715 Signoria
1030 633 1348 698 Reverendissima
1370 637 1437 698 che
1454 635 1476 697 ’l

189 738 381 802 Confessor
412 761 432 802 a
466 742 641 804 mantenir
665 740 796 804 Cesare
828 741 900 824 (qui
931 743 1028 804 solus
1055 744 1263 823 bonusest)
1294 744 1355 825 pol
1380 742 1475 805 assai

187 846 293 909 immo
318 846 393 910 fere
418 848 536 910 omnia
561 859 596 911 et
621 848 807 931 persertim
831 848 867 910 in
892 868 930 910 re
956 848 1176 929 Lutherana‚
1209 848 1244 911 in
1269 870 1340 931 qua
1365 848 1476 912 Cesar

188 957 278 1016 cossi
304 954 397 1034 fari,
423 974 524 1018 como
548 955 572 1018 li
598 956 675 1018 sari
700 966 907 1019 mantenuta
931 957 966 1018 la
990 956 1227 1036 conscientia,
1260 957 1295 1018 la
1320 957 1403 1038 qual
1428 957 1475 1018 da

188 1082 251 1123 sua
276 1072 402 1125 natura
425 1083 481 1125 me
505 1084 571 1144 par
595 1065 660 1125 che
686 1063 808 1126 habbii
832 1062 957 1126 melior
980 1064 1046 1125 che
1069 1064 1186 1143 hom0‚
1212 1064 1277 1125 che
1301 1063 1372 1126 mai
1389 1063 1473 1126 vidi.

277 1168 393 1232 Resta
417 1171 482 1233 che
507 1170 541 1232 io
566 1172 745 1251 responde
760 1191 780 1232 a
797 1170 916 1252 quella
936 1179 1049 1250 parte,
1074 1171 1139 1232 che
1155 1169 1288 1232 Vostra
1305 1170 1474 1252 Signoria

187 1275 505 1339 Reverendissima
528 1277 563 1339 in
588 1286 678 1339 tutte
703 1297 765 1339 sue
789 1280 893 1339 lettre
918 1277 963 1340 mi
988 1276 1113 1357 scrive‚
1139 1278 1204 1339 che
1231 1277 1365 1340 usiamo
1387 1277 1473 1359 ogni

188 1383 270 1446 fede
303 1393 339 1446 et
368 1383 572 1466 diligentia,
607 1393 641 1446 et
673 1384 783 1446 siamo
815 1404 955 1465 sempre
987 1384 1171 1467 congiunti
1196 1395 1231 1447 et
1256 1385 1426 1447 concordi
1449 1385 1473 1446 il

189 1490 322 1572 Sigoor
337 1491 614 1554 Prothonotario
632 1490 821 1555 Carazzolo
846 1501 881 1554 et
905 1491 954 1554 io:
993 1490 1072 1572 Qua
1095 1491 1130 1553 in
1155 1512 1194 1554 re
1219 1491 1382 1573 supplico
1408 1493 1473 1555 che

188 1597 230 1659 N.
256 1596 292 1661 S.
319 1609 353 1661 et
378 1598 421 1662 V.
448 1597 483 1661 S.
510 1599 605 1661 Rma
637 1598 743 1662 stiino
776 1601 820 1661 de
852 1601 948 1661 bono
982 1599 1098 1661 animo
1131 1607 1300 1680 quantum
1335 1600 1381 1660 ad
1407 1600 1473 1661 hoc

188 1706 253 1767 che
284 1716 381 1768 certo
414 1706 450 1767 di
481 1707 515 1767 la
539 1705 622 1770 fede
647 1716 683 1768 et
706 1706 823 1768 studio
849 1726 919 1767 non
945 1726 989 1767 ne
1014 1724 1236 1786 sapressemo
1261 1714 1390 1768 metter
1414 1705 1472 1787 piu

188 1821 223 1874 et
255 1813 300 1874 de
327 1833 429 1874 esser
460 1812 615 1876 unanimi
647 1812 682 1874 in
712 1815 760 1875 tal
792 1815 898 1875 modo
929 1811 977 1873 fin
1003 1816 1059 1893 qui
1085 1811 1251 1874 habiamo
1277 1813 1472 1893 negotiat0,

188 1920 238 1981 ita
262 1920 297 1981 in
322 1921 387 1981 hac
413 1940 451 1982 re
475 1940 582 1983 unum
597 1920 781 1999 sensimus,
806 1940 911 1982 unum
928 1919 1126 1981 studuimus
1151 1928 1188 1981 ut
1214 1918 1299 1981 nihil
1316 1920 1474 2001 potuerit

188 2047 266 2089 esse
291 2027 394 2091 nobis
418 2027 647 2090 coniunctius,
696 2026 812 2090 Oime!
842 2030 994 2090 sarebbe
1024 2028 1151 2089 adesso
1175 2035 1296 2108 tempo
1322 2028 1389 2090 che
1415 2025 1473 2090 noi

188 2134 334 2197 fossimo
360 2135 516 2198 discordi
540 2135 575 2197 in
600 2143 700 2197 tenta
724 2155 839 2197 rerum
865 2133 1017 2196 omnium
1043 2133 1324 2214 perturbatione,
1350 2144 1474 2196 contra

188 2242 276 2304 tanti
303 2253 338 2304 et
362 2247 389 2305 si
415 2242 510 2325 aspri
536 2242 661 2305 nemici
686 2243 730 2304 de
755 2242 779 2304 li
804 2240 914 2304 nostri
939 2240 1096 2323 patroni,
1126 2240 1161 2302 di
1186 2239 1208 2302 l'
1224 2241 1354 2315 honor,
1379 2240 1474 2304 dila

188 2350 322 2430 patrie,
357 2351 392 2413 di
418 2352 452 2412 la
476 2350 562 2414 sede
586 2370 733 2412 romana
757 2349 988 2412 fundamento
1013 2350 1058 2410 de
1082 2357 1204 2410 nostra
1228 2357 1352 2411 sancta
1376 2347 1472 2411 fede:

190 2478 258 2518 non
284 2457 368 2520 volii
394 2456 463 2519 Dio
488 2458 552 2520 che
576 2458 626 2519 tal
651 2456 927 2519 inconveniente
961 2454 1102 2527 accadi;
1135 2455 1178 2516 ne
1210 2454 1366 2536 suspichi
1396 2475 1473 2536 per·

188 2565 234 2625 hb
258 2564 300 2628 V.
325 2562 360 2626 S.
383 2565 478 2626 Rma
502 2564 560 2627 noi
586 2557 683 2627 esser
707 2564 788 2626 stati
815 2561 970 2625 discordi
995 2582 1060 2643 per
1077 2562 1196 2642 quello
1213 2563 1278 2625 che
1295 2560 1329 2624 io
1346 2562 1472 2643 scripsi

190 2691 287 2733 esser
317 2682 373 2733 sta
402 2670 492 2733 fatto
524 2691 624 2734 error
647 2670 682 2733 in
707 2670 868 2733 nominer
893 2673 1005 2733 solum
1031 2668 1078 2731 lui
1103 2668 1137 2730 in
1163 2669 1279 2730 alcuni
1304 2669 1340 2730 di
1365 2669 1473 2751 quelli

189 2779 289 2840 brevi
315 2778 522 2840 credentiali
547 2778 788 2841 ultimamente
805 2777 928 2860 scripti
945 2777 1038 2839 circa
1053 2779 1088 2838 la
1104 2775 1364 2838 materia'della
1379 2775 1473 2855 fede,

190 2887 255 2948 che
280 2887 387 2947 credo
412 2885 435 2946 il
460 2885 653 2947 secretario
671 2905 740 2948 non
757 2888 869 2967 pensd
887 2888 1098 2948 altramente
1114 2904 1179 2965 per
1195 2883 1473 2958 inadvertentia;

190 2994 248 3054 del
272 2996 338 3055 che
363 2994 395 3055 el
420 2993 519 3055 detto
537 2992 669 3073 Signor
693 2992 970 3056 Prothonotario
995 2993 1033 3055 fu
1054 2992 1114 3074 piu
1133 2994 1202 3054 mal
1223 2999 1391 3054 contento
1409 2992 1474 3053 che

190 3102 234 3178 io,
252 3100 393 3183 perche,
411 3120 511 3162 como
528 3099 805 3181 prudentissimo
828 3111 863 3162 et
879 3099 914 3162 in
933 3101 1025 3180 loco,
1043 3119 1245 3181 cognoscea
1261 3120 1331 3162 non
1347 3100 1475 3181 giovar

189 3210 260 3270 alla
291 3228 375 3269 cosa
406 3216 528 3270 nostra
558 3206 745 3289 presertim
775 3207 809 3268 in
840 3228 878 3270 re
901 3207 985 3271 fidei
1013 3209 1047 3270 la
1072 3208 1153 3288 qual
1179 3204 1474 3288 principalmente

189 3317 428 3377 ecommessa
453 3336 473 3376 a
496 3334 552 3376 me
584 3322 619 3376 et
652 3335 716 3395 per
750 3324 876 3395 questa
909 3334 1016 3376 causa
1050 3313 1305 3395 specialmente
1329 3332 1394 3374 son
1420 3323 1474 3375 sta

190 3423 371 3501 mandato„
398 3432 433 3485 et
457 3443 478 3484 a
502 3442 558 3485 me
581 3431 685 3483 tocce
708 3423 844 3502 parler,
870 3423 1046 3502 disputat,
1072 3441 1254 3503 proponet
1277 3421 1474 3501 persuadet

189 3529 354 3610 privatim
387 3543 422 3591 et
452 3528 594 3610 publice
623 3548 742 3590 coram
767 3529 933 3590 universo
957 3527 1107 3609 imperio
1133 3528 1168 3589 in
1193 3548 1300 3590 unum
1325 3547 1472 3609 congre·

189 3646 274 3717 gato
299 3639 355 3699 vel
381 3635 486 3698 etiam
511 3656 628 3699 coram
654 3636 803 3718 singulis
828 3636 1013 3698 ordinibus
1038 3637 1095 3698 vel
1118 3636 1342 3718 principibus
1366 3635 1471 3717 impe·

190 3744 231 3805 rii
257 3763 426 3821 seorsum,
451 3763 551 3805 come
575 3742 633 3804 fin'
650 3763 713 3805 ora
737 3763 876 3824 sempre
899 3743 946 3805 ho
971 3743 1061 3805 fatto
1087 3743 1343 3806 comunicando
1368 3752 1471 3805 tutta·

190 3850 248 3912 via
271 3850 295 3912 il
319 3859 411 3912 tutto
436 3870 502 3912 con
528 3851 626 3912 detto
644 3850 930 3930 ProthonotariO,
956 3850 980 3912 il
1005 3853 1087 3931 qual
1112 3871 1243 3913 ancora
1264 3850 1332 3912 mai
1348 3871 1475 3912 manca

190 3958 332 4038 quando
366 3957 390 4019 il
422 3958 581 4020 richiedo
606 3967 767 4020 troverse
792 3978 901 4020 encor
926 3959 972 4020 lui
998 3969 1166 4039 presente
1191 3958 1224 4019 el
1249 3957 1414 4039 negotiar
1439 3967 1475 4019 et

190 4065 236 4127 lui
263 4064 417 4127 vicissim
442 4066 477 4127 di
503 4067 536 4128 la
561 4086 644 4127 cosa
669 4065 705 4127 di
729 4067 763 4127 la
788 4086 851 4127 sua
875 4064 1050 4146 principal
1075 4063 1320 4127 commissione
1340 4084 1473 4127 amore·

190 4175 369 4235 volmente
394 4173 571 4255 participa
596 4192 662 4235 con
687 4193 787 4235 meco
812 4174 854 4235 ne
881 4173 947 4234 mai
974 4171 1021 4234 fin
1047 4181 1104 4252 qui
1131 4174 1258 4234 &stato
1277 4191 1474 4233 commesso

191 4295 245 4341 un'
269 4279 411 4342 minimo
446 4300 546 4342 error
573 4281 615 4343 nd
640 4280 730 4343 fatto
755 4300 822 4361 pur
845 4300 891 4341 un
917 4298 1029 4359 segno
1055 4278 1088 4341 di
1114 4278 1262 4340 dissidio
1288 4297 1308 4338 ο
1333 4277 1474 4341 simulti

191 4390 318 4449 alcuna
342 4387 397 4449 fra
421 4387 490 4450 noi.
538 4387 581 4449 Et
607 4387 738 4468 perche
764 4386 806 4450 V.
834 4381 870 4449 Sss
895 4386 990 4448 Rma
1022 4384 1081 4467 gie
1114 4385 1149 4447 in
1183 4394 1307 4465 queste
1332 4384 1400 4445 doe
1426 4385 1472 4446 ul·

191 4496 274 4557 time
296 4497 421 4557 lettere
447 4515 485 4557 se
511 4498 630 4577 degne
654 4517 675 4558 a
699 4495 813 4557 ferme
838 4493 1068 4558 excusatione
1093 4513 1202 4555 ancor
1227 4493 1292 4553 che
1317 4510 1385 4553 non
1415 4492 1473 4552 be-

191 4621 362 4684 sognasse
387 4603 452 4663 che
470 4601 490 4663 'l
516 4603 585 4664 mio
601 4600 735 4683 Signor
759 4621 797 4662 se
820 4601 1023 4663 humiliasse
1049 4620 1070 4660 a
1094 4604 1121 4660 si
1147 4598 1194 4660 vil
1220 4619 1303 4660 cosa
1328 4618 1431 4660 verso
1449 4597 1474 4659 il

191 4729 254 4771 suo
279 4729 394 4786 servo,
420 4707 665 4770 dubitandomi
690 4710 754 4771 che
780 4709 898 4789 quelle
922 4727 991 4768 non
1016 4706 1127 4769 habbi
1144 4705 1268 4786 piliato
1286 4707 1411 4767 umbra
1428 4705 1475 4767 da

191 4816 259 4878 mie
293 4818 418 4879 lettere
451 4817 516 4878 che
549 4836 613 4897 per
647 4815 840 4877 ambitione
866 4814 899 4875 io
924 4835 978 4876 me
1002 4813 1098 4875 habii
1125 4814 1316 4874 lamentato
1342 4821 1377 4873 et
1401 4831 1472 4874 non
