3330 5580
712 477 958 533 (><3ἷ>64ί>-ο

197 623 388 686 Presertim
429 624 491 686 ubi
524 644 617 687 nunc
650 624 770 706 Regie
800 623 979 687 Maiestati
1008 622 1163 687 Domino
1190 632 1314 687 nostro
1347 622 1483 706 gratio-

195 729 332 793 sissimo
356 730 548 794 humillime
572 741 609 793 et
632 731 769 795 sincere
793 731 979 794 scribimus
1002 730 1103 793 istius
1126 730 1179 793 rei
1210 730 1339 812 gratia,
1371 750 1483 811 quarn

195 857 314 900 coram
339 834 413 900 Sua
437 835 549 901 Sacra
573 838 762 901 Maiestate
786 859 851 900 nos
875 837 911 899 in
936 836 1040 901 aliam
1063 848 1203 919 partem
1228 858 1333 919 quam
1357 857 1483 900 sumus

194 943 353 1007 nonnulli
376 944 555 1007 hominum
580 944 875 1026 interpretantur,
906 964 949 1007 ac
982 945 1089 1026 longe
1121 944 1224 1007 aliter
1253 964 1361 1026 quam
1384 944 1482 1007 ratio

194 1050 270 1112 veri
294 1050 406 1113 dictat
430 1052 639 1134 depingunt.
673 1051 814 1135 Quippe
839 1051 1029 1115 amicitiam
1053 1051 1147 1115 illam
1172 1072 1277 1133 quam
1300 1070 1482 1114 unacum

194 1157 434 1221 Illustrissimo
457 1158 559 1220 Duce
591 1167 626 1220 et
656 1159 809 1220 Domino
839 1158 992 1221 Domino
1025 1157 1153 1221 Carolo
1186 1158 1356 1240 Principe
1385 1158 1480 1221 Min-

194 1264 417 1345 stebergensi
445 1265 568 1346 Regni
596 1285 737 1346 quoque
761 1264 908 1327 Boemie
932 1265 1121 1347 capitaneo
1145 1276 1212 1328 etc.
1238 1274 1273 1328 et
1297 1284 1480 1346 generoso

194 1371 347 1434 Domino
371 1372 524 1435 Domino
549 1373 670 1434 Leone
694 1371 894 1451 Burgravio
919 1372 1105 1454 Pragensi,
1130 1392 1171 1434 ac
1191 1371 1319 1434 ceteris
1344 1371 1480 1454 prefati

195 1478 319 1561 Regni
344 1478 557 1542 officialibus
586 1480 758 1540 habemus
789 1478 1033 1541 adscribentes
1063 1479 1098 1541 in
1129 1479 1317 1560 pernitiem
1351 1478 1479 1561 Regni

195 1585 458 1668 maximumque
483 1585 602 1668 Regie
630 1584 829 1647 Maiestatis
857 1585 1117 1665 detrimentum,
1137 1585 1308 1648 iacturam
1332 1606 1479 1666 quoquc

194 1691 497 1756 irrestaurabilem
529 1692 624 1756 fore:
665 1694 760 1774 quod
793 1712 858 1754 nos
888 1692 1001 1755 libere
1029 1712 1155 1774 purum
1191 1691 1411 1756 mendatium
1443 1703 1480 1756 et

193 1820 328 1862 meram
353 1821 432 1863 esse
456 1800 614 1862 fabulam
638 1799 798 1881 profiteri
824 1808 860 1860 et
883 1799 1002 1862 dicere
1027 1800 1207 1880 audemus,
1232 1808 1270 1861 ut
1295 1810 1329 1862 et
1353 1799 1478 1881 Regia

191 1905 364 1969 Maiestas
399 1906 504 1969 facile
533 1906 703 1988 colligere
727 1905 859 1987 poterit
883 1926 929 1967 ex
953 1905 1098 1986 litteris,
1132 1925 1220 1986 quas
1255 1903 1328 1968 Sue
1363 1904 1478 1968 Sacre

192 2012 371 2076 Maiestati
394 2013 562 2076 mittimus
585 2013 716 2076 Vestre
740 2032 879 2094 quoque
914 2011 1100 2075 Nobilitati
1137 2014 1330 2075 earundem
1356 2032 1476 2076 exem·

191 2121 271 2200 plar
293 2119 473 2202 ydiomate
497 2119 607 2183 latino
632 2118 861 2202 profaciliore
885 2119 1068 2182 intellectu
1101 2119 1353 2201 conscriptum.
1402 2119 1476 2182 Ubi

192 2228 318 2289 saltem
342 2226 378 2288 id
402 2227 543 2290 unicum
568 2227 740 2308 petimus,
771 2236 810 2288 ut
832 2225 1033 2289 Eminentia
1057 2226 1190 2290 Vestra
1217 2224 1327 2290 Sacre
1354 2226 1478 2309 Regie

191 2333 371 2396 Maiestati
395 2337 598 2414 consulere,
633 2354 802 2415 suamque
834 2332 988 2413 Regiam
1021 2333 1245 2397 Maiestatem
1277 2335 1323 2396 ad
1354 2333 1391 2396 id
1426 2335 1474 2397 in-

192 2440 326 2503 clinare
349 2439 436 2504 velit
460 2452 496 2503 et
520 2440 697 2522 dignetur,
723 2460 792 2521 quo
817 2436 890 2501 Sua
915 2436 1026 2501 Sacra
1041 2439 1213 2502 Maiestas
1238 2441 1342 2503 nobis
1365 2440 1473 2503 fidem

192 2546 362 2610 adhibeat
392 2547 499 2628 inque
530 2556 687 2610 nostram
708 2549 932 2609 'sententiam
964 2546 1081 2609 animo
1117 2557 1193 2621 eat;
1219 2567 1265 2610 ex
1301 2568 1344 2610 eo
1381 2547 1474 2610 enim

192 2654 379 2735 cognitura
403 2663 456 2717 est
481 2663 516 2718 et
532 2655 698 2717 habitura
713 2651 787 2716 Sua
801 2653 972 2715 Maiestas
995 2654 1179 2735 copiosum
1202 2654 1354 2717 fructum
1380 2664 1471 2717 tran·

193 2760 304 2841 quilla
328 2760 363 2824 in
387 2760 521 2843 Regno
546 2761 693 2824 Boemie
717 2762 977 2843 gubernacula,
1014 2772 1049 2824 et
1081 2763 1176 2841 quod
1201 2760 1327 2822 dicitur
1352 2758 1472 2824 Satur-

191 2867 252 2929 nia
274 2867 440 2931 redibunt
464 2877 636 2950 tempora.
682 2868 727 2930 Et
758 2866 788 2929 si
811 2867 871 2930 ille
895 2867 1146 2930 celeberrimus
1179 2865 1370 2930 Sacrarum
1401 2869 1470 2931 Re·

190 2973 329 3055 giarum
353 2974 580 3037 Maiestatum
608 2975 752 3037 Domini
776 2975 967 3055 Ludovici,
1011 2985 1046 3038 et
1076 2975 1219 3038 Domini
1253 2974 1472 3056 Sigismundi

195 3080 368 3162 Ungarie,
397 3082 544 3144 Boemie
570 3092 605 3144 et
631 3081 781 3144 Polonie
817 3091 883 3145 etc.
912 3082 1056 3163 Regum
1080 3082 1308 3145 Dominorum
1337 3093 1472 3145 nostro·

190 3208 267 3250 rum
291 3187 643 3251 clementissimorum
668 3188 812 3251 Posonii
829 3190 888 3251 vel
908 3186 1087 3251 Olomutio
1112 3190 1164 3272 (ut
1187 3189 1339 3270 auditur)
1365 3189 1473 3252 fuerit

190 3304 403 3377 conventus,
446 3295 495 3358 ibi
533 3316 653 3358 coram
688 3296 758 3358 suis
806 3295 1052 3359 sacratissimis
1084 3295 1332 3359 Maiestatibus
1363 3296 1471 3360 facile

191 3404 417 3465 ostendemus
441 3413 477 3465 et
505 3402 699 3466 efficiemus
723 3405 830 3484 longe
855 3404 958 3466 aliter
989 3423 1063 3466 rem
1093 3405 1229 3466 habere
1259 3424 1363 3485 quam
1387 3403 1472 3467 fidei

189 3510 311 3572 hostes
335 3510 380 3572 de
404 3510 507 3573 nobis
530 3509 565 3572 in
590 3510 747 3592 Regiam
771 3509 994 3572 Maiestatem
1019 3510 1231 3589 detulerunt,
1256 3510 1384 3591 quibus
1405 3531 1471 3574 nos
1517 3574 1519 3579 ,

189 3617 438 3697 perogativam
472 3617 507 3679 in
538 3619 721 3698 querendo
754 3615 888 3699 publici
919 3616 1004 3679 boni
1033 3615 1155 3697 Regni
1185 3616 1332 3679 Boemie
1357 3629 1393 3680 et
1417 3639 1470 3681 re-

189 3723 248 3804 gie
272 3723 470 3786 Maiestatis
495 3726 679 3787 commodo
710 3744 781 3786 non
814 3723 976 3785 dabimus
1007 3743 1073 3786 nec
1097 3724 1155 3785 vel
1179 3723 1354 3786 tantillum
1372 3725 1470 3807 quip-

188 3831 284 3913 piam
308 3831 352 3894 de
378 3851 421 3893 ea
444 3832 688 3894 concedemus,
727 3831 799 3893 Ubi
823 3841 942 3893 autem
966 3833 1012 3892 ad
1026 3828 1290 3892 Sublimitatem
1302 3830 1470 3895 Vestram

188 3957 253 4018 per
277 3937 415 4018 aliquos
445 3940 567 4000 hostes
590 3936 673 4000 fidei
698 3936 896 4000 Christiane
930 3948 966 4000 et
996 3946 1136 4000 nostros
1167 3936 1261 3999 fama
1291 3937 1336 4000 de
1366 3939 1469 4001 nobis

188 4044 352 4125 pervenit
375 4063 479 4127 quam
504 4043 709 4106 sublimitati
733 4044 864 4107 Vestra
887 4043 923 4105 in
947 4043 1112 4126 negoti0,
1148 4044 1245 4125 quod
1281 4046 1327 4106 ad
1363 4043 1468 4107 fidem

190 4150 335 4232 attinet,
370 4153 482 4214 verba
518 4150 696 4229 dicemus,
733 4151 952 4232 postulamus
985 4154 1217 4215 vehementer
1248 4160 1284 4214 et
1314 4151 1467 4214 subnixe

189 4278 376 4340 precamur
411 4278 481 4321 non
523 4257 692 4320 adhibeat
726 4256 926 4320 huiusmodi
964 4258 1225 4322 narrationibus
1261 4257 1468 4321 Sublimitas

188 4364 320 4427 Vestra
343 4364 449 4428 iidem
485 4385 554 4446 que
587 4363 673 4427 nihil
697 4363 794 4426 aliud
818 4363 854 4426 in
886 4384 925 4427 se
959 4364 1095 4428 habent
1127 4385 1233 4447 quam
1257 4365 1405 4429 livorem
1431 4378 1468 4429 et

187 4482 285 4534 certe
308 4472 478 4535 mellitum
511 4481 592 4534 sunt
616 4471 728 4542 virus:
768 4471 924 4534 nondum
955 4472 1048 4535 enim
1072 4473 1117 4535 de
1141 4473 1208 4535 hoc
1233 4472 1378 4554 negotio
1401 4492 1467 4553 per

188 4578 344 4659 Regiam
380 4578 604 4641 Maiestatem
639 4578 771 4642 indicta
795 4578 861 4641 fuit
891 4578 926 4640 in
958 4579 1090 4661 Regno
1122 4579 1269 4643 Boemie
1293 4579 1408 4661 dieta,
1431 4578 1466 4641 in

187 4704 257 4766 qua
292 4684 499 4748 relationem
548 4694 668 4749 nostre
712 4685 901 4767 legationis
943 4686 1152 4752 faceremus.
1207 4684 1349 4749 Efficiat
1378 4706 1466 4768 ergo

187 4791 360 4861 celsitudo
383 4802 505 4855 vestra
527 4813 695 4875 rogamus
718 4795 813 4874 apud
837 4793 993 4876 Regiam
1009 4793 1234 4858 Maiestatem
1252 4813 1318 4857 nec
1336 4792 1467 4863 diutius
