3330 5580
797 860 869 924 102.

468 986 717 1066 Aleander
745 986 1186 1068 vicecancellario.

615 1124 758 1194 (limtlat.
778 1124 904 1182 (leman-
923 1122 954 1182 Ιι.
972 1123 1039 1193 131)

703 1233 756 1297 (27.
777 1235 852 1300 Junli
876 1234 961 1300 ¹521·)

277 1370 411 1432 Mando
436 1389 457 1431 a
481 1368 524 1430 V.
551 1365 587 1430 S.
613 1368 708 1430 Rma
732 1367 753 1429 l’
779 1367 897 1430 edicto
932 1368 967 1429 di
996 1366 1128 1431 Caesar
1161 1379 1197 1432 et
1228 1371 1287 1433 del
1318 1370 1468 1453 Imperio

188 1487 313 1541 contra
337 1476 492 1539 Martino
516 1476 667 1553 Luther,
699 1474 780 1537 libri
814 1485 848 1538 et
881 1474 1024 1556 sequaci
1048 1475 1136 1554 suoi,
1162 1486 1197 1538 et
1220 1496 1285 1559 per
1309 1477 1469 1558 prohibit

189 1585 305 1667 questi
330 1583 412 1646 mali
436 1583 460 1645 li
476 1580 572 1664 quali
586 1582 791 1663 procedeno
814 1581 849 1644 in
874 1601 964 1663 gran
982 1592 1083 1664 parte
1100 1603 1166 1664 per
1190 1585 1223 1646 le
1246 1582 1470 1667 impressioni

187 1692 338 1754 ancore
368 1692 493 1753 dentre
519 1689 539 1750 l'
558 1689 669 1751 editto
694 1697 819 1751 contra
850 1688 872 1751 li
898 1689 1117 1771 impressori;
1150 1689 1183 1751 io
1208 1691 1328 1753 harrei
1353 1694 1469 1754 volen-

188 1799 266 1862 tieri
291 1799 386 1860 sacto
412 1798 510 1859 detto
536 1795 647 1859 editto
672 1797 717 1858 de
741 1794 946 1877 impressori
970 1806 1149 1877 separat0,
1175 1818 1231 1860 ma
1249 1795 1377 1860 invero
1402 1818 1468 1860 non

187 1909 392 1969 haressemo
406 1904 495 1966 fatto
517 1903 560 1965 ne
576 1913 737 1966 ottenuto
757 1905 792 1966 lo
809 1904 956 1982 intento,
976 1903 1107 1984 perche
1119 1906 1270 1967 essendo
1284 1914 1380 1967 stata
1392 1925 1470 1967 con·

188 2015 286 2076 clusa
309 2015 343 2075 la
367 2032 451 2075 cosa
475 2012 520 2072 de
543 2009 700 2073 Martino
723 2011 782 2073 nel
805 2009 875 2072 fine
900 2010 945 2072 de
970 2012 1004 2080 la
1028 2010 1146 2090 Dieta‚
1170 2032 1209 2073 se
1233 2011 1294 2094 poi
1318 2013 1471 2075 havesse

188 2130 359 2202 proposta
371 2121 406 2182 la
423 2139 506 2180 cosa
528 2117 562 2179 di
576 2117 779 2200 impressori
799 2117 834 2179 in
848 2127 901 2179 tre
920 2117 1006 2179 mesi
1020 2137 1089 2180 non
1114 2117 1143 2179 si
1156 2120 1290 2181 harebe
1308 2120 1420 2182 hauto
1440 2122 1471 2183 el

187 2229 275 2308 fine,
305 2227 392 2309 perd
422 2226 455 2287 io
487 2227 533 2288 ho
564 2225 737 2307 aggiunto
772 2226 869 2287 detto
903 2226 1049 2287 decreto
1078 2226 1112 2287 al
1142 2224 1213 2288 fine
1244 2227 1279 2288 di
1304 2228 1340 2288 la
1365 2248 1471 2290 causa

187 2332 374 2398 lutherana
394 2343 429 2395 et
455 2330 545 2395 cossi
568 2332 733 2397 ambedoi
753 2331 899 2394 insieme
921 2332 1025 2394 furno
1052 2331 1149 2394 udite
1168 2331 1204 2394 in
1226 2333 1411 2414 presentia
1427 2333 1472 2422 de

187 2443 207 2505 l'
226 2440 375 2523 imperio
399 2449 434 2502 et
450 2441 626 2502 concluse.
668 2438 817 2502 Haveva
835 2438 939 2500 etiam
963 2438 1060 2501 facto
1077 2436 1098 2500 l'
1112 2439 1224 2502 editto
1241 2440 1286 2501 de
1304 2441 1395 2503 detti
1412 2439 1471 2504 im-

187 2548 344 2631 pressori
368 2546 515 2609 fondato
539 2566 646 2629 sopra
662 2548 696 2608 la
713 2547 818 2609 Bulla
833 2546 891 2608 del
909 2545 1067 2608 Concilio
1085 2546 1262 2609 Laterano
1282 2546 1317 2609 in
1335 2549 1386 2611 tal
1403 2570 1471 2623 ma-

187 2655 290 2736 teria,
327 2675 384 2716 ma
413 2654 438 2716 il
474 2654 632 2717 conselio
671 2655 706 2715 di
743 2652 852 2716 Cesar
887 2656 1010 2716 reseco
1047 2654 1236 2735 dovunque
1272 2653 1306 2715 io
1343 2655 1472 2719 faceva

187 2762 344 2826 mention
370 2761 405 2822 di
439 2781 519 2824 essa
543 2761 647 2823 Bulla
681 2773 717 2823 et
750 2760 879 2823 dicono
912 2762 977 2821 che
1007 2760 1112 2822 melio
1143 2782 1182 2824 se
1211 2761 1361 2824 obedire
1395 2766 1471 2826 solo

186 2873 205 2933 1·
225 2870 389 2951 lmperi0,
414 2868 567 2932 maxime
592 2867 627 2930 in
653 2867 768 2950 questi
785 2865 961 2948 principii,
986 2875 1084 2928 tanto
1103 2868 1168 2930 che
1186 2868 1273 2929 dura
1290 2867 1316 2929 il
1331 2869 1472 2952 sdegno

187 2978 222 3039 di
247 2987 414 3058 questore
444 2985 569 3038 contro
593 2976 628 3037 la
652 2972 747 3037 Sede
774 2972 1002 3055 Apostolica;
1028 2976 1359 3055 quomodocumque
1384 2976 1472 3039 nihil

187 3084 296 3147 refert
325 3082 457 3164 perche
481 3082 516 3145 io
540 3081 625 3162 ogni
648 3082 754 3144 modo
778 3082 825 3143 ho
849 3079 940 3143 fatto
964 3080 1145 3162 imprimer
1175 3082 1274 3143 detta
1301 3084 1400 3145 bulla
1426 3084 1472 3146 la·

186 3202 349 3254 teranese
374 3199 410 3252 et
434 3189 600 3271 divulgar
624 3192 681 3270 qul
706 3189 742 3250 in
767 3186 960 3251 Germania
985 3196 1020 3249 et
1045 3187 1210 3251 Fiandra.

275 3297 381 3360 Homi
407 3296 561 3359 sforzato
586 3296 646 3378 piu
672 3297 737 3357 che
762 3295 780 3357 ὲ
806 3304 900 3357 stato
924 3294 1096 3375 possibile
1121 3294 1295 3358 mantenir
1318 3296 1339 3356 l'
1357 3297 1474 3360 honor

188 3415 222 3467 et
246 3403 424 3467 authoriti
449 3403 486 3465 di
510 3403 552 3466 N.
578 3401 614 3466 S.
640 3414 676 3465 et
701 3401 735 3463 di
761 3403 796 3464 la
812 3398 908 3463 Sede
925 3400 1124 3483 apostolica
1147 3401 1183 3463 in
1207 3411 1332 3482 questo
1358 3403 1473 3467 editto

187 3511 340 3574 maxime
376 3509 541 3573 acciochd
578 3509 612 3572 in
648 3508 767 3571 futuro
804 3528 873 3570 non
910 3529 948 3571 se
984 3507 1110 3570 tirasse
1140 3507 1174 3571 in
1215 3511 1473 3590 consequentia

187 3619 252 3680 che
285 3615 393 3699 dopoi
425 3619 459 3679 la
493 3615 670 3679 sententia
700 3616 736 3677 di
761 3612 834 3676 Sua
859 3614 999 3677 Santita
1029 3611 1125 3677 iusse
1158 3623 1250 3678 stato
1275 3615 1374 3678 udito
1400 3638 1472 3681 uno

187 3723 345 3788 heretico
377 3726 423 3786 ab
462 3723 610 3805 imperio
644 3732 679 3784 et
708 3721 928 3802 principibus
961 3720 1077 3793 laicis;
1111 3725 1199 3803 pero
1231 3725 1472 3788 occurendum

188 3842 265 3895 erat
288 3834 414 3894 morbo
447 3830 624 3909 venienti,
656 3829 681 3891 il
715 3831 780 3891 che
804 3828 848 3891 V.
881 3828 917 3890 S.
951 3828 1045 3890 Rma
1073 3827 1205 3891 rederi
1237 3849 1335 3892 esser
1367 3829 1472 3896 fatto.

188 3938 252 4002 Pil
279 3958 411 4001 ancora
436 3937 529 4001 eraci
546 3957 673 4015 mess0,
698 3957 755 3998 ma
772 3935 794 3997 il
813 3934 970 3999 conselio
987 3937 1033 3997 ha
1049 3946 1210 3999 resecato
1226 3957 1293 4016 pur
1317 3939 1472 4018 qualche

188 4054 342 4124 cosetta,
375 4063 446 4106 non
480 4046 568 4125 pero
593 4044 626 4105 d'
647 4042 867 4123 importanza
899 4063 955 4103 ma
980 4043 1023 4104 de
1049 4043 1130 4105 stilo
1156 4052 1191 4105 et
1215 4043 1260 4106 mi
1285 4045 1472 4110 maravilio

187 4154 252 4214 che
277 4171 387 4213 ancor
411 4150 443 4211 ci
466 4149 562 4212 habii
588 4152 720 4213 lassato
745 4159 856 4229 tant0,
881 4149 904 4211 il
930 4151 996 4212 che
1020 4148 1056 4211 in
1080 4170 1166 4212 vero
1192 4171 1262 4214 non
1288 4151 1305 4213 ὲ
1330 4172 1425 4232 poco
1450 4174 1472 4215 a

187 4257 244 4320 chi
267 4260 338 4320 ben
363 4256 568 4336 considera,
602 4256 734 4338 perche
763 4257 886 4319 soleno
920 4256 943 4318 li
972 4256 1052 4318 laici
1086 4277 1226 4339 sempre
1251 4268 1384 4339 quanto
1409 4259 1471 4341 piu

186 4375 319 4447 poteno
351 4366 506 4444 derogar
537 4366 571 4426 al
605 4365 701 4427 clero
727 4373 763 4426 et
786 4363 981 4425 attribuirsi
1005 4384 1026 4426 a
1050 4383 1099 4442 se,
1124 4364 1148 4427 il
1173 4365 1238 4427 che
1263 4365 1375 4445 perho
1401 4366 1472 4429 mai

186 4474 232 4534 ho
259 4471 349 4534 visto
373 4471 410 4533 in
433 4480 560 4552 questo
585 4471 708 4535 ottimo
734 4469 864 4533 Cesare
888 4470 1098 4551 praesertim
1132 4472 1274 4552 quando
1308 4473 1341 4534 el
1374 4472 1413 4535 fa
1436 4475 1472 4537 16

187 4599 270 4641 cose
294 4577 339 4641 de
370 4598 433 4640 suo
470 4598 561 4659 capo
597 4579 691 4651 solo;
727 4577 864 4641 bench&
901 4578 1015 4640 anche
1048 4579 1106 4640 nel
1131 4578 1295 4641 Conselio
1331 4579 1378 4640 ha
1413 4580 1470 4643 de'

187 4685 296 4748 buoni
320 4705 386 4766 per
409 4684 467 4747 noi
492 4694 606 4764 certo,
632 4706 688 4747 ma
711 4705 781 4747 non
807 4683 922 4765 molti,
955 4693 991 4746 et
1021 4684 1045 4747 li
1076 4684 1159 4747 boni
1193 4687 1239 4747 da
1263 4705 1316 4764 se,
1348 4687 1471 4750 hanno

187 4791 246 4874 poi
270 4791 419 4873 rispetto
445 4791 489 4852 ad
515 4791 596 4853 altri
620 4812 691 4854 non
715 4791 835 4854 buoni.
