3330 5580
713 468 943 522 e5392&

187 611 336 692 dicitur),
361 608 395 673 ἓν
418 608 534 689 κόνων,
559 613 652 676 idest
675 635 765 677 unus
789 615 915 696 pulvis,
941 615 1136 694 eademque
1153 611 1282 674 farina:
1318 611 1469 694 Nequic·

187 740 291 800 quam
316 719 502 802 Episcopi,
533 720 665 783 frustra
696 721 923 803 presbisteri,
955 722 1030 783 sine
1062 742 1169 783 causa
1200 719 1343 782 diaconi
1378 728 1470 784 sunt.

186 827 231 888 Et
264 826 357 889 idem
383 827 613 890 Beatissimus
644 829 698 891 vir
721 828 756 892 in
787 829 930 912 dialogo
956 827 1157 892 Orthodoxi
1182 835 1218 888 et
1242 825 1470 906 Luciferiani,

187 934 369 996 Ecclesiae
404 932 542 1017 (inquit)
574 938 668 998 salus
694 936 730 998 in
754 937 878 998 summi
904 935 1099 999 sacerdotis
1124 935 1300 1016 dignitate
1325 934 1469 1016 pendet,

188 1040 280 1103 cuini
297 1041 326 1103 si
344 1062 450 1104 exors
474 1043 649 1123 quaedam
675 1052 710 1106 et
734 1045 780 1106 ab
805 1043 966 1106 omnibus
992 1042 1149 1105 eminens
1174 1043 1277 1104 detur
1297 1050 1470 1123 potestas,

188 1158 241 1210 tot
264 1148 300 1210 in
325 1148 492 1212 Ecclesiis
517 1148 715 1212 efficientur
739 1152 941 1230 schismata,
965 1159 1052 1232 quot
1075 1151 1290 1212 sacerdotes.

277 1257 408 1318 Restat
438 1255 547 1337 igitur
578 1268 615 1319 ut
653 1278 673 1319 a
709 1258 815 1320 meris
845 1258 945 1321 laicis
978 1270 1013 1320 et
1043 1257 1113 1319 illis
1143 1256 1295 1319 indoctis
1319 1254 1470 1318 iudicari

188 1363 362 1424 Martinus
386 1363 488 1442 velit,
513 1363 635 1446 eisque
659 1365 897 1446 potissimum,
930 1385 1019 1446 quos
1043 1363 1208 1427 Pontifici
1232 1373 1268 1425 et
1292 1361 1398 1425 Clero
1422 1361 1469 1423 in-

188 1470 300 1532 festos
330 1470 495 1533 reddidit.
544 1469 616 1534 Sed
648 1491 752 1535 nemo
784 1472 942 1554 ignorat,
977 1471 1037 1533 ubi
1068 1472 1113 1533 de
1140 1469 1316 1551 religione
1341 1468 1469 1550 agitur,

189 1597 304 1657 neque
336 1577 505 1640 laicorum
538 1598 654 1660 neque
680 1579 784 1642 etiam
810 1580 1066 1661 Imperatorum
1092 1597 1171 1640 esse
1191 1575 1371 1658 judicium.
1419 1572 1469 1636 Si·

189 1684 332 1764 quidem
357 1684 534 1748 Arcadius
550 1686 749 1768 Imperator
771 1689 838 1750 hoc
863 1687 908 1749 ad
924 1686 1122 1768 Episcopos
1146 1683 1302 1761 remittit,
1326 1693 1366 1745 ut
1383 1682 1469 1744 Con-

189 1791 362 1853 stantinus
387 1811 536 1872 magnus
560 1792 596 1855 in
621 1792 780 1857 Nicaena
804 1792 964 1876 Synodo,
997 1794 1042 1855 de
1067 1791 1221 1874 querelis
1246 1790 1470 1852 sacerdotum

189 1898 280 1960 dixit
303 1898 587 1963 manifestissime
607 1899 775 1978 judicium
800 1902 846 1963 ad
872 1921 909 1963 se
934 1922 1005 1964 non
1030 1908 1208 1982 spectare:
1245 1897 1345 1959 Idem
1365 1895 1470 1959 etiam

190 2008 387 2087 Imperator
411 2008 581 2070 adversus
605 2007 845 2070 Montensium
869 2007 1044 2070 haeresim
1069 2008 1115 2068 ad
1139 2004 1362 2087 Sylvestrum
1380 2002 1470 2064 Pon·

190 2113 330 2191 tificem,
356 2113 511 2176 Romam
536 2115 629 2177 misit
644 2114 848 2178 Rheticium
866 2115 1227 2196 Augustodunensem
1244 2110 1472 2193 Episcopum,

189 2231 226 2281 ut
251 2222 295 2282 ad
320 2221 526 2285 Marcellam
552 2219 801 2286 Sanctissimus
825 2222 948 2285 scribit
972 2224 1097 2284 doctor
1124 2219 1376 2299 Hieronymus.
1423 2216 1472 2277 At

188 2327 255 2389 iste
271 2331 386 2390 bonus
402 2329 535 2391 Luther
551 2342 587 2392 et
602 2351 640 2393 se
662 2330 904 2394 adversarium
923 2328 1105 2392 Pontificis
1128 2327 1227 2389 facit:
1253 2334 1289 2387 et
1313 2344 1393 2386 eum
1418 2343 1470 2384 su·

190 2437 294 2498 besse
319 2435 448 2498 iudicio
473 2437 642 2500 laicorum
666 2439 755 2500 vult:
781 2458 871 2519 quos
895 2447 1013 2499 tamen
1034 2454 1211 2515 nunquam
1229 2430 1383 2514 putarim
1400 2432 1472 2492 tani

191 2542 335 2623 impios,
368 2555 404 2605 et
435 2554 506 2606 tam
538 2544 779 2626 impudentes,
811 2555 849 2608 ut
879 2544 915 2606 id
948 2544 1015 2607 sibi
1045 2549 1235 2605 assumant.
1282 2537 1356 2601 Sed
1384 2537 1471 2600 illud

192 2650 343 2713 maxime
368 2654 518 2731 optabat
532 2651 705 2715 Martinus
730 2654 775 2715 ad
800 2653 954 2715 diaetam
979 2653 1078 2714 salvo
1094 2649 1271 2712 conductu
1287 2645 1471 2721 accedere,

191 2766 229 2819 ut
260 2757 296 2820 in
327 2778 370 2819 ea
400 2757 534 2820 rabiem
566 2780 664 2821 suam
696 2770 731 2822 et
755 2780 930 2822 venenum
956 2758 1140 2821 effundere
1164 2755 1308 2837 impune
1331 2761 1469 2834 posset:

191 2876 226 2925 et
251 2884 293 2926 ea
315 2863 482 2945 opinione
505 2866 629 2929 relicta
653 2866 855 2946 discedere,
892 2867 991 2948 quasi
1016 2887 1036 2927 a
1062 2864 1215 2928 Caesare
1245 2871 1281 2925 et
1305 2881 1325 2922 a
1349 2878 1471 2943 proce·

192 2971 289 3033 ribus
314 2992 366 3051 ea,
391 2992 482 3053 quae
507 2973 656 3054 scripsit,
682 2985 803 3037 essent
826 2977 1036 3057 approbata.
1479 2975 1482 2979 ’

282 3079 475 3141 Praeterea
514 3100 723 3161 quaeramus
764 3081 891 3163 quibus
931 3079 1135 3143 auctoribus
1175 3075 1337 3140 convinci
1375 3074 1472 3135 vult?

193 3186 325 3248 Omnes
349 3186 515 3249 scientias
540 3197 575 3250 et
599 3188 786 3251 facultates
811 3200 846 3250 et
870 3188 980 3251 libros
995 3188 1149 3249 damnat.
1192 3185 1239 3245 At
1255 3180 1472 3244 rationibus?

193 3292 251 3373 qui
276 3292 351 3355 fieri
375 3304 504 3374 potest,
531 3305 569 3357 ut
592 3298 665 3358 ulla
687 3296 825 3358 ratione
849 3295 1011 3357 vincatur
1036 3293 1094 3374 qui
1119 3303 1190 3354 tam
1216 3286 1473 3352 irrationabilia

193 3409 228 3461 et
256 3400 378 3462 scribit
408 3410 444 3462 et
467 3400 574 3464 facit?
622 3403 724 3465 Novo
749 3403 983 3466 testamento?
1016 3399 1166 3482 primurn
1189 3397 1225 3460 in
1251 3415 1344 3459 novo
1369 3403 1473 3455 testa-

193 3516 310 3571 mento
343 3528 412 3570 non
449 3507 565 3571 omnia
596 3509 728 3591 scripta
755 3520 851 3587 sunt,
885 3528 976 3591 quae
1008 3528 1073 3591 pro
1107 3503 1319 3567 necessitate
1345 3519 1473 3579 rerum,

194 3624 408 3694 temporum,
441 3625 477 3677 et
510 3617 666 3679 locorum
691 3617 851 3680 Ecclesia
876 3615 943 3679 Dei
976 3614 1101 3697 spiritu
1125 3619 1319 3694 praeeunte
1344 3606 1474 3686 sanxit,

193 3732 229 3783 et
252 3723 423 3784 hactenus
448 3725 666 3805 observavit,
692 3746 782 3806 quae
811 3746 832 3787 a
856 3724 1010 3786 Martino
1035 3721 1248 3803 rejiciuntur.

302 3829 440 3891 Deinde
455 3830 489 3892 in
507 3831 572 3910 his,
590 3852 681 3912 quae
694 3832 730 3894 in
744 3852 839 3894 novo
852 3839 1064 3893 testamento
1077 3830 1264 3903 habentur,
1282 3821 1473 3904 expositio·

194 3957 256 3999 nes
280 3937 434 4000 omnium
459 3938 615 4018 damnat,
640 3949 675 4002 et
699 3959 797 4000 suam
813 3938 915 4000 unius
931 3957 1053 4000 veram
1071 3955 1148 3998 esse
1163 3932 1310 4008 iactitat,
1336 3928 1475 4010 sibique

197 4044 254 4105 uni
271 4045 368 4107 credi
384 4047 470 4125 vult,
491 4046 549 4128 qui
565 4046 720 4128 reliquos
736 4065 858 4108 omnes
871 4045 1052 4108 falsidicos
1067 4053 1101 4105 et
1114 4041 1185 4103 fide
1197 4039 1364 4120 indignos
1378 4035 1474 4098 facit.

284 4152 469 4214 Postremo
481 4154 612 4236 passim
624 4153 746 4217 videre
759 4153 856 4214 estin
868 4151 1012 4213 Lutheri
1024 4149 1175 4231 scriptis,
1187 4148 1215 4209 si
1227 4146 1309 4228 quid
1323 4165 1368 4207 ex
1380 4163 1476 4206 novo

196 4259 424 4321 'I'estamento
445 4259 582 4339 citatur,
608 4261 702 4341 quod
720 4269 843 4322 contra
860 4260 975 4341 ipsum
992 4257 1109 4335 faciat,
1134 4254 1251 4318 statim
1269 4253 1387 4314 dicere
1402 4249 1476 4312 illic

196 4387 274 4428 esse
288 4366 490 4429 deliratum:
507 4367 606 4430 sicuti
624 4369 670 4430 de
687 4366 972 4449 epistolaJacobi
985 4364 1117 4444 scribit,
1136 4372 1171 4427 et
1184 4363 1253 4425 alia
1266 4358 1476 4423 huiusmodi.

303 4473 426 4555 Neque
451 4476 517 4537 hoc
543 4475 669 4537 dicitur
697 4475 779 4555 quia
811 4494 881 4535 non
906 4473 974 4536 sint
999 4471 1159 4554 plerique
1184 4469 1279 4532 docti
1304 4466 1380 4544 viri,
1405 4485 1475 4527 ma·

197 4580 292 4641 ximo
317 4601 474 4660 numer0,
500 4581 557 4663 qui
582 4591 705 4644 contra
722 4580 914 4643 Martinum
939 4580 1032 4643 etin
1058 4598 1219 4659 campum
1245 4572 1477 4651 descendere,

198 4697 232 4748 et
256 4688 412 4751 scribere
436 4700 517 4750 sunt
542 4688 765 4770 paratissimi,
790 4688 895 4750 modo
916 4709 959 4750 ne
974 4687 1163 4750 videantur
1178 4697 1213 4745 et
1229 4679 1477 4744 auctoritatem

198 4794 360 4857 Pontifici
386 4796 534 4860 coelitus
558 4799 677 4860 datam
702 4806 832 4859 ettam
860 4797 969 4876 longo
1001 4815 1108 4871 aevo,
1142 4800 1195 4853 tot
1219 4790 1477 4869 Imperatorum
