3344 5564
724 460 952 516 &tid-0

197 619 329 671 venuta
354 608 402 670 dil
427 628 491 670 suo
516 607 722 669 Mahumeth
749 617 785 668 et
809 606 868 687 gia
893 606 1023 687 passim
1049 607 1235 687 divulgant
1258 608 1324 668 che
1349 605 1396 667 lui
1420 626 1477 666 ve·

198 713 276 777 nira
299 724 336 777 et
353 716 425 777 'che
449 713 527 776 fara
551 712 771 795 meraviglie.
809 714 931 785 Rev¹¹2⁰
957 713 1089 774 Patron
1115 713 1199 793 mi0,
1225 734 1263 775 se
1289 734 1357 775 non
1382 711 1478 774 fusse

198 820 376 885 destinato
401 822 446 884 ad
471 822 521 883 tal
544 821 699 900 impresa
723 821 769 882 da
793 820 835 883 N.
861 817 900 881 Sr
935 831 970 881 et
994 821 1059 882 che
1085 840 1154 881 non
1180 820 1209 881 si
1233 819 1370 882 facesse
1402 839 1477 900 pre·

198 928 323 991 iuditio
348 949 386 991 se
411 949 482 990 non
507 928 541 989 al
565 948 668 990 nome
694 927 773 1005 mio,
798 948 864 1008 per
879 927 947 988 Dio
973 947 1042 988 non
1068 926 1285 989 desiderarei
1302 927 1392 988 altro
1413 927 1478 988 che
1536 981 1538 985 .

198 1035 452 1098 raccontrarmi
477 1055 544 1098 con
569 1047 694 1116 questo
719 1033 849 1100 Satan:
881 1034 905 1096 il
934 1036 1000 1096 che
1031 1055 1069 1096 se
1094 1055 1167 1129 non⁸
1188 1037 1292 1115 potrd
1316 1033 1478 1096 obtenire

198 1164 329 1222 coram,
354 1143 497 1206 subbito
522 1142 691 1223 expedito
718 1145 762 1205 de
787 1142 855 1204 mia
888 1141 1041 1223 impresa
1065 1162 1170 1222 spero
1195 1142 1382 1203 mostrarlo
1412 1161 1477 1201 con

197 1250 321 1329 scritti,
348 1261 384 1312 et
401 1270 469 1312 non
491 1250 651 1331 allegarit
677 1249 784 1329 quelli
809 1251 875 1311 che
900 1250 947 1310 lui
972 1249 1097 1320 refuta!
1123 1249 1214 1311 adeo
1238 1248 1344 1310 video
1370 1249 1478 1309 multa

196 1357 231 1418 in
257 1368 384 1438 questa
408 1356 529 1419 ultima
545 1377 655 1437 opera
680 1358 772 1418 dove
797 1366 831 1418 et
857 1357 903 1417 lui
928 1366 964 1417 et
980 1355 1056 1418 suoi
1081 1354 1225 1438 seguaci
1246 1357 1364 1417 hanno
1387 1354 1477 1416 fatto

196 1465 282 1544 ogni
308 1485 371 1527 suo
397 1464 514 1527 studio
539 1465 683 1546 podersi
708 1484 929 1543 convenior,
961 1465 1023 1526 sed
1057 1474 1094 1525 ut
1119 1463 1193 1525 dixi
1224 1483 1293 1526 non
1317 1465 1478 1543 besogna

197 1582 326 1633 metter
350 1571 384 1634 in
412 1571 655 1634 controversia
680 1571 872 1633 l’auttorita
896 1571 953 1634 del
979 1570 1043 1643 8⁰2⁰
1069 1580 1105 1632 et
1128 1580 1202 1632 star
1234 1589 1255 1632 a
1287 1568 1477 1636 iudiciordi

197 1674 290 1755 laici,
315 1679 360 1739 de
383 1678 479 1758 quali
503 1699 591 1741 sono
617 1677 714 1741 molti
738 1677 798 1758 gia
822 1677 950 1741 infetti.
998 1678 1192 1740 Praeterea
1223 1696 1323 1738 come
1355 1688 1390 1739 et
1421 1697 1477 1738 co·

196 1805 271 1846 ram
297 1784 425 1865 quibus
448 1784 625 1847 indicibus
648 1805 686 1847 se
703 1786 863 1846 harebbe
887 1806 909 1846 a
929 1784 1089 1865 disputar
1106 1787 1241 1864 absque
1265 1783 1476 1846 auctoritate

197 1889 403 1954 Pontificis?
437 1903 472 1953 et
503 1892 550 1954 lui
574 1892 608 1952 in
644 1912 707 1953 sua
730 1892 988 1972 protestatione
1013 1901 1155 1954 recusat
1182 1889 1318 1972 judiees
1342 1893 1474 1953 theolo-

196 2018 276 2079 ξοδ,
300 1997 545 2080 philosoph05‚
569 1999 654 2061 iuris
678 1999 859 2080 utriusque
884 2001 1075 2077 consultos,
1100 2010 1266 2080 tanquam
1292 1999 1392 2060 nauci
1416 2000 1475 2060 ho-

197 2104 311 2166 mines
334 2116 371 2168 et
394 2105 564 2187 precipue
589 2116 784 2187 suspectos.

288 2210 362 2274 Sed
385 2223 424 2274 ut
447 2214 591 2275 redeam
616 2214 661 2276 ad
686 2213 813 2276 seriem
837 2214 888 2275 rei
913 2215 945 2276 el
977 2213 1179 2275 cancellieri
1216 2213 1310 2275 disse
1344 2213 1409 2274 che
1439 2233 1476 2273 se

196 2317 347 2381 mettera
372 2322 444 2382 bon
469 2321 603 2383 ordine.
645 2321 710 2383 Poi
726 2321 869 2403 pransai
894 2340 960 2382 con
986 2341 1096 2382 mons.
1121 2322 1166 2382 de
1186 2319 1356 2382 Chievres
1380 2320 1475 2400 apud

197 2426 404 2507 episcopum
429 2426 598 2491 Leodien.
624 2430 684 2490 ubi
709 2429 859 2490 aderant
882 2428 980 2489 multi
1005 2426 1192 2512 {principes
1225 2437 1261 2488 et
1289 2427 1474 2507 presertim

199 2532 438 2596 nobilissimus
462 2534 521 2596 ille
539 2536 621 2597 Dux
638 2535 840 2598 Fridericus
864 2534 975 2597 frater
999 2535 1144 2597 Comitis
1168 2533 1338 2605 Palatini,
1364 2546 1399 2596 et
1427 2533 1473 2597 in·
1512 2582 1514 2589 >

196 2651 252 2702 ter
276 2641 524 2720 prandendum
550 2653 585 2704 et
608 2651 689 2723 post
714 2641 912 2725 depositam
938 2662 1093 2704 mensam
1126 2641 1163 2702 fu
1196 2643 1304 2703 molto
1330 2651 1475 2702 trattato

197 2747 232 2809 di
256 2756 383 2827 questa
408 2767 501 2827 cosa,
527 2759 563 2810 et
587 2768 692 2829 spero
718 2751 783 2811 che
809 2760 899 2811 tutto
924 2749 953 2810 si
977 2749 1121 2830 portora
1146 2751 1234 2825 ben,
1260 2749 1317 2810 del
1342 2750 1475 2810 chene

196 2854 284 2917 dard
309 2854 433 2917 adviso
458 2875 479 2917 a
504 2855 547 2917 V.
576 2854 609 2917 S.
634 2856 755 2928 Revu
779 2857 935 2918 secundo
961 2859 994 2918 el
1018 2875 1183 2918 successo
1207 2856 1265 2917 del
1289 2867 1408 2937 tempo
1441 2868 1476 2916 et
1552 2918 1556 2928 ,

196 2963 290 3023 delle
316 2980 409 3024 cose.
457 2961 508 3024 Le
532 2963 588 3024 eui
612 2983 713 3025 sacre
737 2963 832 3026 mani
856 2966 955 3025 baso.

285 3084 509 3150 Wormatiae
533 3086 590 3149 die
617 3135 624 3149 .
651 3135 657 3150 .
684 3136 691 3149 .

813 3499 862 3562 12.

574 3604 752 3684 Aloander
780 3604 1091 3687 Vioeoanoellam.

553 3733 724 3803 (Nuntiat.
744 3733 898 3793 German.
917 3734 948 3792 L.
968 3735 1119 3807 1ο1107.)

623 3837 743 3896 (Circiter
764 3849 804 3899 14.
825 3839 932 3901 Januar.
957 3838 1041 3900 1428.i

284 3942 325 4003 In
350 3942 371 4005 l'
385 3943 476 4005 altra
500 3942 569 4005 mio
595 3946 640 4005 ho
665 3943 786 4006 scritto
813 3945 1004 4025 derebus,
1040 3945 1075 4007 in
1100 3957 1224 4026 questa
1249 3947 1405 4008 scrivere>
1430 3949 1475 4009 de

194 4048 368 4130 personis.

285 4155 418 4217 Caesar
441 4157 487 4218 ha
511 4156 535 4218 it
560 4157 710 4237 meglior
734 4157 860 4236 anim0,
887 4159 952 4220 che
977 4160 1082 4221 homo
1108 4180 1272 4222 nascesse
1297 4160 1356 4242 gia
1380 4161 1474 4222 mille

194 4261 288 4341 anni,
314 4272 349 4323 et
370 4283 408 4324 se
432 4263 479 4324 lui
505 4283 575 4325 non
599 4262 695 4325 fusse
720 4267 801 4342 tale,
827 4275 924 4326 certo
950 4267 982 4327 le
1007 4287 1089 4329 cose
1115 4277 1234 4329 nostre
1259 4287 1324 4349 per
1346 4267 1474 4348 privati

194 4368 308 4431 affetti
333 4371 526 4432 sarebbero
552 4373 660 4433 molto
686 4371 858 4434 intricate.

284 4475 324 4536 El
343 4475 535 4539 Confessor
560 4497 625 4558 per
649 4480 681 4540 le
706 4479 900 4559 gentilezze
925 4482 990 4542 che
1015 4482 1038 4542 li
1064 4482 1127 4543 uso
1144 4481 1185 4544 N.
1205 4481 1256 4542 8¹¹³
1284 4492 1338 4544 est
1358 4481 1474 4543 factus

195 4583 303 4644 multo
328 4582 474 4663 aequior
498 4584 567 4646 alle
591 4604 674 4646 cose
699 4584 735 4645 di
758 4585 876 4648 Roma
901 4589 966 4649 che
991 4588 1015 4649 il
1040 4608 1242 4670 cognoseea
1263 4609 1327 4670 per
1343 4589 1473 4668 avanti,

194 4689 283 4771 pero
308 4687 344 4751 fa
368 4692 487 4752 buono
513 4690 643 4769 offici0,
669 4702 704 4753 et
728 4694 798 4754 ben
824 4693 852 4755 si
877 4695 968 4756 vede
993 4696 1058 4757 che
1083 4696 1103 4756 e
1127 4697 1245 4758 buono
1263 4716 1402 4783 sempre
1419 4696 1474 4761 far

193 4797 264 4857 ben
289 4796 335 4857 ad
359 4797 450 4859 altri.
