3344 5564
709 460 766 517 aa]
805 458 859 518 250
896 455 955 516 Cro

192 611 227 676 lo
267 621 471 675 accettorno
509 611 738 673 monstrando
772 620 871 672 certo
906 612 1002 672 bona
1038 606 1244 675 obedientia
1275 623 1310 674 et
1338 608 1414 675 zelo
1438 607 1472 674 al

193 718 441 791 Sanctissimo;
475 718 534 780 alli
568 716 648 780 altri
673 717 830 797 Principi
854 716 1042 798 ⁸presentai
1074 717 1135 797 poi
1167 719 1189 779 li
1225 718 1300 781 suoi
1325 730 1473 800 aparte

193 827 324 907 perche
349 827 441 888 cossi
475 845 580 906 porse
613 826 645 885 el
678 823 782 885 melio
815 843 880 905 per
913 822 1020 884 molte
1046 843 1162 886 cause.
1212 824 1347 906 Questo
1372 823 1474 906 fatto,

193 935 302 997 Cesar
338 935 433 995 resto
466 933 543 994 solo
575 951 652 992 curn
684 931 707 991 li
742 929 897 1009 Principi
931 928 1077 991 electori
1113 939 1148 991 et
1178 931 1295 993 alcuni
1327 931 1408 994 altri
1440 942 1473 994 et

194 1041 314 1103 lnttosi
339 1047 511 1121 apportat
535 1037 700 1115 l'editto,
731 1035 826 1097 disse
857 1037 932 1097 loro
962 1056 1040 1098 cum
1065 1037 1242 1099 authorita
1266 1048 1474 1103 veramente

194 1148 357 1226 Cesarea,
383 1156 507 1228 questo
533 1147 550 1207 ὲ
576 1146 610 1206 lo
635 1143 747 1206 editto
772 1145 838 1205 che
862 1142 896 1204 io
921 1142 1067 1206 intendo
1085 1145 1184 1206 voler
1209 1146 1356 1226 exequir
1380 1146 1417 1208 in
1440 1147 1474 1207 la

194 1254 529 1328 causaLutherana,
553 1250 612 1314 voi
636 1251 671 1313 lo
696 1250 876 1328 vederete,
902 1260 936 1311 et
962 1251 1054 1311 cossi
1078 1250 1115 1312 fu
1139 1253 1226 1313 letto
1251 1272 1316 1332 per
1342 1254 1374 1314 el
1399 1253 1473 1314 dot·

195 1373 249 1425 tor
264 1362 436 1442 Spieghel
462 1381 530 1422 con
554 1360 691 1441 grande
716 1357 889 1420 attention
916 1359 960 1419 de
985 1356 1076 1436 tutti,
1102 1367 1137 1419 et
1153 1358 1188 1420 in
1206 1357 1276 1421 fine
1293 1360 1328 1421 lo
1346 1360 1472 1421 elettor

193 1468 344 1548 Joachin
369 1488 544 1530 consensu
570 1475 606 1528 et
630 1464 772 1529 nomine
796 1464 951 1526 omnium
976 1465 1088 1544 disse,
1120 1466 1185 1527 che
1209 1466 1323 1527 alloro
1349 1464 1471 1547 piacea

194 1576 337 1655 leditto,
371 1585 407 1638 et
437 1576 503 1638 che
528 1595 566 1637 se
596 1573 783 1636 mandasse
812 1572 857 1634 ad
889 1572 1102 1634 executione
1134 1592 1239 1634 senza
1263 1570 1405 1634 mutarli
1428 1590 1470 1632 un

194 1684 277 1762 iota,
302 1693 337 1745 et
361 1684 426 1744 che
451 1680 543 1743 cossi
568 1699 629 1743 era
653 1688 746 1741 stata
768 1680 804 1740 la
828 1687 945 1740 mente
970 1687 1005 1740 et
1030 1678 1235 1742 conclusion
1267 1680 1312 1740 de
1346 1677 1427 1741 tutti
1450 1677 1471 1739 li

194 1791 275 1851 stati
300 1791 344 1851 de
369 1786 540 1869 limperio.
588 1786 626 1848 lo
651 1785 687 1847 di
711 1794 838 1866 questo
862 1805 907 1847 ne
923 1784 1113 1849 demandai
1136 1795 1211 1847 atto
1235 1785 1417 1848 autentico
1440 1786 1471 1848 al

195 1900 320 1959 doctor
345 1894 517 1976 Spieghel
542 1914 643 1956 como
668 1893 807 1955 notario
833 1905 869 1954 et
892 1890 1095 1955 Secretario
1119 1893 1320 1975 imperiale,
1351 1902 1387 1955 et
1414 1891 1472 1974 gia

195 2002 356 2066 Palentia
380 2003 528 2064 l’havea
553 2000 768 2063 demandato
793 1998 934 2062 nomine
959 1997 1131 2062 Caesaris,
1179 1999 1245 2061 Poi
1270 1999 1373 2061 usciti
1396 1998 1472 2061 fora

195 2127 391 2172 trovammo
416 2119 508 2171 tutto
533 2108 556 2169 il
581 2108 710 2170 mondo
736 2109 801 2169 che
827 2117 1028 2189 expectava
1053 2115 1179 2188 questa
1201 2109 1396 2171 benedetta
1424 2127 1472 2170 re-

194 2217 381 2295 solutione,
406 2215 539 2296 perche
562 2214 621 2296 gi'a
646 2214 777 2295 passim
802 2233 840 2275 se
864 2213 1057 2293 divulgava
1081 2234 1146 2295 per
1170 2215 1251 2276 tutti
1275 2215 1392 2297 questi
1416 2235 1471 2296 pa·

196 2325 245 2386 esi
277 2324 342 2385 che
368 2322 500 2384 Caesar
530 2321 635 2384 melio
667 2320 858 2383 informato
893 2322 937 2383 de
968 2321 1001 2383 le
1026 2340 1107 2382 cose
1132 2321 1177 2383 de
1201 2320 1337 2385 Luther
1360 2323 1474 2385 havea

194 2439 362 2492 revocato
392 2430 416 2490 il
448 2429 616 2491 mandato
642 2437 677 2489 et
701 2449 763 2490 era
787 2427 879 2490 assai
911 2438 1108 2509 apparente
1132 2449 1279 2510 apresso
1315 2430 1339 2491 il
1365 2432 1473 2512 vulgo

195 2538 325 2620 perche
351 2556 452 2598 como
476 2534 594 2597 scrissi
618 2555 683 2615 per
708 2535 775 2597 mie
796 2535 916 2597 ultime
941 2535 999 2616 gia
1024 2536 1044 2596 l'
1062 2535 1253 2617 impressor
1277 2538 1395 2599 havea
1419 2558 1471 2600 co·
1528 2614 1531 2621 ,

195 2643 360 2706 minciato
385 2644 419 2704 la
435 2641 549 2723 prima
573 2640 697 2721 forma,
723 2645 866 2722 quando
884 2643 920 2704 fu
938 2645 1150 2705 comandato
1172 2664 1242 2706 non
1258 2647 1473 2725 procedesse

196 2752 253 2833 pin
279 2749 410 2829 avanti,
435 2751 553 2811 donde
578 2749 601 2811 li
626 2749 821 2812 Lutherani
846 2772 890 2813 ne
914 2751 1035 2812 fecero
1059 2750 1181 2828 iubil0,
1205 2750 1229 2812 il
1254 2755 1337 2832 qual
1362 2754 1473 2835 perhd

195 2879 287 2940 poco
312 2857 400 2919 durh
425 2877 489 2939 per
514 2859 601 2935 lor0,
626 2857 741 2919 intesa
765 2860 831 2920 che
855 2860 1015 2920 hebbero
1040 2871 1166 2938 questa
1190 2869 1293 2920 santa
1310 2859 1472 2921 conchiu·

195 2966 304 3027 sione.
353 2961 479 3024 Subito
504 2963 542 3024 fu
566 2963 751 3043 divulgata
775 2976 900 3046 questa
924 2966 1018 3026 fama
1034 2984 1099 3045 per
1114 2976 1204 3026 tutta
1222 2977 1348 3046 questa
1369 2979 1473 3045 terra,

195 3093 261 3134 con
287 3072 423 3152 grande
447 3071 644 3151 allegrezza
668 3072 714 3134 de
738 3070 829 3151 tutti,
855 3071 1008 3152 hispani,
1038 3070 1112 3133 itali
1137 3081 1173 3134 et
1196 3075 1288 3134 assei
1312 3073 1473 3154 germani

195 3190 230 3241 et
265 3177 357 3239 assai
382 3177 544 3239 tristezza
576 3177 647 3239 deli
679 3178 873 3257 lutherani,
911 3177 934 3239 li
959 3178 1054 3258 quali
1078 3199 1149 3259 qua
1182 3188 1217 3241 et
1240 3179 1276 3240 la
1299 3179 1474 3244 facevano

195 3282 434 3347 conventiculi
459 3293 494 3346 et
517 3284 650 3345 susurri
675 3285 794 3347 donde
818 3296 920 3365 parte
944 3305 1009 3366 per
1033 3287 1249 3367 allegrezza,
1283 3298 1386 3369 parte
1411 3309 1474 3370 per

179 3403 288 3455 tema
313 3393 378 3453 che
403 3394 480 3453 loro
506 3413 576 3454 non
602 3402 810 3454 trovasseno
836 3393 986 3473 qualche
1010 3392 1136 3455 intrico
1168 3395 1290 3474 (ancor
1313 3396 1380 3457 che
1405 3415 1472 3458 non

164 3557 167 3563 .
195 3500 236 3561 sii
260 3499 319 3581 piu
345 3498 503 3580 periculo
529 3500 573 3560 de
598 3499 665 3580 cio)
691 3499 758 3561 mai
782 3499 883 3579 quasi
907 3502 952 3561 ho
977 3500 1130 3562 dormito
1154 3503 1189 3562 la
1204 3510 1303 3564 notte
1320 3514 1473 3583 passata,

195 3617 231 3669 et
255 3615 381 3686 questa
414 3624 516 3666 mane
545 3604 579 3666 in
613 3605 766 3667 dilucolo
795 3605 901 3668 andai
927 3608 959 3667 al
985 3625 1071 3686 gran
1099 3607 1302 3670 cancellieri
1326 3611 1393 3671 che
1418 3629 1472 3671 ve·

196 3734 300 3776 nesse
331 3733 353 3774 a
383 3711 439 3773 far
472 3732 538 3792 por
562 3714 597 3775 la
621 3732 725 3774 mano
751 3733 771 3773 a
797 3712 927 3775 Cesare
952 3713 1010 3775 alli
1036 3714 1192 3775 mandati
1217 3724 1254 3775 ut
1278 3714 1333 3778 est
1357 3716 1473 3795 moris,

196 3822 289 3883 dove
325 3840 390 3901 per
423 3822 518 3881 bona
549 3834 644 3882 sorte
678 3820 791 3882 trovai
817 3821 916 3882 detto
941 3821 1142 3884 cancellieri
1167 3821 1200 3884 in
1226 3823 1313 3885 letto
1339 3843 1419 3885 cum
1442 3825 1474 3885 la

196 3928 359 4010 podagra
383 3928 448 3988 che
473 3927 496 3988 li
521 3929 566 3989 ha
591 3927 764 3990 comincio
789 3938 914 4009 questa
940 3939 1054 4000 notte;
1080 3929 1108 3991 si
1133 3931 1197 3992 che
1219 3928 1256 3991 fu
1274 3930 1475 3993 necessario

196 4054 278 4097 usar
302 4033 322 4095 l'
336 4052 425 4113 opra
449 4035 493 4094 de
510 4033 664 4096 Palenza
688 4036 753 4097 che
777 4035 944 4097 referisse
965 4037 1000 4097 la
1025 4055 1109 4097 cosa
1124 4056 1145 4098 a
1161 4035 1303 4100 Cesare.
1351 4037 1475 4120 Neque

195 4144 263 4204 hoc
288 4139 481 4220 satisfuit,
513 4144 644 4221 perche
674 4143 711 4205 fu
736 4144 938 4205 necessario
962 4145 1074 4205 andar
1105 4145 1139 4205 al
1163 4143 1240 4206 R¹¹¹⁰
1264 4145 1494 4225 Maguntino'

196 4251 262 4310 che
287 4268 440 4329 ponesse
464 4249 578 4329 primo
603 4251 637 4311 la
660 4270 775 4331 mano,
800 4251 932 4332 perche
955 4251 1045 4312 cossi
1061 4252 1079 4312 d
1095 4250 1115 4312 l'
1130 4251 1255 4314 ordine
1271 4252 1395 4315 avanti
1410 4254 1475 4315 che

197 4354 305 4417 Cesar
330 4354 552 4419 sottoscriva.
600 4358 758 4420 Tandem
782 4357 881 4421 finito
906 4359 930 4421 il
946 4379 1085 4421 sermon
1104 4369 1139 4420 et
1156 4360 1190 4420 la
1202 4359 1340 4440 grande
1356 4358 1477 4422 Messa

195 4462 229 4524 io
254 4484 309 4524 me
334 4464 514 4544 presentai
538 4485 560 4526 a
584 4463 708 4546 Cesar,
739 4464 763 4526 il
792 4469 874 4547 qual
899 4466 1109 4528 sorridcndo
1133 4465 1180 4529 mi
1204 4467 1299 4529 disse
1322 4465 1359 4528 in
1383 4466 1477 4530 iran-

196 4589 293 4630 cese:
328 4567 411 4632 Scio
445 4573 513 4633 ben
551 4574 617 4634 che
641 4593 711 4635 non
737 4572 903 4651 dormite,
937 4583 972 4635 et
1002 4573 1087 4656 pilio
1116 4593 1193 4635 cum
1217 4592 1307 4655 gran
1331 4573 1478 4655 placere

197 4686 232 4737 et
256 4677 379 4756 alegro
404 4679 502 4740 volto
526 4678 550 4739 li
575 4679 741 4758 mandati,
767 4689 802 4742 et
826 4680 860 4741 in
885 4680 1003 4761 megio
1028 4683 1063 4742 la
1083 4680 1210 4744 Chiesa
1234 4680 1270 4742 in
1295 4683 1480 4762 presentia

197 4783 242 4844 de
267 4782 290 4843 li
316 4782 387 4843 R¹¹¹‘
413 4784 624 4865 Maguntino
649 4796 684 4847 et
708 4784 916 4849 Sedunense
937 4797 972 4848 et
989 4786 1179 4849 assaissimi
1197 4797 1232 4850 et
1248 4788 1477 4868 grandissimi
