3330 5580
673 482 731 536 04?
773 483 820 538 lit
860 480 918 536 i}-⁰

245 627 393 691 (irande
428 628 636 708 meraviglia
661 629 679 691 d
704 629 769 690 che
805 631 955 691 essendo
988 629 1145 710 alquanti
1173 629 1335 690 Alemani
1370 628 1435 689 che

148 735 320 797 scriveno
344 743 468 797 contro
489 735 622 797 Luther
647 747 681 797 et
706 736 900 798 alemanice
926 745 960 798 et
985 736 1102 816 latine,
1128 755 1196 796 non
1222 757 1259 796 se
1285 726 1435 796 trovam>

149 843 361 923 impressori
386 843 451 904 che
476 842 500 904 li
523 843 656 906 voliino
681 843 881 924 imprimere
907 853 940 905 et
966 866 1003 905 se
1020 846 1146 906 alcuno
1172 864 1236 923 per
1251 862 1339 919 gran
1358 862 1434 920 pre·

149 949 281 1031 ghiere
306 970 327 1011 ο
343 950 467 1012 denari
493 952 527 1012 lo
551 950 598 1031 fa,
624 951 766 1013 subbito
791 951 815 1013 li
832 951 1024 1012 Lutherani
1043 951 1065 1012 li
1084 950 1177 1031 quali
1195 952 1313 1011 hanno
1331 952 1436 1009 borsa

150 1077 306 1119 comune
338 1078 439 1120 come
463 1057 487 1119 li
510 1057 679 1138 Marani‚¹
700 1077 893 1139 comprano
919 1057 1006 1120 detti
1031 1056 1110 1119 libri
1143 1056 1263 1137 quanti
1289 1057 1331 1118 ni·
1357 1076 1434 1137 pos·

150 1164 232 1227 sino
257 1166 369 1227 haver
392 1174 429 1226 et
452 1164 475 1226 li
500 1165 754 1245 destruggenO.

245 1297 334 1359 Item
358 1318 428 1359 uno
453 1297 544 1360 frate
560 1298 723 1361 minorita
747 1299 792 1360 de
817 1299 1046 1362 observantia
1070 1299 1104 1361 in
1124 1299 1227 1360 Ulma
1243 1297 1436 1378 predicava

150 1406 185 1465 al
212 1403 390 1485 principio
406 1404 442 1465 di
463 1404 672 1484 Quaresima
689 1408 1011 1468 orthodoxamente
1029 1408 1071 1468 ne
1089 1426 1198 1486 sapea
1215 1407 1324 1466 haver
1340 1403 1435 1465 audi-

150 1510 239 1580 tori3
265 1510 324 1592 poi
349 1510 522 1574 comincid
546 1532 567 1573 a
591 1512 756 1593 predicar
780 1525 815 1575 et
831 1513 983 1575 sostenir
1007 1515 1039 1574 le
1060 1511 1294 1594 propositioni
1321 1513 1386 1572 che
1402 1511 1435 1570 io

149 1619 287 1680 mando
313 1629 348 1680 et
371 1619 418 1680 ha
443 1638 615 1681 concorso
640 1619 675 1680 di
700 1628 791 1681 tutta
811 1621 845 1681 la
863 1634 966 1682 terra.
1007 1620 1045 1681 [o
1061 1619 1321 1681 communicari)
1340 1618 1436 1679 dette

150 1724 392 1807 propositioni
426 1745 493 1788 con
527 1728 560 1788 el
584 1725 768 1788 confessor
802 1727 910 1789 chee
945 1727 980 1787 di
1005 1728 1087 1807 quel
1112 1725 1236 1787 ordine
1270 1736 1306 1786 et
1330 1745 1435 1804 spero

150 1832 242 1894 dara
266 1833 434 1895 remedio

245 1957 366 2020 Dicesi
391 1959 456 2020 che
481 1958 514 2020 in
540 1960 574 2020 la
598 1957 741 2021 diocese
758 1959 969 2040 Moguntina
993 1960 1011 2022 d
1036 1968 1128 2021 stato
1153 1968 1366 2019 ammazzato
1391 1978 1435 2016 un

150 2077 270 2147 prete,
294 2065 425 2147 perche
450 2065 643 2147 predicava
667 2075 791 2128 contra
815 2067 966 2143 Luther,
999 2067 1061 2129 sed
1086 2066 1143 2127 hic
1168 2085 1286 2127 rumor
1311 2075 1363 2125 est
1389 2063 1435 2124 in-

149 2184 284 2234 certus.
333 2172 377 2233 Di
412 2171 526 2252 questi
552 2171 698 2234 monstri
723 2172 808 2255 ogni
841 2174 876 2234 di
910 2172 968 2254 qui
997 2195 1042 2235 ne
1066 2174 1215 2234 vedemo
1250 2181 1284 2234 et
1318 2170 1436 2231 udimo

149 2279 261 2357 assai,
285 2300 341 2341 ma
364 2301 419 2340 me
444 2300 510 2360 par
534 2279 712 2361 superfluo
737 2302 757 2343 a
783 2281 948 2343 scrivere.

247 2402 349 2466 Nunc
383 2418 552 2484 quantum
582 2404 709 2467 attinet
743 2407 903 2487 aquelle
937 2404 1052 2487 gratie
1084 2407 1150 2466 che
1175 2406 1221 2465 ha
1249 2404 1339 2464 fatto
1365 2404 1438 2463 Sua

150 2510 297 2573 Santiti
321 2512 355 2572 al
380 2510 560 2573 Camerier
585 2513 801 2576 Armestorff
822 2524 857 2577 et
881 2534 901 2575 a
926 2512 1041 2594 questi
1066 2512 1161 2591 altri,
1190 2511 1279 2593 sapii
1305 2513 1436 2572 Vestra

150 2619 325 2699 Signoria
349 2618 667 2681 Reverendissima
698 2641 817 2683 essere
851 2630 943 2683 stata
974 2641 1043 2682 una
1075 2631 1176 2681 santa
1211 2631 1245 2680 et
1279 2617 1436 2700 proficua

150 2746 279 2808 opera,
304 2735 340 2788 et
363 2724 436 2788 cosi
462 2726 623 2809 supplico
649 2749 687 2790 se
711 2727 802 2791 faeci
828 2730 886 2790 del
910 2741 1016 2806 reste,
1041 2728 1172 2808 perche
1198 2747 1267 2789 non
1293 2726 1320 2787 si
1347 2727 1437 2786 vede

151 2853 227 2895 una
262 2832 319 2894 via
343 2834 496 2895 humana
530 2834 653 2897 melior
686 2855 751 2916 per
774 2834 918 2916 mitigat
950 2846 1076 2915 questa
1101 2833 1339 2896 concitatione
1372 2835 1437 2894 che

150 2960 227 3002 non
243 2939 504 3020 gratificationi.
544 2941 632 3003 Esso
650 2942 866 3005 Armestorff
880 2944 926 3004 ha
948 2963 1015 3003 una
1032 2941 1278 3023 potentissima
1295 2942 1437 3020 lengua,

150 3058 189 3107 et
217 3046 327 3107 molto
351 3046 548 3126 extimado,
585 3068 675 3130 capo
701 3050 880 3112 obstinato
906 3051 998 3112 dove
1023 3050 1052 3111 si
1078 3059 1202 3126 mette,
1240 3057 1274 3109 et
1299 3049 1316 3110 ὁ
1342 3050 1436 3108 buon

151 3152 412 3234 gentiihuomo
460 3154 530 3217 Per
561 3154 584 3216 il
614 3155 727 3237 primo
752 3157 897 3219 corrieri
923 3155 1032 3217 Cesar
1064 3166 1098 3216 et
1123 3157 1221 3217 detto
1246 3153 1437 3216 Camarieri

151 3258 356 3341 regratiari
379 3280 445 3342 per
468 3282 530 3324 sue
555 3264 659 3325 lettre
685 3260 757 3325 Sua
782 3261 938 3343 Santit‘a,
973 3272 1007 3325 et
1031 3263 1055 3324 li
1080 3262 1160 3325 altri
1185 3284 1205 3323 a
1230 3262 1285 3324 chi
1311 3282 1436 3342 appar·

151 3368 265 3430 tiene.
319 3367 361 3429 El
401 3370 566 3450 predetto
598 3371 790 3433 Camerieri
823 3370 1038 3433 Armestorff
1074 3371 1120 3431 ha
1151 3369 1438 3432 recomminciato

150 3476 255 3559 apud
288 3495 411 3538 omnes
442 3477 608 3557 predicar
638 3479 671 3538 le
700 3477 795 3539 laudi
827 3478 885 3540 del
909 3477 1225 3539 Reverendissimo
1251 3476 1438 3538 Cardinale

151 3582 305 3663 Egidi0‚
344 3602 442 3644 come
473 3584 586 3664 primo
618 3584 650 3644 el
682 3583 801 3665 facea,
837 3594 873 3646 et
904 3585 922 3646 ὸ
955 3586 1000 3646 da
1031 3605 1148 3646 nuovo
1179 3594 1269 3645 tutto
1301 3584 1335 3644 di
1366 3584 1438 3644 Sua

151 3688 328 3771 Signoria
353 3689 687 3767 Reverendissima,
722 3693 858 3754 benche
886 3693 993 3771 (quod
1017 3691 1100 3752 mihi
1129 3691 1282 3753 maxime
1309 3693 1438 3772 placet)

152 3797 206 3861 lui
231 3796 494 3877 comprehende
520 3807 554 3858 et
578 3797 742 3860 confessa
766 3799 830 3860 che
855 3819 919 3879 per
944 3799 1087 3879 meggio
1112 3797 1147 3858 di
1164 3799 1295 3860 Vestra
1311 3797 1435 3879 Signo·

151 3905 211 3968 ria
236 3903 569 3986 Reverendissima,
607 3905 661 3967 cui
696 3926 765 3988 ego
799 3927 940 3968 causam
975 3907 1322 3983 commendaveram,
1360 3906 1436 3985 ipse

151 4012 226 4076 suit
248 4009 324 4072 voti
345 4031 501 4092 compos,
526 4013 653 4074 Donde
670 4012 748 4074 dice
770 4015 834 4075 che
851 4036 888 4074 se
906 4013 1000 4074 tiene
1016 4013 1076 4094 piu
1093 4013 1252 4093 obligato
1270 4033 1290 4074 a
1307 4011 1436 4072 Nostro

150 4120 314 4201 Signore
339 4128 374 4181 et
398 4119 567 4182 aVostra
592 4118 760 4201 Signoria
776 4121 1090 4183 Reverendissima
1115 4122 1179 4182 che
1204 4142 1242 4181 se
1267 4121 1289 4180 li
1315 4122 1436 4181 haves-

150 4244 239 4289 sero
263 4225 355 4286 altre
379 4226 475 4287 volte
501 4227 632 4289 donato
658 4227 759 4290 Dieci
783 4227 877 4290 mille
903 4227 1019 4289 ducati
1044 4228 1079 4288 di
1104 4226 1282 4305 beneficii,
1308 4228 1436 4308 perche¹

150 4337 188 4398 el
216 4353 287 4394 non
314 4343 421 4413 potea
445 4335 616 4415 tolerare,
648 4337 712 4398 che
738 4335 848 4417 dopoi
870 4338 934 4397 che
960 4333 1032 4397 Suo
1057 4335 1197 4397 fratello
1223 4355 1300 4395 cum
1325 4336 1437 4395 solen-

150 4440 231 4504 nita
256 4459 319 4502 era
343 4450 435 4502 stato
460 4462 575 4504 messo
599 4442 634 4503 in
659 4442 896 4523 possessione,
922 4453 956 4504 et
980 4462 1163 4523 promesso
1189 4441 1247 4502 alli
1270 4441 1437 4502 Canonici

150 4549 191 4612 di
217 4547 375 4610 renderli
399 4547 546 4610 indenni
569 4549 615 4610 da
638 4569 786 4612 censure
812 4561 847 4611 et
871 4549 948 4611 altri
975 4548 1235 4611 inconvenienti
1260 4570 1337 4610 eum
1360 4568 1436 4628 spe-

150 4676 267 4721 ranza
302 4656 397 4717 della
431 4675 577 4718 reserva
612 4658 670 4719 del
705 4656 1021 4718 Reverendissimo
1054 4655 1256 4734 Cardinale,
1294 4656 1437 4716 tandem

150 4767 257 4830 fusse
289 4760 361 4826 cosi
386 4762 737 4845 ignominiosamente
762 4770 811 4843 (ut
835 4764 902 4845 ipsi
926 4765 1064 4845 putant)
1096 4773 1258 4840 extruso,
1295 4774 1330 4823 et
1354 4764 1436 4823 ben·
