3344 5564
10 4934 31 4995 l..

645 486 890 545 &brith-0

82 632 314 713 consumit,
338 635 402 696 sed
426 635 595 698 continua
619 636 725 698 etiam
748 637 942 699 Turcorum
967 632 1130 697 excursio
1155 644 1190 694 et
1214 630 1331 694 rabies
1347 630 1408 693 illa

79 737 330 809 cohibenda
345 741 475 804 atterit.
508 740 612 822 Quod
629 751 747 804 tamen
765 762 836 804 non
860 762 952 823 eque
978 742 1099 819 doleo,
1124 758 1164 802 ac
1180 741 1263 801 dum
1279 737 1407 800 nullius

78 843 185 917 otii
199 845 333 909 nullius
347 846 612 929 tranquillitatis
625 868 780 928 securus,
796 869 887 930 quae
899 857 983 910 ante
994 849 1116 911 oculos
1126 855 1313 909 versantur
1329 865 1406 926 pro·

74 954 180 1025 cul
206 971 318 1015 cerno
341 954 434 1017 mala
456 953 576 1018 futura
600 974 708 1036 super
731 954 1046 1033 Christianitatem,
1070 954 1130 1016 ubi
1155 953 1408 1035 ingravescens

73 1059 251 1140 hostis,
276 1061 461 1142 occupatis
483 1060 630 1142 finibus,
666 1063 771 1125 sedes
795 1063 1000 1125 interiorum
1025 1061 1292 1125 Provinciarum
1318 1079 1407 1121 mea·

71 1184 203 1242 sum
228 1166 442 1248 devastans,
465 1168 599 1231 liberas
624 1168 691 1231 sibi
715 1169 896 1251 aperuerit
925 1168 1001 1232 vias
1033 1171 1091 1232 vel
1121 1169 1156 1231 in
1181 1166 1408 1232 Germaniam

70 1273 276 1349 ulterius
299 1274 486 1356 grassandi
510 1278 568 1339 vel
592 1295 658 1358 per
682 1275 813 1338 Forum
839 1275 921 1355 Julii
950 1275 985 1337 in
1017 1275 1152 1337 Italiam
1183 1275 1281 1336 sicco
1314 1273 1407 1354 pede

69 1381 395 1478 prorumpendi.
442 1381 547 1463 Quod
570 1395 688 1447 tamen
714 1403 782 1465 ego
806 1383 918 1446 fretus
936 1403 1005 1465 ope
1022 1382 1090 1444 Dei
1106 1381 1289 1463 impedire,
1313 1399 1406 1461 mag-

68 1506 173 1565 no
197 1487 363 1571 profecto
395 1509 504 1570 ausu,
540 1499 611 1553 tam
646 1489 867 1553 formidolosi
903 1489 1015 1553 hostis
1050 1489 1246 1571 potentiam
1280 1487 1315 1549 in
1351 1507 1407 1549 me

69 1614 234 1671 unum
258 1594 412 1676 irritans,
435 1596 589 1660 caeteris
605 1597 771 1679 Regibus
788 1596 1107 1677 Potentatibusque
1124 1594 1407 1673 conniventibus,

69 1704 286 1783 tentabo,
303 1702 364 1767 ubi
378 1704 571 1768 accesserit
585 1703 823 1768 Beatitudinis
839 1704 991 1768 Vestrae
1007 1703 1187 1782 auxilium,
1203 1722 1294 1783 quae
1307 1709 1407 1762 tanto

71 1811 243 1891 magis
266 1830 323 1874 me
344 1830 515 1892 meosque
538 1812 700 1875 subditos
724 1811 792 1874 sibi
813 1812 942 1874 reddet
966 1810 1156 1889 obnoxios,
1182 1819 1313 1891 quanto
1338 1827 1406 1870 ma-

67 1915 276 1997 ioribus,
306 1926 344 1979 ut
376 1917 515 1998 scribit,
548 1938 660 1999 agens
692 1918 726 1981 in
754 1918 930 2000 angustiis
956 1928 993 1980 et
1026 1916 1294 1980 difficultatibus
1325 1914 1406 1993 suis,

66 2023 351 2105 excogitabit
380 2025 524 2088 omuino
554 2025 688 2107 aliquid
720 2035 759 2088 ut
787 2025 958 2108 temporis
990 2023 1059 2087 mei
1088 2023 1284 2104 intelligam
1316 2042 1337 2083 a
1368 2041 1406 2083 se

65 2129 286 2197 habitam
303 2152 382 2195 esse
397 2131 581 2196 rationem.
625 2131 761 2214 Quibus
785 2152 871 2196 vero
896 2131 1008 2213 copiis
1032 2141 1068 2194 et
1092 2150 1162 2212 quo
1187 2129 1309 2192 ordine
1333 2139 1407 2189 tan·

64 2249 204 2303 ram
224 2239 352 2301 molem
376 2240 529 2322 aggredi
552 2239 812 2319 constituerim,
837 2259 915 2301 cum
938 2240 1045 2320 plene
1070 2239 1114 2301 de
1138 2237 1207 2300 illis
1229 2235 1407 2318 prefatum

62 2346 385 2408 &atterendum
408 2346 583 2427 Legatum
607 2367 706 2410 suum
732 2345 932 2409 edocuerim
957 2345 1062 2408 latius
1084 2343 1202 2407 omnia
1226 2362 1272 2405 ex
1296 2340 1406 2404 literis

60 2450 208 2513 eius
239 2462 434 2532 cognoscet
469 2450 648 2516 Sanctitas
679 2453 821 2516 Vestra.
875 2452 940 2515 Cui
969 2472 1047 2514 eam
1080 2449 1224 2513 iudubie
1260 2447 1406 2511 habebit

60 2555 253 2638 fidem,
281 2576 389 2639 quarn
418 2568 517 2622 tanto
551 2559 628 2622 viro
660 2578 726 2641 par
749 2568 804 2622 est
827 2559 1031 2622 attribuere.
1079 2558 1180 2638 Quae
1203 2555 1405 2619 felicissime

61 2662 258 2727 ira-leat.

219 2787 272 2852 Ex
296 2789 439 2854 Vienna
455 2789 522 2854 Die
547 2792 660 2873 prima
673 2792 845 2856 Octobris
870 2793 976 2854 Anno
995 2790 1133 2853 Domini
1159 2788 1405 2851 MDXXIVw.

259 2913 426 2979 Eiusdem
450 2914 658 2980 Sanctitatis
682 2917 834 2979 Vestrae

774 3042 891 3090 Humilis
911 3050 937 3090 et
956 3042 1104 3104 obsequens
1124 3038 1192 3087 lilius

746 3138 940 3202 romundus
970 3145 1051 3194 arch.
1078 3146 1209 3193 nustriae.

732 3555 804 3622 170.

393 3668 616 3772 Margherita
642 3671 836 3752 listriana
864 3670 1035 3751 clementi
1062 3670 1140 3752 VIL

553 3816 649 3891 (Epist
669 3818 785 3893 princip.
804 3819 826 3886 Ι,
844 3819 889 3878 tol.
908 3819 977 3889 284)

623 3926 661 3995 (³-
681 3929 790 3982 Octobr.
814 3932 900 3994 uzi)

111 4126 130 4141 ,
217 4048 426 4115 Beatissime
448 4051 484 4115 in
510 4050 650 4116 Christo
675 4053 783 4117 Pater
811 4065 847 4117 et
871 4055 1022 4117 Domine
1047 4055 1199 4118 Domine
1224 4053 1402 4118 Colendis·

94 4144 216 4221 ⁵¹¹11e
237 4166 320 4239 post
341 4158 474 4241 pedum
495 4162 620 4223 oscula
643 4160 846 4224 Beatorum.
887 4160 973 4224 Cum
990 4161 1216 4224 Venerabilis
1231 4161 1404 4224 Dominus

96 4229 387 4329 Illustrissimus
422 4265 595 4348 Princeps
626 4267 669 4331 D.
701 4267 877 4331 Henricus
908 4266 1034 4330 Comes
1074 4269 1257 4332 Palatinus
1296 4269 1402 4348 Reni,

95 4336 213 4433 DQ
249 4370 443 4454 Bavariae,
486 4372 757 4455 Consaguineus
796 4384 917 4436 noster
952 4374 1185 4438 Charissimus
1223 4377 1402 4439 concordi-

97 4444 196 4539 bug
215 4476 252 4541 in
274 4476 432 4561 capitulo
456 4479 646 4562 suffragiis,
669 4479 704 4543 in
732 4481 982 4544 Traiectensen
1000 4482 1229 4565 Episcopum,
1253 4493 1403 4547 vacante

101 4546 233 4664 sude,
255 4583 303 4649 sit
325 4584 470 4665 electus,
494 4585 641 4667 Nosque
655 4586 723 4669 ipsi
747 4598 819 4649 tum
843 4599 990 4670 propter
1007 4589 1149 4669 generis
1165 4591 1402 4672 splendorem,

105 4667 204 4753 ‘Qu
218 4692 264 4755 ob
278 4692 460 4774 preclaras
475 4712 557 4755 suas
571 4692 721 4756 virtutes
738 4693 934 4757 doctrinam
959 4711 994 4757 et
1010 4696 1251 4778 prudenciam,
1276 4698 1403 4780 quibus

110 4786 286 4861 heutua
308 4816 389 4863 ease
412 4797 624 4882 dinoscitur,
657 4819 702 4863 ex
729 4802 837 4863 corde
869 4804 960 4865 bene
985 4804 1148 4878 velimus;
1179 4805 1272 4869 adeo
1306 4810 1402 4888 quod
