3330 5580
718 451 946 512 04394ἱὲᾑο

193 621 231 664 se
256 601 374 664 tradat
397 599 432 664 in
457 599 660 683 opinionem
684 602 787 665 unius
809 603 1054 666 homuncionis
1078 616 1204 668 contra
1227 615 1338 670 totam
1356 605 1476 671 Eccle-

192 709 280 771 siam
304 729 396 791 quae
419 718 472 771 tot
496 729 668 771 annorum
692 709 875 773 curriculis
898 711 964 774 hos
988 710 1076 773 ritus
1100 721 1223 775 secuta
1244 722 1312 777 est:
1344 713 1432 795 imo,
1456 733 1477 776 a

193 836 262 898 qua
286 816 368 897 quia
385 814 515 879 Graeci
540 825 574 879 et
591 815 739 879 Asiatici
763 817 888 899 populi
912 817 1010 898 prius
1028 817 1218 882 Christiani
1237 831 1476 901 recesserunt,

192 920 377 1006 imperium
410 923 511 985 simul
545 932 580 986 et
611 911 840 1005 religionem,
873 922 1050 1006 fidemque
1081 934 1238 990 nostram
1270 927 1474 994 amiserunt.

194 1034 242 1094 At
266 1032 563 1113 septentrionales
587 1039 622 1092 et
646 1029 886 1093 occidentales
908 1031 1042 1112 populi,
1067 1043 1201 1113 quanto
1217 1035 1380 1117 proxime
1396 1056 1474 1099 cum

192 1139 353 1202 Ecclesia
377 1140 544 1201 Romana
568 1148 765 1216 senserunt,
790 1146 889 1199 tanto
913 1136 1116 1202 felicissime
1140 1139 1346 1205 floruerunt.

282 1246 431 1309 Inducat
456 1244 714 1308 illustrissimus
737 1244 820 1306 Dux
851 1247 909 1307 vel
940 1245 1046 1308 etiam
1074 1259 1182 1328 cogat
1210 1249 1357 1311 fratrem
1381 1250 1473 1314 Mar-

193 1355 304 1416 tinum
320 1372 491 1415 revocare
508 1371 602 1414 nova
619 1351 808 1431 Dogmata,
833 1372 925 1433 quae
941 1352 975 1415 in
1001 1353 1073 1415 suis
1098 1354 1197 1417 libris
1220 1357 1361 1439 sparsit.
1394 1358 1472 1421 Hoc

193 1463 339 1523 honeste
363 1458 483 1521 facere
508 1459 651 1540 poterit,
676 1458 758 1538 quia
782 1459 817 1520 in
842 1459 1019 1542 principio
1044 1481 1187 1526 suorum
1211 1463 1381 1527 librorum
1403 1486 1473 1528 non

193 1569 301 1631 semel
326 1578 544 1648 protestatus
569 1575 622 1629 est
647 1587 684 1628 se
710 1576 882 1630 staturum
902 1566 1036 1648 judicio
1061 1566 1166 1631 Sedis
1191 1570 1435 1652 Apostolicae.

282 1674 422 1738 Deinde
453 1673 608 1736 imitetur
641 1672 692 1735 sui
727 1673 860 1736 ordinis
890 1685 1029 1755 patrem
1060 1675 1190 1739 Divum
1222 1677 1472 1760 Augustinum,

193 1782 252 1863 qui
277 1783 479 1844 innumeros
504 1800 653 1859 errores,
679 1799 709 1858 e,
734 1779 805 1843 suis
829 1779 929 1843 libris
953 1782 1170 1845 retractavit.
1308 1778 1317 1793 “

281 1889 472 1950 Multorum
497 1887 602 1949 etiam
627 1896 829 1950 sanctorum
853 1899 993 1969 patrum
1018 1889 1159 1970 aliquae
1183 1901 1265 1953 sunt
1283 1892 1472 1955 damnatae

192 1996 395 2077 opiniones,
426 2015 573 2077 quorum
598 1993 735 2075 reliqua
760 1997 893 2075 scripta
922 1995 957 2057 in
984 2016 1048 2058 usu
1073 1997 1256 2059 Ecclesiae
1280 2000 1472 2069 habentur:

192 2104 248 2165 hic
274 2113 327 2166 est
351 2101 619 2165 honestissimus
644 2102 837 2164 revocandi
862 2104 996 2165 modus.

283 2209 386 2291 Quod
420 2210 449 2272 si
482 2211 556 2271 vult
589 2228 670 2272 suas
701 2209 965 2272 lucubrationes
995 2212 1041 2272 ad
1072 2222 1236 2292 posteros
1265 2215 1472 2294 perdurare,

192 2320 310 2380 deleat
335 2338 380 2379 ex
405 2316 473 2379 illis
498 2337 541 2378 ea
566 2337 657 2397 quae
681 2317 849 2379 damnata
873 2329 965 2396 sunt,
990 2328 1026 2379 et
1049 2320 1095 2380 ab
1120 2317 1265 2399 antiquo
1290 2320 1472 2384 Ecclesiae

193 2434 335 2488 nostrae
360 2424 428 2486 ritu
453 2425 640 2503 recedunt,
665 2434 701 2487 et
724 2434 807 2486 tunc
832 2424 1004 2505 reliquum
1029 2428 1124 2506 quod
1149 2426 1216 2488 erit
1239 2431 1285 2490 ab
1310 2430 1473 2492 omnibus

192 2535 332 2614 legetur
356 2532 462 2594 etiam
487 2531 698 2594 auctoritate
724 2530 906 2594 Pontificis
930 2536 1210 2613 comprobatum.
1371 2616 1373 2620 λ

282 2640 321 2700 ld
346 2639 375 2700 si
399 2637 519 2701 faciet:
560 2637 728 2700 Pontifex
752 2638 801 2701 illi
827 2638 1080 2719 benignissime
1105 2640 1278 2720 ignoscet,
1304 2662 1471 2723 repurga-

191 2747 313 2828 bitque
345 2767 421 2807 eam
446 2745 629 2826 regionem
654 2766 675 2807 a
700 2745 876 2826 censuris,
900 2746 1090 2808 Martinum
1115 2746 1150 2809 in
1175 2746 1283 2810 filium
1308 2749 1472 2831 recipiet:

192 2867 226 2917 et
242 2864 316 2915 tota
334 2852 493 2915 Ecclesia
511 2853 682 2934 gaudebit
699 2863 771 2915 tam
795 2853 830 2915 in
855 2854 964 2916 coelis
989 2875 1093 2935 quam
1117 2854 1152 2916 in
1169 2865 1264 2917 terra
1279 2876 1388 2937 super
1404 2878 1472 2919 ove

192 2964 363 3024 redeunte
388 2982 479 3041 quae
504 2960 659 3040 perierat
683 2959 834 3022 filiorum
858 2961 979 3023 [srael.

282 3069 425 3150 Alioqui
450 3078 532 3131 tunc
556 3067 816 3130 illustrissimus
833 3068 915 3130 Dux
940 3072 986 3131 ob
1010 3069 1182 3131 honorem
1206 3069 1283 3149 Dei,
1308 3090 1472 3133 reveren-

193 3179 274 3240 tiam
299 3177 442 3238 Domini
467 3175 685 3257 Apostolici,
720 3185 754 3236 et
779 3175 980 3255 Ecclesiae,
1013 3185 1048 3238 et
1072 3175 1107 3237 in
1132 3176 1283 3257 gratiam
1308 3177 1473 3240 Caesaris

192 3285 415 3368 prohibendo
447 3285 535 3346 haec
569 3285 678 3359 mala,
711 3303 755 3344 ne
788 3282 935 3345 ulterius
963 3294 1126 3364 serpant,
1159 3283 1193 3346 in
1219 3284 1385 3347 universa
1408 3306 1473 3348 sua

192 3392 324 3455 ditione
348 3391 459 3454 libros
482 3390 627 3453 Martini
651 3402 686 3452 et
715 3389 804 3452 alios
835 3389 991 3454 famoscs
1022 3391 1180 3471 libellos,
1205 3412 1226 3452 a
1253 3392 1330 3472 jure
1355 3393 1471 3473 prohi-

191 3501 284 3563 bitos
308 3509 379 3562 tam
404 3519 467 3561 eos
491 3518 639 3580 quorum
672 3518 812 3560 errores
842 3498 877 3559 in
909 3498 1007 3560 bulla
1038 3508 1118 3559 sunt
1152 3498 1330 3579 expressi,
1367 3520 1472 3580 quam

189 3607 277 3670 alios
300 3628 387 3688 quos
412 3616 537 3687 postea
562 3605 683 3684 edidit,
708 3606 817 3667 multo
842 3605 956 3687 magis
981 3625 1153 3683 enormes,
1179 3616 1214 3667 et
1238 3605 1470 3687 perniciosos,

190 3714 347 3778 comburi
366 3715 509 3776 mandet
533 3723 568 3774 et
591 3733 630 3774 re
655 3712 733 3793 ipsa
756 3711 874 3791 faciat,
895 3713 997 3793 juxta
1021 3710 1284 3774 conclusionem
1307 3711 1472 3776 Caesaris

188 3823 225 3883 in
250 3821 414 3901 consili0,
441 3820 594 3883 omnium
619 3839 759 3882 suarum
786 3819 965 3881 nationum
988 3818 1137 3882 iactam:
1172 3821 1218 3880 ob
1243 3820 1339 3901 quod
1363 3820 1472 3900 potis-

189 3931 311 3992 simum
345 3928 413 4010 ipsi
446 3927 617 3992 Oratores
648 3926 841 3989 mittuntur.
896 3925 1057 3989 Fratrem
1089 3946 1175 3988 vero
1209 3925 1400 3988 Martinum
1434 3928 1472 3992 in

189 4036 307 4118 aliqua
330 4056 412 4098 arce
439 4035 607 4114 detineat,
632 4054 698 4096 nec
723 4033 878 4115 patiatur
895 4033 1008 4114 ipsum
1026 4032 1109 4095 talia
1125 4033 1292 4112 scribere,
1318 4054 1383 4096 nec
1400 4035 1472 4098 alio

188 4143 315 4224 fugere
339 4143 385 4204 ad
409 4141 678 4204 diffundendum
704 4162 803 4204 suum
829 4141 861 4203 in
888 4141 967 4203 aliis
991 4142 1158 4221 gentibus
1184 4161 1375 4221 venenum,
1407 4144 1471 4204 sed

185 4249 258 4332 illic
284 4249 494 4328 detineatur,
519 4251 632 4312 donec
658 4248 789 4311 Caesar
813 4250 848 4310 in
866 4248 994 4311 Diaeta
1019 4268 1096 4310 cum
1121 4249 1225 4311 bonis
1249 4249 1472 4330 principibus

189 4368 223 4420 et
248 4357 483 4438 prudentibus
514 4356 600 4418 viris
631 4355 886 4418 consultaverit
910 4355 993 4436 quid
1019 4357 1062 4417 de
1088 4376 1130 4417 eo
1156 4355 1200 4418 sit
1225 4355 1480 4419 ordinandum.-

189 4463 410 4545 Quamquam
441 4464 470 4526 si
502 4463 577 4525 iure
609 4466 704 4525 bono
732 4464 928 4543 procedere
954 4463 1080 4542 vellet,
1113 4464 1261 4526 deberet
1285 4462 1399 4543 ipsum
1424 4463 1470 4524 ad

189 4571 355 4633 Cesarem
385 4571 542 4650 mittere,
575 4570 633 4651 qui
665 4590 838 4631 unacum
863 4568 1037 4632 Pontifice
1062 4572 1106 4631 de
1132 4570 1299 4632 ulteriore
1319 4568 1472 4650 juridica

188 4677 436 4758 prosecutione
461 4686 641 4742 tractaret.

277 4783 403 4868 Neque
435 4784 530 4847 dicat
561 4783 820 4847 Illustrissimus
852 4786 935 4848 Dux
969 4808 1007 4849 se
1039 4783 1162 4845 timere
1189 4785 1376 4864 populum,
1409 4782 1471 4865 qui
