3330 5580
640 467 886 522 eoum*

114 624 153 674 et
180 613 242 674 tali
267 611 413 692 inganni
439 612 710 693 descopersemo
737 615 801 674 che
828 612 887 695 piu
913 612 948 674 di
966 633 1011 674 un
1036 634 1102 694 par
1122 614 1166 676 de
1189 615 1284 675 volte
1306 613 1402 674 dubi-

115 731 276 781 tassemo
308 720 374 781 che
408 720 441 780 la
466 738 550 781 cosa
574 721 725 781 andasse
758 718 793 780 in
818 719 935 797 ruIna‚
972 720 1104 800 perche
1134 741 1195 781 era
1220 740 1403 782 commune

117 826 268 909 opinion
293 827 359 887 che
385 826 408 887 li
431 825 623 889 lutherani
648 829 799 889 voleano
827 826 882 888 far
906 827 940 888 in
965 829 1014 888 tal
1039 848 1165 890 exame
1190 829 1255 889 che
1272 828 1404 890 Luther

117 952 311 995 revocasse
336 933 460 994 alcune
485 953 567 994 cose
592 935 657 994 che
682 933 929 995 scandalizano
954 943 1132 1013 questore,
1158 935 1286 996 made]
1305 935 1405 1015 Papa

118 1042 190 1102 che
214 1047 304 1100 tutto
329 1048 482 1101 restasse
516 1039 549 1100 in
576 1039 691 1119 piede.
739 1039 842 1119 Quod
868 1040 896 1102 si
920 1040 1109 1103 accidisset
1132 1044 1285 1103 sarebbe
1312 1050 1404 1103 stato

121 1167 190 1229 per
222 1144 431 1208 reconcilier
462 1146 482 1208 l’
498 1146 614 1208 animo
647 1147 703 1208 del
729 1148 863 1228 populo
895 1148 940 1208 ad
965 1168 1045 1209 esso
1070 1148 1219 1227 Luther‚
1257 1150 1289 1210 el
1323 1151 1405 1228 qual

120 1273 186 1316 era
216 1252 274 1333 gia
306 1273 376 1314 non
400 1273 514 1334 pocco
539 1253 742 1333 abalienato
768 1256 813 1315 da
838 1254 903 1332 lul,
936 1255 1065 1334 perche
1091 1261 1162 1317 cosi
1187 1255 1404 1336 Impudente-

120 1369 241 1423 mente
264 1359 285 1422 l'
299 1361 416 1421 havea
439 1368 572 1439 negato
597 1360 621 1422 il
636 1359 795 1423 Concilio
821 1362 865 1423 de
884 1346 1102 1440 Constantia]
1127 1371 1162 1424 et
1185 1384 1222 1423 se
1247 1364 1405 1424 harebbe

120 1476 285 1548 prestata
309 1487 431 1528 menor
456 1467 661 1529 obedientia
685 1468 743 1530 ala
758 1468 935 1530 sententia
956 1469 991 1530 di
1008 1470 1126 1532 Cesar.
1167 1470 1210 1531 Et
1227 1470 1260 1531 in
1280 1481 1405 1550 questo

121 1593 195 1635 non
219 1593 257 1635 se
281 1575 458 1656 potrebbe
483 1573 559 1636 dire
583 1573 607 1635 li
632 1574 703 1636 doli
729 1583 763 1635 et
787 1574 905 1637 fraudi
930 1578 997 1637 che
1019 1576 1076 1638 noi
1102 1576 1136 1637 di
1162 1578 1250 1638 hora
1266 1576 1301 1639 in
1320 1580 1407 1639 hora

119 1679 372 1761 descopriarno
406 1681 449 1743 nd
481 1682 655 1743 haveamo
687 1683 778 1742 altra
808 1682 1051 1744 consolatione
1083 1704 1103 1744 0
1136 1703 1308 1764 speranza
1341 1686 1406 1745 che

119 1789 156 1849 in
183 1789 218 1849 la
242 1786 347 1849 solita
371 1787 569 1849 constantia
593 1788 638 1850 cle
654 1787 763 1849 Cesar
788 1797 823 1849 et
847 1787 882 1848 in
907 1810 1005 1851 esser
1024 1799 1117 1851 stata
1135 1793 1302 1852 mandata
1326 1813 1346 1850 a
1364 1790 1406 1854 N.

119 1896 159 1958 S.
193 1895 227 1956 la
256 1915 322 1956 sua
347 1893 603 1955 deliberatione
635 1895 705 1955 alla
737 1896 820 1975 qual
850 1895 1008 1963 horamai
1040 1898 1192 1958 sarebbe
1217 1916 1306 1977 gran
1332 1917 1406 1958 ver·

118 2021 246 2083 gogna
270 1999 528 2064 contravenire.

214 2109 258 2170 Et
281 2128 391 2170 ancor
414 2108 449 2169 in
483 2117 608 2189 questo
634 2107 703 2169 Dio
728 2106 758 2169 ci
784 2108 904 2169 adiuti)
929 2110 1061 2189 perche
1086 2110 1115 2172 a'
1133 2113 1167 2171 dl
1197 2111 1342 2172 XXIIII
1371 2110 1407 2171 di

117 2227 250 2298 questo
282 2213 316 2276 in
352 2225 431 2276 ortu
455 2213 539 2275 solis
571 2214 604 2276 in
632 2235 715 2276 casa
746 2215 803 2276 del
829 2215 1050 2277 'I'reverense
1083 2215 1222 2278 nomine
1254 2217 1408 2279 omnium

118 2325 316 2386 electorum
350 2321 378 2382 si
403 2322 587 2383 adunorno
619 2342 697 2383 curn
730 2322 834 2383 decto
859 2322 1079 2383 Treverense
1111 2323 1277 2385 I'elettor
1301 2324 1407 2384 Bran-

118 2432 314 2510 demburg,
347 2427 552 2508 I'episcopo
577 2430 621 2490 de
647 2429 811 2508 Augusta
836 2437 871 2489 et
896 2428 1133 2509 Ilrandeburg
1159 2430 1298 2492 nomine
1323 2430 1407 2492 alio·

117 2557 201 2600 runi
227 2534 429 2616 Principum
454 2533 801 2607 Ecclesiasticorum;
828 2536 910 2596 Dux
936 2535 1113 2616 Georgius
1130 2537 1238 2615 Sane,
1264 2546 1298 2599 et
1316 2538 1406 2599 Mar·

117 2644 205 2706 chio
230 2641 404 2705 Badensis
436 2642 576 2704 nomine
601 2641 805 2722 Principum
835 2642 1022 2723 laicorum,
1059 2653 1093 2704 et
1125 2644 1240 2705 alcuni
1267 2644 1407 2707 nomine

117 2749 324 2830 civitatum,
362 2759 398 2811 et
428 2769 507 2811 curn
538 2748 735 2811 introdutto
760 2748 915 2811 Martino
942 2750 1090 2829 luther,
1127 2751 1160 2811 el
1192 2753 1274 2830 qual
1299 2752 1408 2833 dopoi

119 2860 231 2920 ruolte
265 2855 505 2919 adhortationi
536 2855 650 2918 satteli
683 2857 742 2919 dal
768 2855 966 2918 Cancellier
992 2857 1156 2919 badense
1189 2878 1254 2937 per
1288 2859 1347 2938 piu
1374 2859 1408 2919 di

121 2966 180 3028 un'
195 2967 285 3028 hora
302 2963 443 3025 nomine
456 2962 608 3045 Imperii,
635 2974 670 3025 et
691 2963 817 3025 dettoli
834 2961 981 3043 perIcoli
1007 2965 1072 3025 che
1089 2964 1408 3026 necessariamente

121 3073 146 3136 l'
159 3092 221 3135 era
246 3090 312 3152 per
331 3069 489 3133 incorrer
508 3072 558 3132 sel
581 3070 756 3151 persistea
772 3070 962 3147 obstinato,
987 3072 1130 3132 tandem
1151 3090 1298 3150 respose
1316 3091 1408 3131 reso-

120 3176 416 3242 lutissimamente
449 3178 514 3239 che
541 3176 588 3237 lui
613 3197 681 3238 non
707 3178 952 3238 revocarebbe
976 3196 1045 3256 pur
1069 3197 1114 3237 un
1140 3175 1282 3238 miuimo
1308 3178 1408 3258 apice

118 3284 159 3346 di
192 3283 271 3346 suoi
296 3282 424 3362 scrittI,
460 3284 590 3365 perche
625 3285 658 3345 el
692 3284 841 3344 Iarebbe
876 3290 1000 3344 contra
1034 3286 1069 3344 la
1092 3283 1318 3344 conscientia.
1368 3284 1407 3345 In

118 3402 251 3473 questa
274 3389 554 3471 congregatione
580 3389 615 3451 di
640 3409 748 3469 sopra
772 3389 882 3467 detta,
908 3409 1007 3450 come
1032 3390 1078 3450 ha
1102 3388 1247 3451 referite
1274 3392 1306 3453 el
1327 3392 1410 3453 'I're-

119 3518 275 3561 verense
300 3497 328 3558 si
352 3507 548 3578 portorono
573 3500 641 3559 ben
668 3496 749 3558 tutti
774 3495 797 3556 li
824 3495 991 3576 PrIncipi,
1017 3506 1053 3557 et
1077 3496 1171 3576 quod
1196 3495 1261 3558 fuit
1286 3497 1410 3559 mirum

118 3606 155 3668 el
179 3605 284 3667 Duca
309 3603 469 3685 Georgio
494 3604 657 3681 Saxone,
694 3604 726 3664 el
759 3604 841 3682 qual
870 3622 936 3682 per
960 3603 1082 3664 avanti
1114 3603 1221 3664 molte
1248 3605 1342 3666 volte
1374 3605 1409 3665 in

120 3711 257 3775 diversi
280 3711 435 3792 colloqui
458 3713 574 3774 havea
597 3712 737 3791 parlato
764 3719 1004 3771 stranamente
1029 3720 1153 3772 contra
1179 3711 1209 3772 el
1236 3713 1346 3790 clero,
1375 3727 1411 3774 et

121 3840 192 3883 con
207 3821 361 3901 qualche
378 3840 448 3882 non
472 3840 583 3900 pocco
599 3819 769 3880 scandalo
788 3816 882 3878 della
899 3816 1135 3892 confessione,
1151 3828 1267 3880 tamen
1284 3821 1317 3879 al
1334 3839 1410 3899 pre-

122 3937 227 3990 sente
251 3927 329 3990 fece
356 3925 546 3987 bonissimo
572 3924 701 3988 officio,
749 3924 790 3985 El
816 3922 1015 3985 Cancellier
1040 3926 1084 3986 de
1106 3925 1231 3987 Baden
1255 3946 1410 4006 propose

123 4035 235 4098 molto
260 4033 574 4115 prudentemente,
604 4042 639 4093 et
664 4032 710 4092 da
733 4017 853 4092 buono
879 4031 1056 4092 catholico
1082 4042 1117 4093 et
1142 4032 1293 4094 servitor
1317 4033 1412 4093 della

124 4140 222 4205 Sede
256 4140 485 4222 Apostolica‚
522 4151 557 4202 et
592 4140 694 4221 parlb
720 4139 915 4216 Aleman0‚
951 4138 993 4199 ne
1030 4141 1171 4201 velsero
1206 4139 1229 4200 li
1255 4137 1411 4220 Principi

126 4251 192 4312 che
216 4248 238 4312 I’
252 4245 385 4311 official
409 4247 631 4309 Treverense
665 4247 697 4307 el
722 4245 805 4325 qual
829 4243 889 4304 alli
915 4241 949 4305 di
973 4244 1109 4326 passati
1134 4266 1171 4307 se
1196 4246 1311 4306 havea
1334 4265 1411 4326 por-

126 4364 202 4418 tato
223 4375 290 4437 per
315 4353 372 4416 noi
397 4353 471 4416 cosi
497 4353 662 4434 egregie,
693 4352 938 4413 intervenesse
964 4351 1009 4412 ad
1034 4354 1084 4413 tal
1109 4352 1302 4432 consegli0.
1348 4351 1412 4413 Poi

127 4462 248 4544 partiti
273 4460 362 4523 detti
386 4460 559 4540 l'rincipI,
591 4460 626 4521 in
652 4459 771 4539 quella
802 4459 890 4519 hora
915 4458 1108 4520 medesima
1133 4459 1306 4520 I'Elettor
1330 4459 1412 4520 'Ire-

128 4590 278 4633 verense
302 4567 439 4631 chiamb
454 4567 610 4630 Martino
635 4566 671 4628 in
696 4586 760 4628 sua
782 4584 933 4644 camera,
958 4580 1243 4647 accompagnato
1260 4568 1346 4646 pero
1367 4565 1413 4626 da

130 4677 188 4740 doi
214 4675 372 4755 Dottori,
408 4696 514 4738 senza
545 4675 569 4737 li
601 4674 697 4756 quali
733 4674 832 4734 detto
855 4671 1011 4732 Martino
1044 4673 1112 4734 mai
1145 4674 1226 4735 vole
1257 4672 1413 4733 andare

130 4785 249 4868 parler
272 4803 374 4849 corne
398 4784 449 4846 sel
473 4782 569 4845 fusse
595 4781 631 4845 in
656 4784 732 4844 loro
757 4778 907 4857 tuttella,
933 4787 968 4839 et
992 4777 1029 4840 Iu
1054 4792 1223 4859 presente
1247 4779 1267 4840 l'
1283 4777 1413 4839 official

1201 4884 1254 4937 13*
