3344 5564
713 462 960 523 mansee

197 611 414 677 sessionibus
438 625 656 693 consecrata,
683 636 751 697 qua
775 618 980 679 sacerdotes
997 614 1091 679 omni
1108 614 1279 679 immunes
1296 614 1341 678 ab
1367 635 1476 679 onere

196 722 409 801 fruerentur,
435 722 525 784 sicut
549 733 651 784 vetus
676 744 777 785 sacra
802 724 976 806 scriptura
1005 726 1050 787 de
1079 724 1267 786 Pharaone
1291 725 1476 807 Aegypto·

196 849 264 909 que
289 831 464 902 declarat;
490 844 597 910 atque
623 829 671 891 illi
696 830 799 892 idolis
819 830 917 894 falsis
935 832 969 894 in
987 831 1059 893 suis
1076 832 1321 893 sacerdotibus
1342 844 1476 894 tanturn

196 938 367 999 honorem
395 938 596 1014 habeba-nt,
623 937 751 999 Christi
776 958 862 1000 vero
887 940 1042 1000 cultores
1066 937 1233 999 coelestis
1256 936 1339 1000 fidei
1363 959 1476 1000 sacra-

196 1045 323 1105 mentis
347 1042 481 1123 imbuti,
507 1051 545 1105 01
568 1045 662 1106 hunc
687 1045 766 1106 Deo
790 1065 877 1107 vero
902 1044 1098 1127 eripuerint
1113 1046 1284 1107 honorem
1309 1047 1401 1107 hanc
1425 1046 1476 1108 illi

195 1150 484 1231 praerogativam
508 1149 662 1212 sedarint
696 1160 731 1213 et
755 1152 1005 1232 proculcarint,
1030 1171 1184 1233 quonam
1208 1153 1301 1213 malo
1325 1153 1477 1214 demone

198 1257 316 1319 miseri
341 1268 531 1338 potuerunt
560 1257 715 1319 adduci?
772 1257 845 1321 Sed
875 1259 1042 1321 mittimus
1074 1258 1142 1320 Dei
1173 1257 1476 1339 iniuriam,·quae

196 1383 397 1444 quanquam
421 1366 591 1428 malorum
625 1365 779 1427 omnium
811 1365 981 1444 maxima,
1013 1375 1131 1427 tamen
1163 1365 1258 1446 apud
1290 1370 1477 1427 occecatos

195 1470 331 1532 animos
355 1473 470 1533 locum
503 1490 595 1533 nunc
629 1491 700 1532 non
733 1473 852 1534 habet.
909 1472 964 1533 De
994 1471 1214 1552 principibus
1245 1471 1331 1553 ipsis
1366 1483 1400 1533 et
1433 1473 1476 1532 de

196 1577 390 1639 Nobilitate
415 1575 644 1656 Germaniae,
666 1598 721 1639 -ex
750 1578 804 1640 his
838 1578 1068 1640 ecclesiarum
1097 1577 1206 1640 ruinis
1231 1590 1397 1659 quantum
1424 1588 1477 1640 est

195 1686 412 1747 detractum!
471 1684 555 1746 Illos
594 1684 686 1746 enim
722 1687 910 1765 pascebat,
949 1685 1029 1746 illos
1070 1686 1285 1746 honestabat
1315 1685 1477 1764 ecclesia,

195 1791 282 1852 illud
314 1804 390 1853 erat
421 1802 623 1872 promptum
656 1792 850 1853 domestica
882 1791 1090 1854 difficultate
1122 1791 1367 1854 laborantibus
1400 1810 1475 1871 per·

194 1897 347 1979 fugium,
373 1917 443 1978 quo
472 1899 613 1960 sublato
645 1908 752 1979 atque
783 1910 907 1979 erepto
917 1947 925 1978 ,
957 1899 1089 1961 frustra
1121 1900 1156 1960 in
1189 1898 1352 1960 omnibus
1386 1918 1477 1979 quae

196 2005 362 2067 evenient
397 2006 546 2085 posthac
571 2006 843 2088 tempestatibus
877 2015 1017 2086 portum
1049 2024 1134 2067 suae
1166 2005 1294 2086 quietis
1327 2015 1362 2067 et
1385 2014 1475 2067 tran·

196 2111 378 2192 quillitatis
402 2123 483 2174 sunt
507 2112 758 2185 desideraturi;
797 2113 880 2193 quid
905 2114 1000 2193 quod
1025 2114 1164 2174 sublata
1188 2111 1399 2174 auctoritate
1424 2132 1477 2173 ec-

195 2219 302 2281 clesie
327 2220 459 2281 nullum
485 2229 538 2281 est
562 2218 654 2282 inter
679 2219 862 2300 Principes
886 2221 1109 2301 populosque
1143 2219 1242 2301 pacis
1274 2231 1308 2281 et
1333 2240 1476 2289 concor·

196 2326 275 2388 diae
298 2325 566 2404 firmamentum,
593 2346 671 2389 cum
694 2337 861 2407 tanquam
885 2327 1040 2388 anchora
1064 2327 1238 2389 tutissima
1254 2326 1478 2408 Principibus

195 2453 336 2515 semper
360 2432 466 2495 fuerit
490 2433 646 2514 dignitas
671 2432 921 2513 ecclesiastiea,
947 2452 1037 2512 quae
1054 2432 1282 2495 Dominatum
1302 2434 1478 2495 stabiliret

196 2539 344 2618 illorum,
370 2553 405 2600 et
429 2540 464 2601 in
489 2540 722 2621 popularibus
744 2539 909 2601 fluctibus
942 2560 1021 2602 eum
1052 2540 1188 2602 salvum
1220 2540 1374 2619 sisteret,
1408 2560 1477 2621 quo

195 2658 412 2709 armamento
437 2647 597 2729 dirupto,
634 2648 701 2708 iam
727 2647 973 2729 experimento
997 2658 1146 2727 possunt
1174 2646 1330 2722 discere,
1363 2667 1400 2710 se
1432 2648 1477 2709 ad

196 2774 317 2816 omnes
340 2754 491 2834 impetus
513 2753 702 2816 furentium
720 2756 933 2836 populorum
949 2757 1044 2816 solos
1068 2752 1145 2815 fore
1170 2753 1362 2834 expositos.
1410 2753 1477 2834 Qui

196 2882 273 2923 cum
298 2881 319 2922 a
343 2859 446 2923 nobis
469 2870 569 2923 tanto
593 2870 676 2923 ante
700 2863 946 2938 monebantur,
972 2873 1009 2921 ut
1024 2861 1116 2921 hunc
1142 2872 1311 2922 caverent
1333 2859 1476 2941 exitum,

196 2989 285 3031 neve
310 2967 522 3030 Lutheranis
547 2968 764 3030 novitatibus
798 2968 1090 3046 obsecundando,
1120 2976 1254 3029 tantam
1284 2966 1478 3047 perniciem

197 3090 230 3136 et
255 3087 392 3156 pestem
417 3077 571 3152 alerent,
603 3096 708 3155 quam
733 3076 767 3136 in
793 3074 947 3155 ipsorum
974 3075 1085 3154 primo
1111 3085 1217 3154 caput
1241 3073 1476 3135 denunciaba·

197 3202 270 3242 mus
303 3193 527 3263 erupturam,
563 3181 690 3262 partim
726 3192 937 3263 spreverunt
970 3180 1138 3242 salutaria
1168 3181 1315 3241 consilia
1346 3193 1477 3260 nostra,

196 3287 322 3368 partim
347 3309 416 3350 000
443 3288 687 3366 crediderunt,
721 3288 882 3368 exceptis
913 3287 1161 3369 paucissimus,
1197 3286 1257 3367 qui
1290 3297 1324 3349 et
1348 3287 1477 3349 virtute

196 3405 230 3455 et
252 3394 443 3474 prudentia
467 3394 608 3475 prediti,
634 3394 807 3456 obsistere
832 3395 948 3455 conati
974 3404 1065 3473 sunt,
1092 3405 1152 3456 tua
1169 3393 1273 3456 1101)ιθ
1302 3394 1337 3455 10
1355 3393 1476 3475 primis
1510 3402 1515 3411 “

197 3487 338 3563 auctore
363 3510 398 3562 et
422 3501 539 3580 Duce,
564 3500 619 3562 cui
644 3521 709 3583 pro
734 3503 800 3563 hoc
825 3501 1086 3583 preclarissimo
1102 3501 1229 3578 anime,
1255 3501 1372 3564 omnia
1396 3522 1475 3583 pro-

196 3606 288 3670 fecto
314 3608 446 3670 debere
472 3628 536 3669 nos
559 3607 776 3688 profitemur.
824 3608 903 3669 Tibi
927 3591 1046 3698 igitur,
1071 3607 1151 3669 Tibi
1176 3619 1211 3670 et
1226 3608 1268 3670 iis
1283 3609 1342 3690 qui
1360 3619 1474 3671 tecum

197 3716 319 3777 eadem
343 3714 516 3797 religione
541 3734 581 3776 ac
605 3714 738 3795 pietate
764 3735 851 3797 erga
875 3735 1043 3776 summum
1066 3716 1179 3777 Deum
1204 3715 1249 3778 ad
1274 3736 1474 3778 succurren-

197 3822 275 3884 dum
300 3821 465 3904 pereunti
489 3821 626 3903 patriae
662 3841 747 3883 suae
782 3821 916 3883 incensi
953 3832 1049 3898 sunt,
1086 3842 1129 3885 ea
1163 3843 1254 3902 quae
1289 3842 1474 3904 possumus

196 3927 346 3990 libenter
362 3927 580 4009 impartimus
605 3927 749 4007 auxilia,
774 3928 924 4010 amplius
946 3928 1050 3990 etiam
1068 3928 1270 4009 cupientes;
1287 3931 1349 3990 sed
1366 3928 1472 3990 facul-

195 4045 284 4097 tates
309 4034 419 4097 amori
443 4054 547 4116 pares
572 4055 642 4097 non
667 4046 757 4097 sunt.
805 4035 879 4097 Nec
904 4035 1113 4098 desistemus
1137 4035 1226 4098 inire
1244 4034 1376 4117 aliquid
1392 4055 1471 4097 con·

196 4142 260 4205 silii
284 4162 370 4224 quo,
401 4142 430 4203 si
463 4153 500 4204 tu
526 4152 561 4203 et
584 4141 710 4222 reliqui
736 4140 920 4223 Principes
945 4141 1157 4204 Germaniae
1182 4151 1335 4205 vestram
1360 4142 1470 4224 digni·

196 4257 302 4312 tatem
327 4248 421 4311 etin
447 4248 605 4311 ecclesiis
637 4248 865 4311 restituendis
896 4248 1006 4310 divini
1037 4247 1187 4311 nominis
1219 4251 1391 4312 honorem
1425 4251 1471 4310 ab

195 4355 287 4419 omni
312 4357 393 4418 labe
417 4364 524 4437 atque
548 4355 675 4417 iniuria
699 4355 977 4435 vindicaveritis,
1002 4355 1203 4437 impiaeque
1227 4354 1412 4435 novitatiS,
1437 4365 1472 4417 et

194 4461 341 4524 inauditi
374 4461 462 4524 alias
495 4461 640 4525 sceleris
671 4461 873 4524 incendium
904 4461 1156 4540 restinxeritis,
1187 4462 1338 4543 gratiam
1369 4462 1471 4523 vobis

194 4567 346 4650 aliquam
371 4567 505 4630 referat
529 4569 703 4648 Ecclesia,
728 4588 944 4649 onerumque
969 4577 1167 4631 vestrorum
1200 4579 1236 4631 01
1260 4578 1470 4649 sumptuum,

192 4694 282 4758 quae
306 4685 499 4756 propterea
522 4675 708 4755 subieritis,
734 4686 872 4757 partem
896 4696 965 4738 non
988 4676 1202 4738 mediocrem
1226 4674 1386 4748 sufferat;
1404 4675 1470 4737 etsi

193 4791 227 4847 10
263 4793 463 4845 currentem
487 4794 614 4865 sponte
639 4794 700 4844 tua
735 4783 862 4845 scimus
896 4802 961 4845 nos
992 4782 1158 4856 incitare;
1184 4782 1268 4865 quid
1294 4782 1386 4844 enim
1410 4793 1470 4849 tua
