3330 5580
710 80 955 157 eamme

202 265 264 312 non
288 250 480 311 exambito
528 247 686 329 Quorum
711 260 763 310 est
789 258 909 311 noster
934 248 1101 328 Carolus,
1135 260 1169 313 et
1198 248 1233 313 in
1265 249 1368 315 huius
1392 230 1473 317 aula

205 357 299 436 multi,
325 357 411 418 Rex
434 355 598 436 Angliae,
618 355 920 437 Archiepiscopus
945 356 1224 440 CantuariensiS,
1248 367 1287 421 ut
1312 379 1356 422 ne
1380 379 1472 424 com·

206 482 382 526 memorem
407 472 461 525 tot
486 461 680 543 Principes,
705 470 758 525 tot
781 461 989 543 Episcopos,
1015 473 1068 527 tot
1092 465 1261 546 eruditos,
1288 476 1323 528 et
1346 468 1472 530 hones·

205 579 251 631 tos
273 569 368 631 viros
394 589 463 631 non
490 570 601 630 solum
626 567 661 629 in
686 567 830 650 Anglia,
856 568 1017 650 Fladria,
1042 579 1077 632 et
1100 569 1237 652 Gallia,
1267 571 1472 638 Germania-

202 696 278 757 que,
322 695 447 738 verum
491 675 597 737 etiam
632 674 667 736 in
709 674 917 756 Hungaria‚
957 684 993 739 et
1032 677 1200 758 Polonia,
1239 679 1298 761 qui
1338 683 1395 744 vel
1435 702 1473 744 se

198 792 318 864 putant
342 784 475 845 debere
501 785 646 844 multum
671 782 852 844 laboribus
877 781 979 861 meis,
1009 785 1066 845 vel
1091 794 1186 848 certe
1211 805 1266 849 me
1291 786 1336 850 de
1360 789 1473 870 publi·

197 890 243 952 cis
270 890 397 952 studiis
430 887 686 951 benemeritum
719 908 807 953 esse.
854 889 990 951 Horum
1016 889 1151 954 animos
1176 892 1420 976 discruciaret‚
1445 896 1473 959 si

195 995 316 1058 liceret
341 996 570 1077 quibusdam,
595 994 655 1075 qui
679 993 820 1076 privato
845 995 1020 1058 ducuntur
1044 996 1142 1078 odio,
1178 999 1352 1080 perficere
1376 1006 1471 1084 quod

193 1102 402 1185 iampridem
433 1101 634 1164 moliuntur.
689 1100 735 1163 Et
765 1120 833 1182 ego
864 1102 1004 1165 illorum
1028 1104 1151 1167 dolore
1176 1107 1290 1188 magis
1315 1111 1473 1173 dolerem

194 1231 299 1292 quam
324 1229 415 1272 meo.
461 1208 576 1270 Multa
600 1207 726 1289 scripsi
750 1209 813 1270 sed
837 1211 981 1272 saeculo
1005 1210 1215 1293 tranquillo,
1241 1216 1389 1295 quodsi
1421 1237 1472 1279 su·

193 1316 352 1399 spicatus
364 1315 510 1378 fuissem
525 1315 592 1378 hoc
618 1315 798 1377 saeculum
822 1314 1051 1397 exoriturum,
1075 1318 1184 1400 longe
1200 1320 1304 1384 aliter
1316 1323 1473 1406 scripsis-

191 1445 266 1487 sem
292 1425 416 1503 multa,
442 1432 596 1484 autnon
622 1420 852 1503 scripsissem.
900 1421 1004 1486 Certe
1032 1423 1066 1487 in
1090 1425 1158 1488 hoc
1182 1446 1298 1490 rerum
1322 1433 1473 1494 tumultu

191 1531 413 1594 sanctissime
439 1550 494 1592 me
519 1528 626 1610 gessi,
651 1538 686 1592 et
710 1538 875 1611 gesturus
899 1551 975 1594 sum
996 1551 1108 1613 usque
1123 1534 1169 1595 ad
1193 1545 1352 1600 mortem.
1392 1539 1472 1602 Nul-

190 1641 246 1701 lus
270 1636 490 1715 haereticus,
515 1645 576 1698 aut
600 1635 842 1699 schismaticus
865 1636 952 1699 meis
976 1637 1105 1720 opibus
1128 1640 1361 1706 adiuvabitur.
1411 1647 1471 1710 Ad

191 1745 361 1809 Stunicae
386 1743 580 1807 calumnias
602 1743 720 1806 verius
739 1764 843 1825 quam
868 1745 1113 1810 conclusiones
1130 1749 1277 1812 strictim
1293 1755 1473 1833 respondi.

190 1853 292 1916 Talis
317 1852 466 1915 Rabula
488 1852 634 1914 multum
659 1849 731 1912 odii
755 1849 924 1913 conflabit
944 1850 1031 1915 Sedi
1055 1853 1243 1918 Romanae
1272 1857 1344 1919 suis
1373 1880 1473 1942 syco-

190 1959 372 2042 phanticis
400 1958 547 2036 libellis,
581 1955 709 2038 quibus
732 1956 819 2019 nulli
844 1957 957 2039 magis
981 1961 1214 2042 applaudunt,
1239 1983 1343 2043 quam
1367 1967 1474 2030 valde

190 2067 381 2130 lutherani.
430 2066 470 2127 si
494 2064 578 2146 quid
603 2064 823 2127 inveniretur
845 2064 880 2127 in
906 2065 1006 2128 libris
1030 2066 1129 2147 meis,
1153 2064 1242 2150 quos
1266 2073 1394 2135 multos
1419 2095 1472 2136 ae·

191 2175 285 2251 didi,
329 2173 500 2255 scriptum
537 2172 729 2251 incautius,
761 2183 921 2254 poteram
956 2173 1103 2236 secretis
1133 2175 1245 2239 literis
1278 2180 1473 2262 admoneri,

191 2281 348 2344 monitus
372 2279 526 2342 libenter
550 2289 732 2341 mutarem.
780 2278 881 2341 Nunc
915 2288 1062 2360 paratur
1096 2292 1222 2362 quarta
1255 2285 1339 2348 novi
1370 2296 1474 2352 testa·

191 2389 303 2452 menti
328 2388 481 2459 aeditio;
506 2389 613 2449 homo
638 2405 724 2466 sum,
749 2405 870 2448 errare
885 2405 1041 2467 possum,
1056 2389 1197 2451 tametsi
1213 2391 1337 2454 sedulo
1354 2414 1474 2477 caveo,

193 2495 349 2577 nequid
374 2495 419 2556 sit
443 2493 478 2556 in
505 2493 604 2556 libris
636 2492 740 2570 meis,
771 2494 866 2573 quod
898 2494 955 2555 vel
986 2493 1195 2558 seditionem
1230 2509 1385 2582 moveat,
1417 2504 1474 2565 vel

191 2606 338 2666 aberret
372 2622 393 2663 a
426 2601 642 2683 synceritate
674 2600 857 2662 doctrinae
888 2599 1114 2667 christianae.
1162 2603 1359 2670 Excuditur
1382 2629 1474 2672 nunc

192 2708 432 2791 Paraphrasis
456 2708 491 2769 in
516 2717 597 2769 acta
611 2708 876 2788 Apostolorum,
902 2726 979 2768 eam
1003 2708 1233 2772 dedicaturus
1257 2732 1353 2777 eram
1370 2714 1474 2779 Card.

194 2817 364 2898 Angliae,
390 2814 449 2896 qui
473 2833 588 2896 nuper
611 2813 656 2874 ad
682 2833 737 2874 me
761 2813 903 2895 scripsit
926 2814 1175 2896 amantissime,
1206 2818 1477 2900 subsignificans

192 2944 261 3006 per
285 2921 513 2985 secretarium
539 2941 578 2982 se
601 2922 673 2982 tale
697 2920 865 3000 quiddam
889 2940 1039 3002 cupere,
1067 2923 1131 2985 sed
1164 2924 1278 3006 magis
1302 2926 1403 2990 hbuit
1427 2930 1475 2992 di-

193 3050 278 3094 care
311 3027 485 3090 Clementi
519 3027 598 3088 VII.
659 3026 772 3106 Quem
812 3027 972 3089 Pacaeus
1003 3027 1086 3091 mihi
1119 3029 1206 3093 mire
1243 3032 1406 3114 depinxit
1439 3036 1474 3101 in

193 3136 268 3200 suis
292 3135 338 3197 ad
363 3154 419 3196 me
443 3134 565 3212 literis,
589 3130 796 3214 significans
820 3133 926 3196 etiam
950 3134 1053 3216 illud,
1077 3155 1148 3218 quo
1171 3135 1297 3202 lavore
1321 3152 1416 3205 esset
1439 3143 1474 3207 in

194 3264 263 3306 me.
312 3240 465 3303 Adnitar
487 3260 532 3302 ne
557 3240 721 3302 videatur
736 3240 878 3303 omnino
898 3240 1031 3304 favisse
1054 3242 1186 3306 homini
1214 3244 1367 3329 ingrato,
1415 3252 1475 3314 Ce-

194 3371 255 3413 sar
279 3369 336 3411 me
360 3359 507 3410 revocat
530 3347 564 3408 in
590 3347 840 3410 Brabantiam:
866 3347 952 3410 Rex
975 3346 1115 3413 Galliae
1140 3350 1297 3416 insuam
1322 3354 1475 3421 Galliam

196 3456 338 3539 magnis
362 3453 544 3536 promissis
567 3452 703 3515 invitat
751 3454 930 3517 Adrianus
968 3476 1025 3518 me
1054 3476 1164 3539 saepe
1194 3458 1369 3525 invitabat
1401 3464 1474 3527 Ro·

197 3584 301 3626 mam.
350 3560 423 3623 Sed
447 3580 575 3622 vereor
599 3581 643 3622 ne
658 3559 743 3622 Rex
760 3563 916 3624 calculus
932 3582 989 3624 me
1006 3564 1221 3628 transmittat
1236 3568 1271 3629 in
1285 3571 1476 3635 coelestem

197 3670 362 3753 patriam.
421 3665 527 3748 Quod
560 3667 589 3729 si
620 3678 765 3751 praeter
795 3687 893 3749 spem
926 3669 1097 3732 acciderit
1131 3673 1299 3736 valetudo
1333 3674 1476 3757 firmior,

199 3796 373 3859 nusquam
397 3774 515 3837 malim
539 3774 729 3837 animulam
753 3794 905 3855 ponere,
935 3795 1041 3856 quam
1073 3777 1225 3843 Romae.
1276 3781 1366 3845 Nam
1391 3782 1476 3847 Ger·

200 3885 340 3948 maniae
364 3903 421 3944 me
449 3881 658 3962 iampridem
682 3882 814 3958 taedet,
839 3881 899 3943 ubi
924 3902 989 3945 nec
1013 3884 1201 3948 satistuto
1225 3887 1308 3950 vivo
1332 3900 1481 3972 propter

202 3994 419 4068 lutheranus,
443 3988 503 4070 qui
527 3988 703 4050 neminem
727 3988 829 4069 peius
843 3990 1006 4068 oderunt,
1031 4011 1137 4072 quam
1152 3991 1347 4058 Erasmum
1393 3997 1481 4061 Cum

202 4096 305 4161 Gallo
330 4099 442 4159 bellat
466 4093 617 4173 Caesar,
640 4094 697 4155 cui
721 4095 855 4156 iuratus
878 4114 953 4157 sum
979 4097 1227 4173 Consiliarius;
1252 4101 1287 4164 in
1311 4103 1481 4168 Flandria

202 4206 434 4266 tumultuatur
464 4201 578 4264 bellis.
617 4200 665 4262 R.
698 4201 741 4264 l).
773 4202 814 4264 T.
846 4201 1046 4266 incolumen
1078 4225 1121 4269 ac
1155 4209 1333 4273 valentem
1363 4222 1483 4275 servet

204 4309 363 4372 Christus
387 4307 471 4389 Opt
495 4308 593 4369 Max,

705 4402 735 4454 ε.
758 4404 794 4449 n.
815 4403 848 4450 n.
867 4403 1063 4452 marceamus
1082 4400 1218 4464 m
1234 4402 1449 4469 mm

1270 4531 1326 4585 w.
