3330 5580
801 839 852 903 79.

207 955 408 1035 Mercurius
428 956 469 1035 de
485 953 691 1035 dattiuaria
710 955 955 1035 cancellarius
973 954 1156 1036 cardinali
1171 955 1453 1057 saltzburgensi.

665 1093 749 1164 (Acts
764 1092 900 1152 wormac.
918 1093 986 1166 tae.)

275 1329 369 1392 Rme
394 1330 484 1391 Dne.
532 1329 612 1391 Hoc
636 1348 739 1390 mane
764 1338 952 1391 tractatum
977 1338 1031 1391 est
1054 1330 1099 1391 de
1124 1351 1162 1392 re
1187 1331 1343 1409 Lutheri‚
1368 1340 1403 1393 et
1427 1341 1465 1392 ut

185 1457 242 1498 res
267 1435 392 1499 melius
416 1435 521 1517 dirigi
546 1435 676 1517 possit;
710 1435 823 1498 visum
856 1446 910 1498 est
943 1437 1038 1517 quod
1072 1458 1137 1518 per
1162 1439 1380 1500 Aleandrum
1406 1436 1466 1498 fiat

188 1564 257 1605 una
280 1545 376 1605 bona
401 1542 536 1605 minuta
559 1542 715 1605 mandati
741 1542 971 1625 expediendi,
1005 1564 1095 1624 quae
1120 1543 1202 1606 inde
1226 1544 1406 1607 videbitur
1430 1544 1464 1606 in

187 1650 334 1713 consilio
360 1660 395 1712 et
419 1671 465 1712 ex
489 1649 582 1712 illius
607 1650 835 1712 conclusione
859 1649 1094 1712 transferetur
1117 1651 1152 1712 in
1178 1650 1300 1732 lingua
1331 1669 1466 1731 germa-

188 1756 265 1819 nica
299 1768 335 1818 et
359 1756 600 1840 publicabitur
634 1768 672 1818 ut
699 1756 819 1838 aliqua
851 1759 947 1818 bona
982 1757 1147 1819 executio
1181 1768 1264 1820 ante
1289 1778 1465 1819 recessum
1584 1821 1586 1825 ,

189 1863 261 1926 fieri
286 1863 409 1945 possit.
459 1864 543 1925 Ideo
568 1865 710 1944 placeat
733 1864 925 1945 disponere
956 1873 994 1925 ut
1027 1864 1283 1946 quamprimum
1315 1864 1377 1926 fiat
1407 1862 1466 1925 mi·

190 1981 271 2033 nuta
296 1969 382 2033 dicti
407 1970 574 2033 mandati.

967 2115 1011 2162 Ad
1031 2115 1161 2178 obsequia
1182 2117 1213 2166 V.
1234 2118 1271 2162 R.
1292 2117 1325 2166 D.

905 2211 1098 2274 larentina
1117 2211 1156 2274 da
1175 2210 1378 2272 detttrrrlr.

803 2640 855 2704 80.

574 2773 752 2853 Aloander
780 2772 1092 2855 vicecancellario.

623 2919 765 2992 (duma
790 2921 880 2979 darm.
898 2921 928 2978 11.
948 2920 1030 2991 169.)

714 3045 749 3100 κ.
770 3041 824 3090 Mai
848 3040 934 3107 1521.)

278 3185 394 3267 llopoi
420 3186 454 3246 lo
479 3186 547 3247 che
569 3183 606 3246 fu
631 3183 754 3247 scritto
779 3183 815 3246 di
840 3184 988 3247 XXIX.
1013 3184 1063 3246 dil
1087 3194 1242 3265 passato,
1267 3185 1291 3247 li
1316 3184 1464 3247 Elettori

197 3303 227 3353 et
248 3291 406 3373 Principi
437 3312 524 3354 sono
558 3291 640 3353 stati
667 3291 814 3353 insieme
843 3311 950 3372 sopra
983 3292 1017 3353 la
1041 3310 1148 3353 causa
1171 3291 1207 3353 di
1232 3291 1404 3371 Martino,
1431 3301 1466 3353 et

197 3402 355 3462 concluso
386 3399 487 3460 voler
522 3397 685 3460 inherere
717 3419 739 3461 a
770 3400 806 3460 lo
846 3399 911 3460 che
945 3397 1023 3460 fara
1055 3398 1185 3461 Cesarc
1216 3408 1341 3461 contra
1369 3399 1467 3461 detto

196 3505 353 3585 Martino‚
378 3515 414 3567 et
438 3505 514 3567 suoi
539 3505 637 3578 libri;
662 3504 697 3566 in
717 3515 843 3585 questo
868 3506 901 3567 el
918 3503 1065 3567 Saxone
1089 3504 1158 3566 mai
1182 3507 1282 3567 volso
1306 3505 1351 3568 nd
1376 3504 1468 3569 affir-

196 3632 273 3691 mar,
298 3614 342 3675 nd
367 3630 490 3693 negas,
515 3632 571 3673 ma
594 3632 735 3692 sempre
751 3611 870 3675 tacuit.
917 3612 985 3673 Del
1003 3611 1166 3675 Palatino
1184 3633 1253 3674 non
1269 3633 1308 3675 se
1323 3612 1468 3675 intende

196 3741 304 3800 come,
333 3720 447 3782 solum
472 3729 597 3800 questo
630 3718 660 3779 ci
686 3718 706 3781 ὲ
730 3727 822 3781 stato
848 3717 1004 3797 referito,
1029 3719 1094 3780 che
1119 3720 1154 3780 la
1177 3719 1341 3800 maggior
1365 3731 1467 3800 parte

196 3827 272 3889 delli
297 3825 448 3889 Elettori
479 3846 567 3887 sono
601 3824 775 3888 conformi
805 3827 876 3888 alla
906 3825 1144 3888 deliberation
1173 3826 1207 3886 di
1233 3826 1355 3888 Cesar:
1405 3825 1469 3888 Poi

196 3953 244 3996 me
267 3933 304 3996 fu
331 3952 527 3996 commesso
551 3952 616 4014 per
640 3932 749 3994 Cesar
773 3942 809 3994 et
833 3934 866 3994 el
891 3932 1064 4011 conselio‚
1100 3935 1165 3996 che
1201 3933 1235 3995 io
1268 3933 1394 3996 istesso
1419 3933 1468 3995 fa-

195 4059 288 4104 cesse
314 4042 346 4103 el
371 4040 529 4119 decreto,
554 4059 620 4102 con
646 4041 764 4120 quelle
788 4038 846 4121 piu
872 4038 1112 4101 iustificationi
1137 4040 1166 4102 si
1190 4049 1344 4120 potesse,
1369 4040 1469 4101 accid

195 4148 267 4210 chel
291 4149 426 4229 populo
451 4167 489 4210 se
520 4155 764 4226 contentasse,
795 4155 894 4207 tanto
926 4145 985 4226 pid
1020 4145 1152 4226 perche
1176 4146 1308 4209 Martin
1333 4147 1467 4209 Luther

195 4253 234 4316 ha
257 4254 318 4336 gia
342 4253 465 4317 scritto
489 4253 592 4317 fuora
616 4254 651 4315 in
677 4253 852 4316 Alemano
877 4253 899 4316 li
925 4253 1001 4315 suoi
1025 4252 1232 4316 atticoram
1258 4253 1406 4334 Cesare,
1432 4264 1467 4316 et

196 4380 229 4423 se
251 4359 402 4424 iustifica
426 4360 657 4442 politamente
682 4380 748 4423 con
773 4360 908 4442 buggie
933 4362 1031 4442 perd,
1057 4380 1121 4442 per
1138 4359 1325 4423 confirmat
1342 4361 1366 4423 li
1383 4361 1470 4440 suoi,

195 4485 254 4546 per
276 4465 519 4529 reconciliarsi
542 4467 566 4528 il
589 4468 740 4548 popu10,
771 4467 794 4529 il
827 4468 910 4547 qual
938 4466 972 4529 in
998 4469 1118 4528 buona
1142 4476 1245 4548 parte
1270 4467 1289 4529 e
1313 4468 1469 4531 alienato

196 4575 237 4635 da
259 4575 358 4636 detto
383 4574 526 4655 Luther‚
550 4595 615 4656 per
632 4574 655 4635 li
672 4573 748 4636 suoi
765 4572 846 4635 mali
864 4573 1022 4652 costumi‚
1048 4574 1140 4654 gesti
1143 4624 1151 4654 )
1178 4584 1212 4637 et
1229 4574 1470 4654 obstinationi,

196 4688 227 4742 ct
256 4678 398 4744 bestiali
429 4682 553 4760 parole
593 4691 718 4743 contra
749 4680 772 4742 li
797 4679 955 4758 concilii,
989 4679 1012 4741 il
1044 4682 1109 4744 che
1140 4702 1268 4744 muove
1301 4693 1469 4764 questoro

197 4788 310 4853 molto,
359 4787 439 4851 Non
464 4797 559 4852 resta
584 4791 683 4873 perd,
708 4790 774 4852 che
798 4809 845 4852 un
870 4789 1007 4871 grande
1031 4788 1162 4850 mundo
1179 4809 1248 4852 non
1264 4788 1388 4873 tenghi
1406 4809 1471 4872 per
