<?xml version="1.0" encoding="UTF-8"?>
<!DOCTYPE html PUBLIC "-//W3C//DTD XHTML 1.0 Transitional//EN"
    "http://www.w3.org/TR/xhtml1/DTD/xhtml1-transitional.dtd">
<html xmlns="http://www.w3.org/1999/xhtml" xml:lang="en" lang="en">
 <head>
  <title>
</title>
<meta http-equiv="Content-Type" content="text/html;charset=utf-8" />
  <meta name='ocr-system' content='tesseract 3.04.00' />
  <meta name='ocr-capabilities' content='ocr_page ocr_carea ocr_par ocr_line ocrx_word'/>
</head>
<body>
  <div class='ocr_page' id='page_1' title='image "./monumentareform00vatigoog_0138.png"; bbox 0 0 3330 5580; ppageno 0'>
   <div class='ocr_carea' id='block_1_1' title="bbox 722 449 951 505">
    <p class='ocr_par' dir='ltr' id='par_1_1' title="bbox 722 449 951 505">
     <span class='ocr_line' id='line_1_1' title="bbox 722 449 951 505; baseline 0 -1"><span class='ocrx_word' id='word_1_1' title='bbox 722 449 951 505; x_wconf 54' lang='lat'>0-‘397810</span> 
     </span>
    </p>
   </div>
   <div class='ocr_carea' id='block_1_2' title="bbox 188 594 1478 2802">
    <p class='ocr_par' dir='ltr' id='par_1_2' title="bbox 188 594 1478 2802">
     <span class='ocr_line' id='line_1_2' title="bbox 188 594 1477 679; baseline 0.002 -22"><span class='ocrx_word' id='word_1_2' title='bbox 188 595 281 657; x_wconf 90' lang='lat' dir='ltr'>licos</span> <span class='ocrx_word' id='word_1_3' title='bbox 305 594 382 658; x_wconf 89' lang='lat' dir='ltr'>iure</span> <span class='ocrx_word' id='word_1_4' title='bbox 406 596 540 676; x_wconf 89' lang='lat' dir='ltr'>optimo</span> <span class='ocrx_word' id='word_1_5' title='bbox 564 596 798 679; x_wconf 84' lang='lat' dir='ltr'>impedituros</span> <span class='ocrx_word' id='word_1_6' title='bbox 822 619 867 660; x_wconf 89' lang='lat' dir='ltr'>ne</span> <span class='ocrx_word' id='word_1_7' title='bbox 892 618 1008 676; x_wconf 88' lang='lat' dir='ltr'>causa,</span> <span class='ocrx_word' id='word_1_8' title='bbox 1033 598 1078 659; x_wconf 89' lang='lat' dir='ltr'>de</span> <span class='ocrx_word' id='word_1_9' title='bbox 1099 618 1168 678; x_wconf 89' lang='lat' dir='ltr'>qua</span> <span class='ocrx_word' id='word_1_10' title='bbox 1185 595 1353 660; x_wconf 81' lang='lat' dir='ltr'><strong>Pontifex</strong></span> <span class='ocrx_word' id='word_1_11' title='bbox 1372 619 1477 661; x_wconf 87' lang='lat' dir='ltr'>verus</span> 
     </span>
     <span class='ocr_line' id='line_1_3' title="bbox 188 703 1477 785; baseline 0 -19"><span class='ocrx_word' id='word_1_12' title='bbox 188 705 300 766; x_wconf 87' lang='lat' dir='ltr'>iudex</span> <span class='ocrx_word' id='word_1_13' title='bbox 334 713 369 764; x_wconf 90' lang='lat' dir='ltr'>et</span> <span class='ocrx_word' id='word_1_14' title='bbox 396 704 510 765; x_wconf 74' lang='lat' dir='ltr'>Sedes</span> <span class='ocrx_word' id='word_1_15' title='bbox 543 703 754 784; x_wconf 87' lang='lat' dir='ltr'>Apostolica</span> <span class='ocrx_word' id='word_1_16' title='bbox 784 704 1054 785; x_wconf 80' lang='lat' dir='ltr'>pronunciaret,</span> <span class='ocrx_word' id='word_1_17' title='bbox 1088 724 1166 766; x_wconf 90' lang='lat' dir='ltr'>curn</span> <span class='ocrx_word' id='word_1_18' title='bbox 1199 705 1410 768; x_wconf 88' lang='lat' dir='ltr'>detrimento</span> <span class='ocrx_word' id='word_1_19' title='bbox 1443 716 1477 767; x_wconf 92' lang='lat' dir='ltr'>et</span> 
     </span>
     <span class='ocr_line' id='line_1_4' title="bbox 190 809 1475 893; baseline 0.002 -21"><span class='ocrx_word' id='word_1_20' title='bbox 190 810 426 893; x_wconf 86' lang='lat' dir='ltr'>depressione</span> <span class='ocrx_word' id='word_1_21' title='bbox 460 809 679 872; x_wconf 88' lang='lat' dir='ltr'>Pontificalis</span> <span class='ocrx_word' id='word_1_22' title='bbox 711 811 931 875; x_wconf 85' lang='lat' dir='ltr'>auctoritatis</span> <span class='ocrx_word' id='word_1_23' title='bbox 963 810 1092 873; x_wconf 90' lang='lat' dir='ltr'>iudicio</span> <span class='ocrx_word' id='word_1_24' title='bbox 1124 812 1294 875; x_wconf 91' lang='lat' dir='ltr'>laicorum</span> <span class='ocrx_word' id='word_1_25' title='bbox 1327 813 1475 874; x_wconf 91' lang='lat' dir='ltr'>discute·</span> 
     </span>
     <span class='ocr_line' id='line_1_5' title="bbox 190 916 1476 1000; baseline 0 -19"><span class='ocrx_word' id='word_1_26' title='bbox 190 929 309 996; x_wconf 89' lang='lat' dir='ltr'>retur,</span> <span class='ocrx_word' id='word_1_27' title='bbox 343 917 425 979; x_wconf 88' lang='lat' dir='ltr'>ideo</span> <span class='ocrx_word' id='word_1_28' title='bbox 450 917 624 979; x_wconf 91' lang='lat' dir='ltr'>Martinus</span> <span class='ocrx_word' id='word_1_29' title='bbox 657 938 696 980; x_wconf 89' lang='lat' dir='ltr'>se</span> <span class='ocrx_word' id='word_1_30' title='bbox 729 917 955 1000; x_wconf 89' lang='lat' dir='ltr'>magnificum</span> <span class='ocrx_word' id='word_1_31' title='bbox 989 928 1025 980; x_wconf 91' lang='lat' dir='ltr'>et</span> <span class='ocrx_word' id='word_1_32' title='bbox 1057 916 1186 980; x_wconf 87' lang='lat' dir='ltr'>fortem</span> <span class='ocrx_word' id='word_1_33' title='bbox 1215 922 1419 982; x_wconf 85' lang='lat' dir='ltr'>ostentabat</span> <span class='ocrx_word' id='word_1_34' title='bbox 1441 920 1476 981; x_wconf 91' lang='lat' dir='ltr'>in</span> 
     </span>
     <span class='ocr_line' id='line_1_6' title="bbox 192 1023 1478 1107; baseline 0.001 -19"><span class='ocrx_word' id='word_1_35' title='bbox 192 1046 236 1088; x_wconf 91' lang='lat' dir='ltr'>ea</span> <span class='ocrx_word' id='word_1_36' title='bbox 266 1046 323 1103; x_wconf 87' lang='lat' dir='ltr'>re,</span> <span class='ocrx_word' id='word_1_37' title='bbox 356 1045 462 1106; x_wconf 92' lang='lat' dir='ltr'>quam</span> <span class='ocrx_word' id='word_1_38' title='bbox 492 1034 590 1087; x_wconf 88' lang='lat' dir='ltr'>certo</span> <span class='ocrx_word' id='word_1_39' title='bbox 620 1023 756 1087; x_wconf 89' lang='lat' dir='ltr'>sciebat</span> <span class='ocrx_word' id='word_1_40' title='bbox 787 1045 1011 1107; x_wconf 83' lang='lat' dir='ltr'>nequaquam</span> <span class='ocrx_word' id='word_1_41' title='bbox 1042 1035 1253 1089; x_wconf 84' lang='lat' dir='ltr'>secuturam.</span> <span class='ocrx_word' id='word_1_42' title='bbox 1313 1026 1416 1107; x_wconf 82' lang='lat' dir='ltr'>Quod</span> <span class='ocrx_word' id='word_1_43' title='bbox 1449 1028 1478 1089; x_wconf 92' lang='lat' dir='ltr'>si</span> 
     </span>
     <span class='ocr_line' id='line_1_7' title="bbox 192 1131 1477 1215; baseline 0.002 -20"><span class='ocrx_word' id='word_1_44' title='bbox 192 1133 300 1195; x_wconf 87' lang='lat' dir='ltr'>etiam</span> <span class='ocrx_word' id='word_1_45' title='bbox 331 1132 367 1194; x_wconf 92' lang='lat' dir='ltr'>in</span> <span class='ocrx_word' id='word_1_46' title='bbox 392 1131 521 1193; x_wconf 87' lang='lat' dir='ltr'>Diaeta</span> <span class='ocrx_word' id='word_1_47' title='bbox 553 1141 588 1192; x_wconf 89' lang='lat' dir='ltr'>et</span> <span class='ocrx_word' id='word_1_48' title='bbox 620 1132 760 1195; x_wconf 91' lang='lat' dir='ltr'>auditus</span> <span class='ocrx_word' id='word_1_49' title='bbox 789 1141 824 1195; x_wconf 86' lang='lat' dir='ltr'>et</span> <span class='ocrx_word' id='word_1_50' title='bbox 848 1133 1104 1195; x_wconf 87' lang='lat' dir='ltr'>condemnatus</span> <span class='ocrx_word' id='word_1_51' title='bbox 1127 1131 1271 1212; x_wconf 85' lang='lat' dir='ltr'>fuisset,</span> <span class='ocrx_word' id='word_1_52' title='bbox 1304 1134 1383 1215; x_wconf 91' lang='lat' dir='ltr'>quis</span> <span class='ocrx_word' id='word_1_53' title='bbox 1407 1155 1477 1197; x_wconf 91' lang='lat' dir='ltr'>non</span> 
     </span>
     <span class='ocr_line' id='line_1_8' title="bbox 191 1237 1478 1323; baseline 0.001 -22"><span class='ocrx_word' id='word_1_54' title='bbox 191 1241 293 1301; x_wconf 89' lang='lat' dir='ltr'>videt</span> <span class='ocrx_word' id='word_1_55' title='bbox 323 1239 453 1319; x_wconf 89' lang='lat' dir='ltr'>ipsum,</span> <span class='ocrx_word' id='word_1_56' title='bbox 495 1259 516 1300; x_wconf 87' lang='lat' dir='ltr'>a</span> <span class='ocrx_word' id='word_1_57' title='bbox 551 1237 728 1319; x_wconf 91' lang='lat' dir='ltr'>judicibus</span> <span class='ocrx_word' id='word_1_58' title='bbox 759 1239 874 1301; x_wconf 91' lang='lat' dir='ltr'>minus</span> <span class='ocrx_word' id='word_1_59' title='bbox 905 1239 1190 1323; x_wconf 88' lang='lat' dir='ltr'>competentibus</span> <span class='ocrx_word' id='word_1_60' title='bbox 1222 1241 1338 1303; x_wconf 90' lang='lat' dir='ltr'>statim</span> <span class='ocrx_word' id='word_1_61' title='bbox 1368 1241 1478 1303; x_wconf 86' lang='lat' dir='ltr'>fuisse</span> 
     </span>
     <span class='ocr_line' id='line_1_9' title="bbox 191 1344 1477 1429; baseline 0.002 -21"><span class='ocrx_word' id='word_1_62' title='bbox 191 1357 470 1428; x_wconf 85' lang='lat' dir='ltr'>provocaturum</span> <span class='ocrx_word' id='word_1_63' title='bbox 501 1347 547 1407; x_wconf 86' lang='lat' dir='ltr'>ad</span> <span class='ocrx_word' id='word_1_64' title='bbox 581 1344 792 1425; x_wconf 86' lang='lat' dir='ltr'>Concilium,</span> <span class='ocrx_word' id='word_1_65' title='bbox 831 1345 907 1428; x_wconf 92' lang='lat' dir='ltr'>qui,</span> <span class='ocrx_word' id='word_1_66' title='bbox 939 1367 961 1409; x_wconf 92' lang='lat' dir='ltr'>a</span> <span class='ocrx_word' id='word_1_67' title='bbox 994 1346 1127 1428; x_wconf 86' lang='lat' dir='ltr'>judicio</span> <span class='ocrx_word' id='word_1_68' title='bbox 1153 1348 1477 1429; x_wconf 90' lang='lat' dir='ltr'>competentissimo</span> 
     </span>
     <span class='ocr_line' id='line_1_10' title="bbox 192 1451 1477 1538; baseline 0.002 -24"><span class='ocrx_word' id='word_1_69' title='bbox 192 1451 300 1515; x_wconf 86' lang='lat' dir='ltr'>Sedis</span> <span class='ocrx_word' id='word_1_70' title='bbox 325 1453 575 1533; x_wconf 89' lang='lat' dir='ltr'>Apostolicae,</span> <span class='ocrx_word' id='word_1_71' title='bbox 607 1453 663 1515; x_wconf 91' lang='lat' dir='ltr'>cui</span> <span class='ocrx_word' id='word_1_72' title='bbox 695 1452 832 1516; x_wconf 91' lang='lat' dir='ltr'>ratione</span> <span class='ocrx_word' id='word_1_73' title='bbox 864 1473 993 1516; x_wconf 86' lang='lat' dir='ltr'>causae</span> <span class='ocrx_word' id='word_1_74' title='bbox 1026 1463 1061 1516; x_wconf 89' lang='lat' dir='ltr'>et</span> <span class='ocrx_word' id='word_1_75' title='bbox 1093 1474 1269 1537; x_wconf 87' lang='lat' dir='ltr'>personae</span> <span class='ocrx_word' id='word_1_76' title='bbox 1299 1455 1375 1517; x_wconf 90' lang='lat' dir='ltr'>iure</span> <span class='ocrx_word' id='word_1_77' title='bbox 1399 1455 1477 1538; x_wconf 91' lang='lat' dir='ltr'>ipso</span> 
     </span>
     <span class='ocr_line' id='line_1_11' title="bbox 192 1559 1477 1643; baseline 0.003 -23"><span class='ocrx_word' id='word_1_78' title='bbox 192 1561 375 1623; x_wconf 87' lang='lat' dir='ltr'>subiectus</span> <span class='ocrx_word' id='word_1_79' title='bbox 408 1569 476 1638; x_wconf 91' lang='lat' dir='ltr'>est,</span> <span class='ocrx_word' id='word_1_80' title='bbox 513 1569 548 1621; x_wconf 92' lang='lat' dir='ltr'>et</span> <span class='ocrx_word' id='word_1_81' title='bbox 572 1559 737 1641; x_wconf 80' lang='lat' dir='ltr'>ipsemet,</span> <span class='ocrx_word' id='word_1_82' title='bbox 770 1581 804 1639; x_wconf 89' lang='lat' dir='ltr'>a,</span> <span class='ocrx_word' id='word_1_83' title='bbox 830 1560 1005 1643; x_wconf 88' lang='lat' dir='ltr'>principio</span> <span class='ocrx_word' id='word_1_84' title='bbox 1030 1581 1068 1624; x_wconf 90' lang='lat' dir='ltr'>se</span> <span class='ocrx_word' id='word_1_85' title='bbox 1092 1561 1320 1624; x_wconf 86' lang='lat' dir='ltr'>submiserat:</span> <span class='ocrx_word' id='word_1_86' title='bbox 1352 1583 1477 1643; x_wconf 90' lang='lat' dir='ltr'>provo-</span> 
     </span>
     <span class='ocr_line' id='line_1_12' title="bbox 190 1666 1477 1749; baseline 0.001 -20"><span class='ocrx_word' id='word_1_87' title='bbox 190 1668 287 1729; x_wconf 85' lang='lat' dir='ltr'>cavit</span> <span class='ocrx_word' id='word_1_88' title='bbox 303 1678 338 1728; x_wconf 91' lang='lat' dir='ltr'>et</span> <span class='ocrx_word' id='word_1_89' title='bbox 353 1666 466 1728; x_wconf 88' lang='lat' dir='ltr'>fretus</span> <span class='ocrx_word' id='word_1_90' title='bbox 483 1666 572 1729; x_wconf 89' lang='lat' dir='ltr'>salvi</span> <span class='ocrx_word' id='word_1_91' title='bbox 597 1669 794 1730; x_wconf 91' lang='lat' dir='ltr'>conductus</span> <span class='ocrx_word' id='word_1_92' title='bbox 818 1667 952 1730; x_wconf 88' lang='lat' dir='ltr'>auxilio</span> <span class='ocrx_word' id='word_1_93' title='bbox 977 1667 1026 1730; x_wconf 89' lang='lat' dir='ltr'>ita</span> <span class='ocrx_word' id='word_1_94' title='bbox 1046 1667 1155 1731; x_wconf 84' lang='lat' dir='ltr'>fuisse</span> <span class='ocrx_word' id='word_1_95' title='bbox 1171 1668 1357 1746; x_wconf 86' lang='lat' dir='ltr'>facturum,</span> <span class='ocrx_word' id='word_1_96' title='bbox 1382 1670 1477 1749; x_wconf 92' lang='lat' dir='ltr'>quod</span> 
     </span>
     <span class='ocr_line' id='line_1_13' title="bbox 190 1771 1478 1857; baseline 0.002 -22"><span class='ocrx_word' id='word_1_97' title='bbox 190 1794 270 1836; x_wconf 90' lang='lat' dir='ltr'>cum</span> <span class='ocrx_word' id='word_1_98' title='bbox 297 1773 434 1856; x_wconf 89' lang='lat' dir='ltr'>Legato</span> <span class='ocrx_word' id='word_1_99' title='bbox 460 1771 583 1836; x_wconf 81' lang='lat' dir='ltr'>Sancti</span> <span class='ocrx_word' id='word_1_100' title='bbox 609 1771 702 1836; x_wconf 79' lang='lat' dir='ltr'>sixti</span> <span class='ocrx_word' id='word_1_101' title='bbox 727 1775 914 1854; x_wconf 88' lang='lat' dir='ltr'>Augustae</span> <span class='ocrx_word' id='word_1_102' title='bbox 938 1775 1090 1847; x_wconf 83' lang='lat' dir='ltr'>fecerat;</span> <span class='ocrx_word' id='word_1_103' title='bbox 1115 1796 1223 1857; x_wconf 92' lang='lat' dir='ltr'>quum</span> <span class='ocrx_word' id='word_1_104' title='bbox 1247 1775 1339 1838; x_wconf 91' lang='lat' dir='ltr'>enim</span> <span class='ocrx_word' id='word_1_105' title='bbox 1364 1777 1478 1857; x_wconf 88' lang='lat' dir='ltr'>prima</span> 
     </span>
     <span class='ocr_line' id='line_1_14' title="bbox 192 1880 1477 1964; baseline 0.002 -23"><span class='ocrx_word' id='word_1_106' title='bbox 192 1880 249 1942; x_wconf 89' lang='lat' dir='ltr'>die</span> <span class='ocrx_word' id='word_1_107' title='bbox 274 1890 481 1943; x_wconf 88' lang='lat' dir='ltr'>revocasset</span> <span class='ocrx_word' id='word_1_108' title='bbox 505 1881 623 1943; x_wconf 90' lang='lat' dir='ltr'>omnia</span> <span class='ocrx_word' id='word_1_109' title='bbox 647 1881 729 1942; x_wconf 86' lang='lat' dir='ltr'>viva</span> <span class='ocrx_word' id='word_1_110' title='bbox 753 1901 854 1960; x_wconf 90' lang='lat' dir='ltr'>voce,</span> <span class='ocrx_word' id='word_1_111' title='bbox 887 1902 978 1963; x_wconf 90' lang='lat' dir='ltr'>quae</span> <span class='ocrx_word' id='word_1_112' title='bbox 1002 1881 1038 1943; x_wconf 93' lang='lat' dir='ltr'>in</span> <span class='ocrx_word' id='word_1_113' title='bbox 1061 1880 1173 1962; x_wconf 91' lang='lat' dir='ltr'>ipsius</span> <span class='ocrx_word' id='word_1_114' title='bbox 1197 1882 1338 1964; x_wconf 91' lang='lat' dir='ltr'>scriptis</span> <span class='ocrx_word' id='word_1_115' title='bbox 1363 1881 1477 1945; x_wconf 85' lang='lat' dir='ltr'>Sedes</span> 
     </span>
     <span class='ocr_line' id='line_1_15' title="bbox 192 1988 1477 2071; baseline 0 -21"><span class='ocrx_word' id='word_1_116' title='bbox 192 1988 405 2071; x_wconf 78' lang='lat' dir='ltr'>Apostolica</span> <span class='ocrx_word' id='word_1_117' title='bbox 429 2009 500 2051; x_wconf 94' lang='lat' dir='ltr'>non</span> <span class='ocrx_word' id='word_1_118' title='bbox 525 1991 705 2070; x_wconf 86' lang='lat' dir='ltr'>probaret,</span> <span class='ocrx_word' id='word_1_119' title='bbox 729 1988 902 2069; x_wconf 90' lang='lat' dir='ltr'>postridie</span> <span class='ocrx_word' id='word_1_120' title='bbox 926 1989 1001 2051; x_wconf 91' lang='lat' dir='ltr'>sive</span> <span class='ocrx_word' id='word_1_121' title='bbox 1019 1988 1137 2051; x_wconf 87' lang='lat' dir='ltr'>aliena</span> <span class='ocrx_word' id='word_1_122' title='bbox 1152 1988 1335 2070; x_wconf 82' lang='lat' dir='ltr'>protervia</span> <span class='ocrx_word' id='word_1_123' title='bbox 1355 1991 1477 2052; x_wconf 91' lang='lat' dir='ltr'>seduc-</span> 
     </span>
     <span class='ocr_line' id='line_1_16' title="bbox 192 2095 1477 2178; baseline 0.001 -21"><span class='ocrx_word' id='word_1_124' title='bbox 192 2108 258 2171; x_wconf 82' lang='lat' dir='ltr'>tus,</span> <span class='ocrx_word' id='word_1_125' title='bbox 285 2115 348 2157; x_wconf 90' lang='lat' dir='ltr'>seu</span> <span class='ocrx_word' id='word_1_126' title='bbox 372 2096 529 2178; x_wconf 89' lang='lat' dir='ltr'>maligno</span> <span class='ocrx_word' id='word_1_127' title='bbox 554 2115 617 2157; x_wconf 92' lang='lat' dir='ltr'>suo</span> <span class='ocrx_word' id='word_1_128' title='bbox 642 2095 769 2177; x_wconf 88' lang='lat' dir='ltr'>spiritu</span> <span class='ocrx_word' id='word_1_129' title='bbox 793 2095 969 2159; x_wconf 88' lang='lat' dir='ltr'>sententia</span> <span class='ocrx_word' id='word_1_130' title='bbox 994 2106 1144 2174; x_wconf 89' lang='lat' dir='ltr'>mutata,</span> <span class='ocrx_word' id='word_1_131' title='bbox 1179 2096 1334 2158; x_wconf 90' lang='lat' dir='ltr'>adducto</span> <span class='ocrx_word' id='word_1_132' title='bbox 1359 2117 1477 2158; x_wconf 91' lang='lat' dir='ltr'>secum</span> 
     </span>
     <span class='ocr_line' id='line_1_17' title="bbox 194 2202 1477 2285; baseline 0.001 -21"><span class='ocrx_word' id='word_1_133' title='bbox 194 2203 344 2265; x_wconf 77' lang='lat' dir='ltr'>Notario</span> <span class='ocrx_word' id='word_1_134' title='bbox 376 2203 520 2284; x_wconf 92' lang='lat' dir='ltr'>publico</span> <span class='ocrx_word' id='word_1_135' title='bbox 552 2214 587 2265; x_wconf 88' lang='lat' dir='ltr'>et</span> <span class='ocrx_word' id='word_1_136' title='bbox 614 2223 745 2285; x_wconf 89' lang='lat' dir='ltr'>magna</span> <span class='ocrx_word' id='word_1_137' title='bbox 768 2202 897 2265; x_wconf 91' lang='lat' dir='ltr'>civium</span> <span class='ocrx_word' id='word_1_138' title='bbox 923 2203 1215 2285; x_wconf 89' lang='lat' dir='ltr'>Augustanorum</span> <span class='ocrx_word' id='word_1_139' title='bbox 1239 2213 1385 2266; x_wconf 89' lang='lat' dir='ltr'>caterva</span> <span class='ocrx_word' id='word_1_140' title='bbox 1409 2203 1477 2265; x_wconf 88' lang='lat' dir='ltr'>cin·</span> 
     </span>
     <span class='ocr_line' id='line_1_18' title="bbox 194 2309 1478 2392; baseline -0.002 -19"><span class='ocrx_word' id='word_1_141' title='bbox 194 2320 287 2389; x_wconf 90' lang='lat' dir='ltr'>ctus,</span> <span class='ocrx_word' id='word_1_142' title='bbox 321 2311 380 2392; x_wconf 91' lang='lat' dir='ltr'>qui</span> <span class='ocrx_word' id='word_1_143' title='bbox 412 2311 594 2373; x_wconf 89' lang='lat' dir='ltr'>levitatem</span> <span class='ocrx_word' id='word_1_144' title='bbox 626 2311 727 2373; x_wconf 90' lang='lat' dir='ltr'>simul</span> <span class='ocrx_word' id='word_1_145' title='bbox 760 2319 795 2373; x_wconf 90' lang='lat' dir='ltr'>et</span> <span class='ocrx_word' id='word_1_146' title='bbox 825 2309 1010 2392; x_wconf 87' lang='lat' dir='ltr'>perfidiam</span> <span class='ocrx_word' id='word_1_147' title='bbox 1036 2330 1135 2372; x_wconf 90' lang='lat' dir='ltr'>suam</span> <span class='ocrx_word' id='word_1_148' title='bbox 1167 2329 1297 2392; x_wconf 91' lang='lat' dir='ltr'>magno</span> <span class='ocrx_word' id='word_1_149' title='bbox 1328 2311 1478 2392; x_wconf 87' lang='lat' dir='ltr'>strepitu</span> 
     </span>
     <span class='ocr_line' id='line_1_19' title="bbox 195 2416 1477 2499; baseline -0.001 -20"><span class='ocrx_word' id='word_1_150' title='bbox 195 2418 361 2480; x_wconf 88' lang='lat' dir='ltr'>universo</span> <span class='ocrx_word' id='word_1_151' title='bbox 387 2419 465 2480; x_wconf 92' lang='lat' dir='ltr'>orbi</span> <span class='ocrx_word' id='word_1_152' title='bbox 490 2420 621 2480; x_wconf 87' lang='lat' dir='ltr'>claram</span> <span class='ocrx_word' id='word_1_153' title='bbox 646 2418 792 2498; x_wconf 79' lang='lat' dir='ltr'>taceret,</span> <span class='ocrx_word' id='word_1_154' title='bbox 824 2416 942 2480; x_wconf 87' lang='lat' dir='ltr'>attulit</span> <span class='ocrx_word' id='word_1_155' title='bbox 966 2417 1182 2495; x_wconf 88' lang='lat' dir='ltr'>schedulam,</span> <span class='ocrx_word' id='word_1_156' title='bbox 1211 2436 1281 2497; x_wconf 90' lang='lat' dir='ltr'>qua</span> <span class='ocrx_word' id='word_1_157' title='bbox 1305 2429 1477 2499; x_wconf 88' lang='lat' dir='ltr'>protesta-</span> 
     </span>
     <span class='ocr_line' id='line_1_20' title="bbox 196 2523 1477 2606; baseline -0.001 -20"><span class='ocrx_word' id='word_1_158' title='bbox 196 2528 298 2587; x_wconf 89' lang='lat' dir='ltr'>batur</span> <span class='ocrx_word' id='word_1_159' title='bbox 331 2546 369 2586; x_wconf 92' lang='lat' dir='ltr'>se</span> <span class='ocrx_word' id='word_1_160' title='bbox 402 2545 472 2586; x_wconf 92' lang='lat' dir='ltr'>non</span> <span class='ocrx_word' id='word_1_161' title='bbox 508 2535 602 2587; x_wconf 89' lang='lat' dir='ltr'>stare</span> <span class='ocrx_word' id='word_1_162' title='bbox 634 2525 852 2588; x_wconf 87' lang='lat' dir='ltr'>revocationi</span> <span class='ocrx_word' id='word_1_163' title='bbox 885 2544 969 2588; x_wconf 87' lang='lat' dir='ltr'>suae</span> <span class='ocrx_word' id='word_1_164' title='bbox 1001 2523 1117 2585; x_wconf 90' lang='lat' dir='ltr'>vocali</span> <span class='ocrx_word' id='word_1_165' title='bbox 1143 2524 1206 2585; x_wconf 90' lang='lat' dir='ltr'>sed</span> <span class='ocrx_word' id='word_1_166' title='bbox 1231 2523 1371 2606; x_wconf 89' lang='lat' dir='ltr'>scriptis</span> <span class='ocrx_word' id='word_1_167' title='bbox 1396 2525 1477 2603; x_wconf 90' lang='lat' dir='ltr'>suis,</span> 
     </span>
     <span class='ocr_line' id='line_1_21' title="bbox 198 2631 1477 2714; baseline 0.001 -22"><span class='ocrx_word' id='word_1_168' title='bbox 198 2633 429 2712; x_wconf 90' lang='lat' dir='ltr'>discessitque</span> <span class='ocrx_word' id='word_1_169' title='bbox 461 2632 551 2694; x_wconf 88' lang='lat' dir='ltr'>liber</span> <span class='ocrx_word' id='word_1_170' title='bbox 583 2643 618 2693; x_wconf 90' lang='lat' dir='ltr'>et</span> <span class='ocrx_word' id='word_1_171' title='bbox 648 2632 815 2714; x_wconf 87' lang='lat' dir='ltr'>impunis;</span> <span class='ocrx_word' id='word_1_172' title='bbox 851 2631 933 2713; x_wconf 90' lang='lat' dir='ltr'>quia</span> <span class='ocrx_word' id='word_1_173' title='bbox 964 2634 1029 2694; x_wconf 92' lang='lat' dir='ltr'>sub</span> <span class='ocrx_word' id='word_1_174' title='bbox 1061 2632 1162 2693; x_wconf 91' lang='lat' dir='ltr'>salvo</span> <span class='ocrx_word' id='word_1_175' title='bbox 1194 2634 1371 2695; x_wconf 89' lang='lat' dir='ltr'>conductu</span> <span class='ocrx_word' id='word_1_176' title='bbox 1396 2632 1477 2694; x_wconf 92' lang='lat' dir='ltr'>illuc</span> 
     </span>
     <span class='ocr_line' id='line_1_22' title="bbox 198 2741 412 2802; baseline 0 -2"><span class='ocrx_word' id='word_1_177' title='bbox 198 2741 412 2802; x_wconf 86' lang='lat' dir='ltr'>adcesserat.</span> 
     </span>
    </p>
   </div>
   <div class='ocr_carea' id='block_1_3' title="bbox 528 3191 1147 3399">
    <p class='ocr_par' dir='ltr' id='par_1_3' title="bbox 528 3191 1147 3399">
     <span class='ocr_line' id='line_1_23' title="bbox 807 3191 860 3258; baseline 0.057 -4"><span class='ocrx_word' id='word_1_178' title='bbox 807 3191 860 3258; x_wconf 86' lang='grc'>36.</span> 
     </span>
     <span class='ocr_line' id='line_1_24' title="bbox 528 3317 1147 3399; baseline 0.005 -3"><span class='ocrx_word' id='word_1_179' title='bbox 528 3318 740 3397; x_wconf 78' lang='lat' dir='ltr'>Alcander</span> <span class='ocrx_word' id='word_1_180' title='bbox 768 3317 1147 3399; x_wconf 68' lang='lat' dir='ltr'>vicecancellario.</span> 
     </span>
    </p>
   </div>
   <div class='ocr_carea' id='block_1_4' title="bbox 595 3463 1082 3653">
    <p class='ocr_par' dir='ltr' id='par_1_4' title="bbox 595 3463 1082 3653">
     <span class='ocr_line' id='line_1_25' title="bbox 595 3463 1082 3539; baseline 0.002 -16"><span class='ocrx_word' id='word_1_181' title='bbox 595 3465 762 3529; x_wconf 68' lang='lat' dir='ltr'>(dunolat.</span> <span class='ocrx_word' id='word_1_182' title='bbox 782 3465 933 3524; x_wconf 72' lang='lat' dir='ltr'>German.</span> <span class='ocrx_word' id='word_1_183' title='bbox 952 3463 983 3523; x_wconf 70' lang='lat'>11.</span> <span class='ocrx_word' id='word_1_184' title='bbox 1002 3465 1082 3539; x_wconf 76' lang='lat'><strong>19⁸.)</strong></span> 
     </span>
     <span class='ocr_line' id='line_1_26' title="bbox 643 3583 1040 3653; baseline 0 -19"><span class='ocrx_word' id='word_1_185' title='bbox 643 3587 776 3646; x_wconf 71' lang='lat' dir='ltr'>(Fortasse</span> <span class='ocrx_word' id='word_1_186' title='bbox 799 3598 819 3633; x_wconf 93' lang='lat'>1.</span> <span class='ocrx_word' id='word_1_187' title='bbox 841 3587 930 3635; x_wconf 84' lang='lat' dir='ltr'>Martii</span> <span class='ocrx_word' id='word_1_188' title='bbox 953 3583 1040 3653; x_wconf 81' lang='lat'>1521.)</span> 
     </span>
    </p>
   </div>
   <div class='ocr_carea' id='block_1_5' title="bbox 195 3709 1494 4863">
    <p class='ocr_par' dir='ltr' id='par_1_5' title="bbox 195 3709 1494 4863">
     <span class='ocr_line' id='line_1_27' title="bbox 285 3709 1478 3793; baseline -0.002 -19"><span class='ocrx_word' id='word_1_189' title='bbox 285 3713 409 3775; x_wconf 87' lang='lat' dir='ltr'>Ancor</span> <span class='ocrx_word' id='word_1_190' title='bbox 440 3714 505 3774; x_wconf 90' lang='lat' dir='ltr'>che</span> <span class='ocrx_word' id='word_1_191' title='bbox 536 3711 613 3793; x_wconf 89' lang='lat' dir='ltr'>pari</span> <span class='ocrx_word' id='word_1_192' title='bbox 646 3713 678 3773; x_wconf 91' lang='lat' dir='ltr'>el</span> <span class='ocrx_word' id='word_1_193' title='bbox 707 3709 806 3773; x_wconf 90' lang='lat' dir='ltr'>Cielo</span> <span class='ocrx_word' id='word_1_194' title='bbox 840 3720 876 3773; x_wconf 89' lang='lat' dir='ltr'>et</span> <span class='ocrx_word' id='word_1_195' title='bbox 905 3712 940 3773; x_wconf 89' lang='lat' dir='ltr'>la</span> <span class='ocrx_word' id='word_1_196' title='bbox 974 3719 1069 3772; x_wconf 89' lang='lat' dir='ltr'>terra</span> <span class='ocrx_word' id='word_1_197' title='bbox 1102 3719 1137 3772; x_wconf 90' lang='lat' dir='ltr'>et</span> <span class='ocrx_word' id='word_1_198' title='bbox 1170 3711 1357 3792; x_wconf 90' lang='lat' dir='ltr'>presertim</span> <span class='ocrx_word' id='word_1_199' title='bbox 1388 3720 1478 3773; x_wconf 92' lang='lat' dir='ltr'>tutta</span> 
     </span>
     <span class='ocr_line' id='line_1_28' title="bbox 199 3817 1477 3900; baseline 0 -20"><span class='ocrx_word' id='word_1_200' title='bbox 199 3829 321 3900; x_wconf 87' lang='lat' dir='ltr'>questa</span> <span class='ocrx_word' id='word_1_201' title='bbox 347 3817 540 3882; x_wconf 86' lang='lat' dir='ltr'>Germania</span> <span class='ocrx_word' id='word_1_202' title='bbox 573 3818 606 3880; x_wconf 90' lang='lat' dir='ltr'>in</span> <span class='ocrx_word' id='word_1_203' title='bbox 637 3820 672 3880; x_wconf 83' lang='lat' dir='ltr'>la</span> <span class='ocrx_word' id='word_1_204' title='bbox 703 3838 809 3880; x_wconf 89' lang='lat' dir='ltr'>causa</span> <span class='ocrx_word' id='word_1_205' title='bbox 833 3839 854 3880; x_wconf 90' lang='lat' dir='ltr'>a</span> <span class='ocrx_word' id='word_1_206' title='bbox 878 3839 933 3880; x_wconf 90' lang='lat' dir='ltr'>me</span> <span class='ocrx_word' id='word_1_207' title='bbox 958 3837 1154 3880; x_wconf 87' lang='lat' dir='ltr'>commessa</span> <span class='ocrx_word' id='word_1_208' title='bbox 1179 3837 1276 3880; x_wconf 88' lang='lat' dir='ltr'>esser</span> <span class='ocrx_word' id='word_1_209' title='bbox 1301 3817 1477 3898; x_wconf 90' lang='lat' dir='ltr'>contrarii,</span> 
     </span>
     <span class='ocr_line' id='line_1_29' title="bbox 199 3924 1477 4007; baseline 0 -20"><span class='ocrx_word' id='word_1_210' title='bbox 199 3936 231 3989; x_wconf 88' lang='lat' dir='ltr'>et</span> <span class='ocrx_word' id='word_1_211' title='bbox 255 3929 321 3988; x_wconf 87' lang='lat' dir='ltr'>che</span> <span class='ocrx_word' id='word_1_212' title='bbox 347 3946 412 4007; x_wconf 91' lang='lat' dir='ltr'>per</span> <span class='ocrx_word' id='word_1_213' title='bbox 436 3925 538 3987; x_wconf 86' lang='lat' dir='ltr'>farmi</span> <span class='ocrx_word' id='word_1_214' title='bbox 564 3945 585 3987; x_wconf 94' lang='grc' dir='ltr'>ο</span> <span class='ocrx_word' id='word_1_215' title='bbox 610 3925 737 3988; x_wconf 87' lang='lat' dir='ltr'>retirar</span> <span class='ocrx_word' id='word_1_216' title='bbox 753 3926 849 3988; x_wconf 87' lang='lat' dir='ltr'>dalla</span> <span class='ocrx_word' id='word_1_217' title='bbox 863 3925 1028 4007; x_wconf 89' lang='lat' dir='ltr'>impresa,</span> <span class='ocrx_word' id='word_1_218' title='bbox 1053 3945 1074 3985; x_wconf 93' lang='lat'>0</span> <span class='ocrx_word' id='word_1_219' title='bbox 1092 3924 1477 4007; x_wconf 86' lang='lat' dir='ltr'>almenointepidirmi:</span> 
     </span>
     <span class='ocr_line' id='line_1_30' title="bbox 197 4031 1477 4114; baseline 0 -20"><span class='ocrx_word' id='word_1_220' title='bbox 197 4035 386 4096; x_wconf 87' lang='lat' dir='ltr'>tuttavolta</span> <span class='ocrx_word' id='word_1_221' title='bbox 410 4033 433 4095; x_wconf 90' lang='lat' dir='ltr'>il</span> <span class='ocrx_word' id='word_1_222' title='bbox 460 4032 614 4095; x_wconf 89' lang='lat' dir='ltr'>Diabolo</span> <span class='ocrx_word' id='word_1_223' title='bbox 640 4032 708 4094; x_wconf 90' lang='lat' dir='ltr'>mai</span> <span class='ocrx_word' id='word_1_224' title='bbox 733 4032 818 4094; x_wconf 67' lang='lat' dir='ltr'>hara</span> <span class='ocrx_word' id='word_1_225' title='bbox 842 4041 943 4095; x_wconf 89' lang='lat' dir='ltr'>tanto</span> <span class='ocrx_word' id='word_1_226' title='bbox 967 4041 1104 4114; x_wconf 89' lang='lat' dir='ltr'>potere,</span> <span class='ocrx_word' id='word_1_227' title='bbox 1130 4033 1195 4095; x_wconf 91' lang='lat' dir='ltr'>che</span> <span class='ocrx_word' id='word_1_228' title='bbox 1219 4031 1254 4093; x_wconf 91' lang='lat' dir='ltr'>io</span> <span class='ocrx_word' id='word_1_229' title='bbox 1278 4032 1363 4094; x_wconf 89' lang='lat' dir='ltr'>lassi</span> <span class='ocrx_word' id='word_1_230' title='bbox 1386 4033 1406 4094; x_wconf 94' lang='lat' dir='ltr'>l&#39;</span> <span class='ocrx_word' id='word_1_231' title='bbox 1420 4031 1477 4094; x_wconf 90' lang='lat' dir='ltr'>im·</span> 
     </span>
     <span class='ocr_line' id='line_1_31' title="bbox 195 4137 1478 4221; baseline -0.002 -18"><span class='ocrx_word' id='word_1_232' title='bbox 195 4161 317 4221; x_wconf 88' lang='lat' dir='ltr'>presa,</span> <span class='ocrx_word' id='word_1_233' title='bbox 361 4141 500 4202; x_wconf 91' lang='lat' dir='ltr'>almeno</span> <span class='ocrx_word' id='word_1_234' title='bbox 534 4139 570 4201; x_wconf 88' lang='lat' dir='ltr'>di</span> <span class='ocrx_word' id='word_1_235' title='bbox 602 4148 735 4221; x_wconf 93' lang='lat' dir='ltr'>quanto</span> <span class='ocrx_word' id='word_1_236' title='bbox 772 4140 807 4202; x_wconf 91' lang='lat' dir='ltr'>in</span> <span class='ocrx_word' id='word_1_237' title='bbox 839 4159 893 4201; x_wconf 90' lang='lat' dir='ltr'>me</span> <span class='ocrx_word' id='word_1_238' title='bbox 925 4138 959 4210; x_wconf 78' lang='grc' dir='ltr'>ὲ;</span> <span class='ocrx_word' id='word_1_239' title='bbox 992 4141 1062 4201; x_wconf 90' lang='lat' dir='ltr'>ben</span> <span class='ocrx_word' id='word_1_240' title='bbox 1097 4137 1142 4201; x_wconf 92' lang='lat' dir='ltr'>mi</span> <span class='ocrx_word' id='word_1_241' title='bbox 1174 4139 1255 4201; x_wconf 91' lang='lat' dir='ltr'>dole</span> <span class='ocrx_word' id='word_1_242' title='bbox 1288 4139 1381 4201; x_wconf 90' lang='lat' dir='ltr'>assai</span> <span class='ocrx_word' id='word_1_243' title='bbox 1413 4141 1478 4202; x_wconf 89' lang='lat' dir='ltr'>che</span> 
     </span>
     <span class='ocr_line' id='line_1_32' title="bbox 196 4245 1476 4327; baseline -0.002 -17"><span class='ocrx_word' id='word_1_244' title='bbox 196 4251 319 4311; x_wconf 90' lang='lat' dir='ltr'>alhora</span> <span class='ocrx_word' id='word_1_245' title='bbox 335 4246 423 4309; x_wconf 86' lang='lat' dir='ltr'>forsi</span> <span class='ocrx_word' id='word_1_246' title='bbox 441 4268 478 4309; x_wconf 90' lang='lat' dir='ltr'>se</span> <span class='ocrx_word' id='word_1_247' title='bbox 495 4246 541 4309; x_wconf 91' lang='lat' dir='ltr'>mi</span> <span class='ocrx_word' id='word_1_248' title='bbox 557 4246 776 4308; x_wconf 87' lang='lat' dir='ltr'>mandarano</span> <span class='ocrx_word' id='word_1_249' title='bbox 791 4247 825 4307; x_wconf 90' lang='lat' dir='ltr'>le</span> <span class='ocrx_word' id='word_1_250' title='bbox 850 4265 933 4309; x_wconf 93' lang='lat' dir='ltr'>cose</span> <span class='ocrx_word' id='word_1_251' title='bbox 957 4245 1127 4327; x_wconf 81' lang='lat' dir='ltr'>requisita</span> <span class='ocrx_word' id='word_1_252' title='bbox 1152 4246 1197 4307; x_wconf 87' lang='lat' dir='ltr'>da</span> <span class='ocrx_word' id='word_1_253' title='bbox 1222 4266 1277 4308; x_wconf 90' lang='lat' dir='ltr'>me</span> <span class='ocrx_word' id='word_1_254' title='bbox 1303 4256 1338 4307; x_wconf 90' lang='lat' dir='ltr'>et</span> <span class='ocrx_word' id='word_1_255' title='bbox 1358 4266 1476 4308; x_wconf 91' lang='lat' dir='ltr'>neces·</span> 
     </span>
     <span class='ocr_line' id='line_1_33' title="bbox 195 4352 1478 4435; baseline -0.001 -19"><span class='ocrx_word' id='word_1_256' title='bbox 195 4355 305 4434; x_wconf 85' lang='lat' dir='ltr'>sarie,</span> <span class='ocrx_word' id='word_1_257' title='bbox 337 4355 480 4435; x_wconf 89' lang='lat' dir='ltr'>quando</span> <span class='ocrx_word' id='word_1_258' title='bbox 514 4374 584 4415; x_wconf 91' lang='lat' dir='ltr'>non</span> <span class='ocrx_word' id='word_1_259' title='bbox 616 4353 644 4415; x_wconf 92' lang='lat' dir='ltr'>si</span> <span class='ocrx_word' id='word_1_260' title='bbox 669 4352 773 4434; x_wconf 73' lang='lat' dir='ltr'>potra</span> <span class='ocrx_word' id='word_1_261' title='bbox 797 4352 857 4434; x_wconf 75' lang='lat' dir='ltr'>piu</span> <span class='ocrx_word' id='word_1_262' title='bbox 882 4352 1072 4427; x_wconf 86' lang='lat' dir='ltr'>remediar;</span> <span class='ocrx_word' id='word_1_263' title='bbox 1106 4353 1152 4414; x_wconf 88' lang='lat' dir='ltr'>Et</span> <span class='ocrx_word' id='word_1_264' title='bbox 1176 4362 1273 4415; x_wconf 90' lang='lat' dir='ltr'>certo</span> <span class='ocrx_word' id='word_1_265' title='bbox 1298 4372 1478 4435; x_wconf 88' lang='lat' dir='ltr'>cognosco</span> 
     </span>
     <span class='ocr_line' id='line_1_34' title="bbox 196 4459 1477 4543; baseline -0.004 -19"><span class='ocrx_word' id='word_1_266' title='bbox 196 4465 320 4525; x_wconf 88' lang='lat' dir='ltr'>chela</span> <span class='ocrx_word' id='word_1_267' title='bbox 345 4461 414 4523; x_wconf 91' lang='lat' dir='ltr'>mia</span> <span class='ocrx_word' id='word_1_268' title='bbox 438 4471 568 4543; x_wconf 88' lang='lat' dir='ltr'>troppo</span> <span class='ocrx_word' id='word_1_269' title='bbox 595 4460 797 4542; x_wconf 87' lang='lat' dir='ltr'>diligentia,</span> <span class='ocrx_word' id='word_1_270' title='bbox 829 4469 864 4524; x_wconf 90' lang='lat' dir='ltr'>et</span> <span class='ocrx_word' id='word_1_271' title='bbox 888 4460 1017 4523; x_wconf 87' lang='lat' dir='ltr'>astutia</span> <span class='ocrx_word' id='word_1_272' title='bbox 1041 4462 1106 4523; x_wconf 88' lang='lat' dir='ltr'>che</span> <span class='ocrx_word' id='word_1_273' title='bbox 1130 4459 1165 4521; x_wconf 93' lang='lat' dir='ltr'>io</span> <span class='ocrx_word' id='word_1_274' title='bbox 1189 4459 1266 4522; x_wconf 87' lang='lat' dir='ltr'>usai</span> <span class='ocrx_word' id='word_1_275' title='bbox 1290 4459 1349 4542; x_wconf 91' lang='lat' dir='ltr'>poi</span> <span class='ocrx_word' id='word_1_276' title='bbox 1379 4460 1400 4520; x_wconf 90' lang='lat' dir='ltr'>l’</span> <span class='ocrx_word' id='word_1_277' title='bbox 1419 4479 1477 4542; x_wconf 92' lang='lat' dir='ltr'>ag-</span> 
     </span>
     <span class='ocr_line' id='line_1_35' title="bbox 195 4552 1494 4652; baseline -0.002 -20"><span class='ocrx_word' id='word_1_278' title='bbox 195 4570 350 4652; x_wconf 90' lang='lat' dir='ltr'>giunger</span> <span class='ocrx_word' id='word_1_279' title='bbox 373 4568 443 4632; x_wconf 91' lang='lat' dir='ltr'>mio</span> <span class='ocrx_word' id='word_1_280' title='bbox 467 4568 503 4630; x_wconf 91' lang='lat' dir='ltr'>in</span> <span class='ocrx_word' id='word_1_281' title='bbox 528 4567 701 4648; x_wconf 88' lang='lat' dir='ltr'>Fiandra,</span> <span class='ocrx_word' id='word_1_282' title='bbox 727 4569 790 4630; x_wconf 74' lang='lat' dir='ltr'>che</span> <span class='ocrx_word' id='word_1_283' title='bbox 807 4567 824 4629; x_wconf 88' lang='lat' dir='ltr'>’l</span> <span class='ocrx_word' id='word_1_284' title='bbox 851 4577 947 4630; x_wconf 90' lang='lat' dir='ltr'>terzo</span> <span class='ocrx_word' id='word_1_285' title='bbox 972 4569 1006 4628; x_wconf 86' lang='lat' dir='ltr'>dl</span> <span class='ocrx_word' id='word_1_286' title='bbox 1032 4567 1179 4630; x_wconf 92' lang='lat' dir='ltr'>obtenni</span> <span class='ocrx_word' id='word_1_287' title='bbox 1202 4567 1226 4628; x_wconf 93' lang='lat' dir='ltr'>il</span> <span class='ocrx_word' id='word_1_288' title='bbox 1251 4568 1418 4630; x_wconf 87' lang='lat' dir='ltr'>mandato</span> <span class='ocrx_word' id='word_1_289' title='bbox 1443 4552 1494 4629; x_wconf 39' lang='lat' dir='ltr'>di*</span> 
     </span>
     <span class='ocr_line' id='line_1_36' title="bbox 195 4672 1479 4737; baseline -0.002 0"><span class='ocrx_word' id='word_1_290' title='bbox 195 4675 304 4737; x_wconf 85' lang='lat' dir='ltr'>Cesar</span> <span class='ocrx_word' id='word_1_291' title='bbox 329 4685 365 4737; x_wconf 91' lang='lat' dir='ltr'>et</span> <span class='ocrx_word' id='word_1_292' title='bbox 389 4675 506 4736; x_wconf 88' lang='lat' dir='ltr'>statim</span> <span class='ocrx_word' id='word_1_293' title='bbox 530 4674 609 4737; x_wconf 83' lang='lat' dir='ltr'>fece</span> <span class='ocrx_word' id='word_1_294' title='bbox 634 4674 843 4737; x_wconf 87' lang='lat' dir='ltr'>abbrusciar</span> <span class='ocrx_word' id='word_1_295' title='bbox 865 4674 889 4737; x_wconf 92' lang='lat' dir='ltr'>li</span> <span class='ocrx_word' id='word_1_296' title='bbox 913 4674 994 4737; x_wconf 89' lang='lat' dir='ltr'>libri</span> <span class='ocrx_word' id='word_1_297' title='bbox 1010 4674 1045 4737; x_wconf 91' lang='lat' dir='ltr'>di</span> <span class='ocrx_word' id='word_1_298' title='bbox 1061 4674 1194 4737; x_wconf 88' lang='lat' dir='ltr'>Luther</span> <span class='ocrx_word' id='word_1_299' title='bbox 1209 4675 1254 4737; x_wconf 92' lang='lat' dir='ltr'>ed</span> <span class='ocrx_word' id='word_1_300' title='bbox 1271 4675 1352 4736; x_wconf 88' lang='lat' dir='ltr'>altri</span> <span class='ocrx_word' id='word_1_301' title='bbox 1367 4672 1479 4736; x_wconf 89' lang='lat' dir='ltr'>scritti</span> 
     </span>
     <span class='ocr_line' id='line_1_37' title="bbox 195 4779 1479 4863; baseline -0.002 -20"><span class='ocrx_word' id='word_1_302' title='bbox 195 4780 333 4863; x_wconf 86' lang='lat' dir='ltr'>famosi,</span> <span class='ocrx_word' id='word_1_303' title='bbox 356 4782 403 4844; x_wconf 85' lang='lat' dir='ltr'>ha</span> <span class='ocrx_word' id='word_1_304' title='bbox 420 4781 562 4844; x_wconf 90' lang='lat' dir='ltr'>nociuto</span> <span class='ocrx_word' id='word_1_305' title='bbox 586 4781 678 4843; x_wconf 87' lang='lat' dir='ltr'>assai</span> <span class='ocrx_word' id='word_1_306' title='bbox 703 4802 724 4842; x_wconf 87' lang='lat' dir='ltr'>a</span> <span class='ocrx_word' id='word_1_307' title='bbox 749 4792 874 4862; x_wconf 88' lang='lat' dir='ltr'>questa</span> <span class='ocrx_word' id='word_1_308' title='bbox 898 4802 982 4843; x_wconf 88' lang='lat' dir='ltr'>cosa</span> <span class='ocrx_word' id='word_1_309' title='bbox 1007 4791 1042 4844; x_wconf 90' lang='lat' dir='ltr'>et</span> <span class='ocrx_word' id='word_1_310' title='bbox 1066 4803 1087 4843; x_wconf 87' lang='lat' dir='ltr'>a</span> <span class='ocrx_word' id='word_1_311' title='bbox 1111 4801 1181 4854; x_wconf 90' lang='lat' dir='ltr'>me;</span> <span class='ocrx_word' id='word_1_312' title='bbox 1206 4781 1338 4863; x_wconf 71' lang='lat' dir='ltr'>perche</span> <span class='ocrx_word' id='word_1_313' title='bbox 1362 4781 1386 4842; x_wconf 93' lang='lat' dir='ltr'>li</span> <span class='ocrx_word' id='word_1_314' title='bbox 1411 4779 1479 4843; x_wconf 90' lang='lat' dir='ltr'>mei</span> 
     </span>
    </p>
   </div>
   <div class='ocr_carea' id='block_1_6' title="bbox 223 4887 1319 4947">
    <p class='ocr_par' dir='ltr' id='par_1_6' title="bbox 223 4887 1319 4947">
     <span class='ocr_line' id='line_1_38' title="bbox 223 4887 1319 4947; baseline -0.005 -2"><span class='ocrx_word' id='word_1_315' title='bbox 223 4907 303 4947; x_wconf 76' lang='lat' dir='ltr'>llslan.</span> <span class='ocrx_word' id='word_1_316' title='bbox 316 4907 460 4945; x_wconf 81' lang='lat' dir='ltr'>Documenta</span> <span class='ocrx_word' id='word_1_317' title='bbox 471 4907 607 4945; x_wconf 80' lang='lat' dir='ltr'>Luthenmu.</span> <span class='ocrx_word' id='word_1_318' title='bbox 1304 4887 1319 4940; x_wconf 82' lang='grc'>7</span> 
     </span>
    </p>
   </div>
   <div class='ocr_carea' id='block_1_7' title="bbox 0 0 1680 5580">
    <p class='ocr_par' dir='ltr' id='par_1_7' title="bbox 0 0 1680 5580">
     <span class='ocr_line' id='line_1_39' title="bbox 0 0 1680 5580; baseline 0 0"><span class='ocrx_word' id='word_1_319' title='bbox 0 0 1680 5580; x_wconf 95' lang='lat' dir='ltr'> </span> 
     </span>
    </p>
   </div>
  </div>
 </body>
</html>
