3330 5580
704 477 717 491 ¹>
806 452 853 511 lilii
892 461 909 511 :i
935 482 949 497 υ

189 603 324 667 <lesima
349 601 505 667 trarlotta
535 603 567 665 in
595 604 763 685 Alman0,
804 615 838 665 et
876 607 910 667 fu
937 609 1022 667 letta
1055 605 1089 668 in
1116 627 1178 668 sua
1204 605 1387 689 presentia
1413 607 1475 671 alli

187 711 336 775 Elettori
371 724 406 774 et
431 710 600 793 Principi,
625 722 791 793 presente
817 713 840 773 il
865 711 1021 790 Saxone,
1048 715 1140 774 dove
1165 715 1262 776 molti
1289 736 1475 778 remasero

188 821 245 897 piu
273 819 394 900 pallidi
422 821 487 880 che
512 840 549 880 se
574 818 711 879 iussero
737 819 819 880 stati
853 820 966 884 morti.
1015 819 1186 883 lacausa
1199 825 1268 884 ben
1287 824 1322 885 la
1338 823 1475 886 verlera

191 929 320 988 Vostra
345 925 512 1007 &ignoria
538 926 853 988 Reverenrlissima
878 928 972 988 dalla
998 928 1184 990 Sententia
1215 930 1411 992 medesima
1438 931 1474 991 di

189 1018 307 1111 (fesor,
332 1037 366 1095 la
392 1035 473 1113 qual
499 1033 546 1094 lui
572 1035 700 1094 manda
726 1036 758 1094 al
784 1055 847 1094 suo
872 1033 1012 1104 Orator,
1038 1056 1137 1098 come
1163 1036 1182 1097 ὲ
1207 1036 1229 1098 il
1255 1037 1379 1099 debito
1405 1040 1474 1099 che

188 1142 237 1202 lui
273 1141 437 1202 {innuncii
475 1151 600 1220 questa
635 1144 754 1201 buona
791 1161 882 1202 nova
919 1143 950 1201 al
977 1142 1207 1204 Sanctissimo
1237 1152 1272 1205 et
1298 1147 1331 1205 al
1358 1144 1474 1206 Sacro

190 1247 370 1327 Collegit),
396 1257 431 1307 et
454 1247 562 1308 i'arasi
587 1247 768 1327 imprimer
793 1249 824 1308 in
853 1248 989 1327 Latin0,
1015 1248 1177 1327 Italiano,
1202 1249 1366 1327 Alman0,
1394 1251 1473 1312 llis·

188 1377 293 1435 pano‚
319 1356 505 1421 Franzese.
530 1355 745 1434 Fiamengn,
774 1376 838 1436 per
868 1358 1017 1417 mandor
1041 1377 1105 1437 per
1129 1365 1220 1417 tutta
1245 1358 1278 1417 la
1303 1358 1460 1419 Christia

189 1463 271 1542 nitu,
297 1463 395 1524 accio
421 1465 486 1525 che
512 1463 539 1524 si
565 1464 656 1524 veda
682 1466 712 1524 el
738 1485 915 1544 generoso
941 1475 976 1526 et
1001 1465 1266 1545 religiosissimo
1291 1465 1409 1527 animo
1437 1466 1472 1526 di

189 1568 261 1632 Sua
285 1569 433 1648 Maesta,
460 1570 494 1631 in
521 1582 646 1651 questa
671 1592 754 1632 cosa
779 1581 877 1632 tanto
902 1571 1112 1652 periculosa,
1138 1587 1173 1633 et
1198 1572 1387 1652 presertim
1410 1574 1467 1634 ha·

189 1679 305 1739 vendo
331 1679 548 1739 demostrato
574 1689 699 1757 questo
725 1699 787 1739 suo
814 1681 913 1740 voler
937 1680 982 1740 ad
1008 1699 1053 1740 un
1079 1689 1216 1759 temp0,
1251 1693 1285 1741 et
1315 1690 1408 1741 stato
1435 1680 1471 1741 di

190 1806 283 1863 cose,
309 1786 365 1847 nel
391 1786 472 1865 qual
498 1784 653 1865 ogniuno
679 1785 737 1865 qui
762 1785 927 1846 indicare
958 1788 1024 1846 che
1049 1785 1121 1846 Sua
1145 1785 1285 1847 Maesta
1319 1788 1471 1847 devesse

189 1893 324 1953 andare
349 1891 407 1972 piu
433 1893 684 1953 blandamente
709 1914 730 1953 a
754 1892 868 1973 questi
891 1893 1043 1973 l’rincipi
1070 1913 1135 1972 per
1158 1893 1294 1954 haverli
1319 1915 1340 1954 a
1364 1895 1471 1954 modo

188 2020 251 2060 suo
276 2000 368 2060 nelle
393 2020 454 2060 sue
479 1999 650 2079 imprese:
676 1999 736 2060 Ma
760 1999 891 2060 Nostro
918 1997 1050 2079 Signor
1082 1999 1150 2060 oio
1185 2000 1230 2059 ha
1262 2010 1470 2061 mantenuto

188 2126 328 2185 sempre
353 2115 538 2166 constante
564 2106 597 2165 la
621 2107 740 2165 bunna
764 2116 880 2167 mente
906 2106 940 2166 di
967 2116 1092 2186 questo
1110 2105 1410 2167 christianissimo
1435 2116 1470 2167 et

188 2233 273 2273 vere
299 2212 473 2273 catholico
500 2211 677 2292 Principe,
703 2215 733 2274 el
760 2215 852 2293 qual,
878 2234 977 2274 come
994 2233 1135 2293 semprc
1160 2213 1189 2273 ci
1216 2215 1261 2274 ha
1285 2233 1469 2293 promesso

188 2321 253 2380 che
281 2319 430 2380 farobbe
456 2340 540 2381 cosa
565 2320 682 2399 (legno
707 2321 751 2381 de
770 2340 818 2398 se,
843 2328 946 2399 grata
963 2320 1078 2398 allio,
1104 2330 1139 2380 et
1155 2320 1285 2381 Nostro
1304 2318 1469 2398 Sig‘nora

189 2426 262 2487 cosi
289 2447 420 2487 ancora
444 2427 525 2487 halo
544 2425 643 2504 fatto,
670 2436 705 2487 et
722 2427 766 2487 de
783 2436 877 2487 sorte
893 2428 958 2487 che
976 2425 1035 2488 noi
1052 2425 1233 2486 merlesimi
1260 2447 1297 2487 se
1312 2426 1470 2488 fussemo

190 2532 385 2595 contentati
411 2534 455 2595 de
480 2534 647 2612 alquanto
673 2554 787 2594 menn.
827 2533 871 2593 Et
896 2535 927 2592 (li
956 2535 1073 2612 quello
1099 2534 1163 2593 che
1188 2534 1234 2594 ha
1258 2533 1349 2594 fatto
1374 2535 1469 2613 qual·

189 2643 254 2702 che
279 2639 459 2717 dilatione,
486 2650 520 2700 et
537 2640 633 2701 della
650 2650 781 2700 venuta
799 2639 833 2700 di
848 2639 990 2716 lluther,
1016 2638 1089 2699 Sua
1102 2638 1241 2701 Maesta
1257 2639 1288 2701 ci
1310 2643 1355 2701 ha
1371 2643 1469 2703 detto

191 2747 337 2808 haverlo
369 2746 458 2806 fatto
483 2766 547 2826 per
572 2746 593 2807 il
621 2745 765 2824 mugile,
791 2747 909 2823 accio,
936 2748 1001 2807 che
1026 2758 1152 2826 questo
1176 2749 1309 2827 populo
1334 2768 1405 2809 non
1432 2769 1470 2808 se

191 2855 401 2914 lamentasse
427 2855 491 2913 che
516 2852 671 2914 Martino
697 2874 766 2914 non
793 2854 888 2914 fusse
914 2865 1005 2914 stato
1030 2853 1147 2930 ndito,
1177 2856 1378 2931 causando,
1404 2856 1469 2916 che

189 2981 227 3021 se
259 2959 283 3021 li
312 2960 414 3021 facea
445 2959 570 3021 iniuria
603 2961 648 3020 acl
682 2981 751 3021 non
777 2960 940 3021 intender
963 2960 1077 3040 primo
1103 2963 1152 3021 sel
1179 2961 1283 3021 volea
1308 2981 1469 3025 revocat.

188 3067 232 3127 Et
255 3065 288 3127 in
315 3086 411 3144 vero,
437 3077 551 3128 stante
577 3070 609 3128 le
634 3088 715 3129 cose
741 3088 761 3128 a
787 3077 911 3147 questo
929 3068 1045 3144 modo,
1071 3069 1178 3128 molto
1195 3066 1298 3129 melio
1323 3067 1341 3128 ἑ·
1364 3078 1470 3145 statu,

189 3175 255 3235 che
291 3173 331 3234 sii
370 3172 443 3235 cosi
479 3176 670 3252 accaduto,
707 3176 773 3235 cha
809 3177 874 3236 che
900 3175 1179 3254 simplicemente
1204 3174 1228 3235 li
1252 3175 1409 3236 mandati
1436 3177 1470 3237 di

189 3281 318 3343 Cesare
342 3280 480 3342 fussero
518 3282 709 3362 publicati:
747 3293 781 3343 et
806 3303 915 3343 ancor
950 3284 1014 3343 che
1041 3281 1074 3343 in
1101 3290 1225 3361 questa
1249 3281 1384 3344 dimora
1410 3284 1469 3345 noi

189 3387 379 3449 habbiamo
404 3390 536 3449 havuto
562 3389 708 3450 terribili
736 3389 873 3463 assalti,
900 3389 1029 3451 affanni
1060 3398 1095 3449 et
1127 3389 1285 3469 periculi,
1315 3389 1375 3468 piu
1403 3392 1469 3450 che

189 3494 304 3555 alcuni
330 3516 399 3556 non
426 3515 601 3575 pensano,
627 3498 817 3556 tuttavolta
842 3495 1107 3556 comminciamo
1132 3495 1228 3575 aprir
1253 3498 1284 3556 el
1310 3505 1409 3575 petto
1435 3509 1470 3559 et

188 3602 404 3663 contentarsi
440 3604 483 3663 (le
509 3603 589 3664 tutti
614 3603 636 3664 li
663 3603 744 3664 mali
776 3603 876 3683 patiti
910 3604 1107 3682 repetendo
1132 3622 1275 3682 spesso,
1312 3614 1346 3663 et
1379 3604 1469 3664 haec

189 3708 270 3769 olim
296 3709 494 3771 meminisse
515 3709 662 3790 juvabit.

806 4093 840 4156 71

421 4207 615 4288 Consilium
646 4231 668 4289 a
695 4208 920 4309 primipilus
948 4209 1069 4289 Garolu
1099 4211 1233 4290 (latum.

636 4340 719 4405 (Acta
736 4338 872 4396 Wormac.
890 4338 935 4396 fol.
954 4339 1020 4408 125.)

685 4444 736 4502 (20.
758 4441 860 4504 Aprilis
884 4439 972 4506 1521.)

279 4562 525 4627 sacratissime
549 4585 589 4626 ac
614 4564 842 4625 invictissime
859 4565 998 4627 Caesar.
1041 4565 1109 4627 Les
1131 4569 1305 4629 electeu‘rs
1326 4567 1469 4648 princes

189 4682 224 4733 et
257 4683 351 4734 estas
376 4673 420 4733 du
447 4671 570 4733 sainct
602 4671 735 4753 empire
760 4693 824 4732 vos
848 4674 1011 4734 humbles
1034 4673 1189 4734 subiecta
1222 4685 1283 4734 ont
1314 4676 1469 4737 entendu

190 4782 223 4841 le
255 4789 407 4860 concept
441 4781 484 4840 cle
519 4790 638 4840 vostre
667 4780 817 4840 Maieste
850 4782 965 4859 lequel
999 4781 1073 4840 leur
1105 4800 1188 4840 ares
1223 4782 1470 4864 conmunique
