3330 5580
715 464 961 522 ὑ<3324ἱ>0

198 629 290 693 quae
320 619 487 692 nostrum,
513 621 548 675 et
572 612 804 694 Apostolicae
829 608 934 675 Sedis
956 613 1138 688 honorem,
1162 617 1272 692 atque
1290 608 1480 673 Ecclesias-

197 719 303 781 ticam
328 719 546 800 libertatem,
570 719 751 802 ipsiusque
775 719 1001 783 Lutheranae
1031 716 1191 781 haeresis
1226 716 1481 781 extinctionem

197 834 424 906 concernunt,
449 824 568 888 utilior
591 826 680 907 istic,
705 847 809 908 quam
833 827 890 890 hic
915 844 993 890 esse
1018 824 1163 907 poteris
1208 822 1390 905 Quocirca
1404 824 1481 907 hac,

198 941 233 995 et
264 932 342 996 aliis
369 932 640 996 rationabilibus
663 933 778 996 causis
818 954 883 997 nos
913 934 960 996 ad
990 932 1027 995 id
1051 931 1297 1011 moventibus,
1327 929 1482 1005 inducti;

196 1050 293 1102 motu
309 1039 468 1120 proprio,
484 1049 520 1102 et
536 1059 582 1101 ex
599 1049 696 1102 certa
713 1050 834 1102 nostra
846 1038 1005 1120 scientia,
1023 1038 1138 1102 eidem
1162 1036 1482 1119 Circumspectioni

195 1158 289 1226 tuae,
313 1156 352 1210 ut
376 1166 479 1228 nunc,
505 1156 541 1209 et
564 1147 745 1228 deinceps,
770 1148 889 1228 quoad
912 1145 1057 1224 vixeris,
1081 1145 1117 1209 in
1142 1145 1247 1207 dictis
1264 1143 1482 1209 Germaniae

196 1253 375 1336 partibus,
405 1262 441 1317 et
465 1252 552 1316 alias
576 1253 788 1334 ubicumque
812 1253 876 1316 tibi
901 1253 1099 1336 expediens
1122 1251 1322 1333 videbitur,
1347 1263 1385 1314 et
1409 1254 1481 1334 pla·

197 1359 320 1439 cuerit,
344 1359 521 1422 licentiam
547 1358 711 1423 manendi
722 1407 732 1441 ,
756 1379 797 1423 ac
820 1371 859 1423 ut
883 1361 929 1423 ad
950 1359 1044 1442 Nos,
1066 1367 1101 1421 et
1125 1357 1255 1421 dictam
1276 1358 1483 1423 Romanam

196 1465 355 1548 Curiam,
380 1467 493 1531 donec
523 1467 618 1530 aliud
641 1467 706 1529 tibi
730 1466 1034 1547 mandaverimus,
1068 1465 1176 1530 etiam
1200 1464 1298 1530 Sede
1323 1467 1481 1549 Aposto-

195 1575 264 1638 lica
286 1586 456 1654 vacante,
481 1576 670 1656 accedere,
695 1583 731 1637 et
755 1573 790 1636 in
816 1594 859 1637 ea
882 1574 1040 1638 residere
1063 1594 1287 1656 nequaquam
1312 1573 1481 1652 tenearis,

195 1701 261 1744 nec
286 1683 330 1744 ad
354 1681 391 1744 id
418 1703 437 1743 a
461 1700 638 1763 quoquam
663 1680 759 1763 cogi,
791 1691 851 1743 aut
884 1681 1048 1763 compelli
1073 1682 1326 1764 quoquomodo
1350 1682 1481 1765 possis,

195 1789 420 1852 Auctoritate
445 1789 655 1870 Apostolica
676 1784 803 1851 ¹tenore
827 1788 1068 1870 praesentium
1092 1788 1321 1851 concedimus
1329 1837 1338 1868 ,
1363 1797 1403 1852 et
1432 1787 1480 1851 in·

195 1895 391 1976 dulgemus.
420 1895 461 1957 In
479 1894 693 1958 contrarium
705 1893 918 1977 facientibus
931 1914 1000 1958 non
1014 1894 1238 1958 obstantibus
1255 1895 1480 1977 quibuscum·

195 2021 274 2082 que.
320 2002 402 2067 Dat.
428 2002 570 2065 Romae
594 2001 662 2064 Die
687 2000 801 2062 XXV
827 2000 1011 2064 Februarii
1041 2023 1133 2081 ¹5²4·
1180 2002 1289 2065 Anno
1313 2002 1443 2085 primo,

285 2124 613 2208 Quadruplieatum.

729 2304 934 2316 mmwwvw

797 2537 811 2599 1
864 2583 872 2597 .

469 2651 630 2767 Clemens
657 2651 736 2735 VII.
764 2535 912 2732 sriimo
940 2652 1198 2734 Rotterodumo.

530 2800 627 2873 (thll,
645 2799 753 2859 marni
772 2800 826 2859 eto.
844 2798 994 2873 Epistulae.
1010 2798 1056 2858 iol
1075 2800 1140 2874 251.)

699 2908 735 2979 (3·
754 2911 858 2976 Aprilis
880 2907 966 2978 1524·l

281 3055 337 3118 Ex
361 3053 487 3119 litteris
511 3054 579 3117 tuis
604 3063 639 3117 et
664 3075 709 3117 ex
733 3074 776 3118 eo
800 3052 892 3116 libro
916 3073 1020 3134 quem
1049 3054 1094 3116 ad
1126 3074 1191 3117 nos
1219 3054 1254 3117 in
1280 3055 1476 3138 Apostolo-

193 3183 269 3226 rum
299 3163 393 3226 Acta
417 3161 654 3243 conscriptum
683 3159 826 3241 misisti,
857 3158 963 3222 facile
991 3159 1237 3241 perspeximus
1264 3171 1362 3227 tuam
1386 3184 1477 3250 erga

194 3290 259 3333 nos
283 3269 546 3333 observantiam
564 3269 787 3332 coniunctam
802 3268 880 3350 pari
896 3268 1159 3348 benevolentia,
1184 3290 1356 3353 spemque
1376 3293 1476 3358 mag-

193 3397 273 3439 nam
298 3376 488 3459 caepimus
513 3377 564 3439 Te
589 3397 692 3457 quem
710 3377 808 3439 Deus
833 3377 1056 3458 omnipotens
1081 3376 1263 3440 doctrinae
1288 3398 1475 3445 ornamen-

192 3483 237 3546 tis
271 3483 446 3564 insignem
482 3503 561 3546 esse
595 3483 787 3563 voluisset,
829 3501 895 3563 pro
933 3481 1091 3545 eiusdem
1127 3483 1197 3546 Dei
1232 3504 1339 3548 causa
1373 3507 1476 3552 arma

192 3599 426 3672 sumpturum,
460 3611 551 3671 quae
576 3599 695 3653 essent
718 3605 779 3652 tuo
804 3597 903 3651 tanto
927 3588 1073 3670 ingenio
1098 3600 1134 3652 et
1158 3591 1191 3653 ei
1215 3591 1341 3672 pietati
1366 3613 1475 3676 quam

191 3695 381 3778 profiteris,
406 3706 656 3760 consentanea.
703 3693 763 3758 Sic
779 3695 872 3758 enim
889 3694 993 3758 etiam
1011 3696 1056 3759 ad
1081 3716 1146 3760 nos
1171 3697 1288 3761 multis
1312 3719 1359 3763 ex
1384 3701 1475 3765 locis

191 3802 408 3866 afferebatur
431 3802 495 3866 tibi
525 3803 576 3866 ita
606 3822 716 3884 agere
748 3801 783 3864 in
816 3802 933 3865 animo
966 3822 1061 3876 esse;
1092 3803 1234 3886 iamque
1265 3817 1473 3890 susceptum

190 3912 248 3973 vel
272 3910 390 3991 potius
414 3909 609 3972 institutum
634 3910 813 3992 quoddam
837 3929 927 3991 opus
952 3930 1021 3992 quo
1046 3913 1233 3975 multorum
1258 3934 1371 3996 prave
1395 3936 1473 3981 sen-

190 4016 349 4080 tientium
368 4016 546 4080 erroribus
562 4014 822 4098 patefaciendis
838 4024 921 4079 tuae
937 4016 1107 4081 scientiae
1128 4021 1245 4083 lumen
1269 4023 1472 4088 accederet

190 4122 294 4205 Quod
328 4123 430 4186 nobis
462 4122 527 4185 fuit
555 4123 678 4185 auditu
710 4121 1017 4196 iucundissimum;
1050 4124 1170 4208 magni
1204 4126 1296 4189 enim
1328 4148 1473 4213 semper

189 4229 336 4293 fecimus
371 4230 507 4292 litteras
538 4239 574 4293 et
607 4228 805 4292 doctrinam
836 4237 950 4304 tuam;
985 4229 1092 4313 inque
1124 4233 1190 4296 hac
1225 4235 1404 4298 sententia
1436 4247 1473 4300 et

191 4346 311 4399 nostro
336 4346 487 4418 paterno
511 4335 628 4399 animo
654 4354 742 4416 erga
771 4345 822 4415 te,
854 4335 930 4399 sive
957 4336 994 4399 in
1023 4338 1116 4401 hanc
1140 4342 1264 4403 urbem
1288 4349 1324 4404 te
1348 4354 1470 4407 contu·

188 4441 282 4523 leris,
307 4441 383 4506 sive
406 4442 607 4506 constiteris
622 4441 708 4505 alibi
729 4440 876 4525 uspiam,
901 4443 1112 4528 ubicumque
1136 4456 1235 4512 certe
1258 4448 1380 4531 fueris,
1404 4471 1471 4516 nos

187 4548 368 4631 intelliges
391 4569 535 4613 manere
560 4557 773 4618 constantes.
820 4549 944 4632 Itaque
969 4560 1005 4615 et
1029 4555 1124 4635 quod
1148 4557 1194 4618 ad
1225 4565 1262 4619 te
1293 4559 1470 4624 obtrecta-

187 4655 342 4719 tionibus
359 4656 580 4720 liberandum
591 4656 728 4737 attinet,
746 4656 1021 4738 interposuimus
1037 4666 1282 4727 auctoritatem
1300 4675 1469 4750 nostram,

187 4770 224 4826 et
259 4762 424 4845 quoniam
457 4784 529 4827 non
562 4772 616 4827 est
651 4762 762 4825 nostri
791 4782 907 4845 neque
936 4765 1056 4831 iudicii
1086 4789 1202 4852 neque
1234 4772 1341 4835 animi
1370 4784 1469 4841 tuam
