3330 5580
704 475 762 528 (ΗΒ
803 478 854 530 142
893 475 950 529 ΕῊ)

189 621 250 681 :he
269 620 443 681 stantibus
457 622 574 700 rebus,
591 630 629 682 ut
642 621 809 702 scripturn
828 631 892 700 est,
909 622 1144 684 l'adversario
1161 624 1314 684 havesse
1327 621 1476 703 miglior

187 748 312 806 causa,
348 736 466 789 tamen
501 728 557 790 chi
590 731 649 810 pol
684 740 834 792 mostrar
864 729 1012 812 ragione
1036 752 1057 792 a
1091 738 1279 811 questoro,
1315 729 1340 791 li
1375 729 1474 811 quali

187 834 215 895 si
240 856 279 896 se
312 838 571 917 gobernassero
604 857 669 918 per
693 837 841 917 ragione
866 858 936 900 non
970 837 1167 899 farebbeno
1200 838 1235 900 lo
1259 839 1326 900 che
1360 836 1473 899 fanno

187 941 222 1002 in
258 963 366 1005 causa
396 942 565 1004 Martini?
620 944 696 1021 Ma:
737 955 835 1007 certo
876 966 940 1027 per
976 953 1102 1025 questa
1137 943 1399 1026 gratificatione
1436 952 1472 1007 et

188 1050 281 1111 dono
314 1049 347 1111 di
379 1049 511 1112 Nostro
544 1048 713 1132 signore,
752 1073 840 1115 sono
878 1051 1000 1114 evitati
1031 1051 1161 1130 grandi
1192 1051 1368 1131 scandali,
1403 1052 1471 1113 che

188 1178 296 1218 erano
321 1178 385 1238 per
403 1157 536 1237 venire,
563 1179 631 1220 non
653 1162 766 1221 solum
791 1161 861 1221 alla
881 1179 965 1221 cosa
983 1158 1186 1221 universale
1209 1159 1276 1221 che
1290 1165 1470 1238 trattamo,

188 1265 281 1326 nella
306 1267 387 1345 qual
414 1264 631 1328 Armestorff
661 1286 726 1347 per
749 1266 844 1328 mille
869 1265 948 1346 capi
973 1265 1003 1327 ci
1028 1275 1113 1347 pote
1137 1264 1294 1344 adiutar‚
1330 1285 1389 1326 ma
1412 1284 1469 1326 an·

188 1392 272 1433 cora
296 1372 609 1451 particularmente
634 1383 757 1435 contra
781 1373 894 1451 Abel,
919 1375 985 1435 che
1010 1371 1229 1435 Armestorff
1249 1373 1366 1434 havea
1389 1391 1469 1434 con-

188 1479 285 1540 cluso
311 1499 376 1541 con
394 1479 528 1540 Hutten
554 1481 692 1561 grande
717 1501 780 1542 suo
805 1479 918 1542 amico
944 1490 978 1542 et
1002 1490 1151 1561 parente
1176 1479 1212 1541 di
1237 1477 1369 1560 pigliar
1385 1477 1469 1560 ogni

188 1606 280 1647 anno
305 1585 329 1647 li
353 1584 451 1647 frutti
477 1586 521 1648 de
546 1587 627 1648 tutti
652 1585 676 1648 li
700 1586 864 1649 beneficii
890 1588 933 1649 de
957 1587 1051 1648 Abel
1086 1596 1121 1649 et
1144 1585 1305 1648 brusciar
1329 1587 1363 1649 le
1388 1606 1470 1647 case

189 1704 224 1754 et
254 1691 409 1773 pigliarli
435 1693 610 1774 censuali,
647 1704 682 1756 et
706 1694 800 1756 mille
834 1695 923 1755 altre
949 1694 1137 1774 enormiti,
1174 1695 1206 1756 le
1241 1692 1337 1775 quali
1361 1713 1472 1755 ancor

188 1801 254 1862 che
288 1821 358 1862 non
394 1803 501 1863 credo
534 1801 569 1863 in
595 1810 704 1881 tutto,
739 1822 806 1882 pur
840 1802 874 1862 di
899 1822 963 1863 sua
996 1804 1108 1863 bocca
1141 1822 1197 1864 me
1221 1803 1256 1864 lo
1288 1802 1335 1862 ha
1360 1802 1471 1880 detto,

189 1907 437 1987 subiungendo
462 1909 527 1971 che
552 1910 585 1970 al
611 1918 778 1989 presente
803 1917 929 1989 questo
954 1910 972 1971 ὸ
997 1909 1102 1971 facile
1127 1930 1148 1971 a
1171 1908 1245 1983 far,
1279 1908 1410 1990 perche
1437 1907 1472 1969 la

190 2015 381 2077 Germania
405 2018 493 2078 hora
517 2016 585 2077 mai
611 2036 681 2078 non
702 2024 794 2078 teme
816 2016 876 2097 pili
895 2015 1247 2078 excommunicationi
1269 2036 1289 2076 o
1306 2034 1471 2077 censure:

188 2123 233 2185 ili
269 2145 348 2186 esso
375 2123 590 2185 Armestorff
620 2144 689 2186 non
723 2123 768 2186 mi
793 2144 901 2204 posso
935 2126 1131 2206 persuader
1163 2133 1264 2186 tanto
1288 2125 1381 2184 male
1405 2142 1474 2203 per

189 2252 308 2293 essere
332 2231 379 2292 lui
405 2234 511 2293 homo
536 2231 782 2312 ragionevole‚
807 2252 916 2293 ancor
940 2233 1005 2293 che
1029 2230 1176 2293 cervicis
1200 2232 1327 2311 durae,
1353 2250 1409 2292 ma
1435 2228 1473 2290 di

189 2339 307 2419 quello
333 2338 441 2419 impio
466 2337 604 2399 ribaldo
630 2338 664 2399 di
680 2338 814 2401 Hutten
840 2359 884 2400 ne
908 2339 1015 2399 credo
1039 2340 1148 2400 molto
1164 2336 1310 2419 peggi0,
1335 2337 1367 2398 el
1386 2338 1474 2417 qual

188 2449 235 2506 lia
268 2445 390 2506 scritto
425 2447 459 2506 al
483 2444 800 2507 Reverendissimo
826 2444 1013 2506 Cardinale
1038 2443 1249 2525 llioguntino
1284 2446 1349 2506 che
1382 2466 1420 2506 se
1447 2442 1474 2505 li

189 2551 417 2613 abbrusciarai
442 2551 519 2613 suoi
543 2552 634 2629 libri,
660 2552 708 2613 lui
732 2552 886 2614 vicissim
911 2552 934 2611 li
959 2550 1190 2613 abbruseiara
1214 2550 1238 2612 li
1259 2548 1408 2630 castelli,
1435 2562 1474 2612 et

189 2659 290 2730 ville;
317 2661 379 2721 sed
405 2660 450 2721 de
474 2661 539 2721 hac
565 2680 603 2722 re
627 2662 707 2741 plus
731 2659 827 2722 satis,

278 2766 410 2828 Vostra
436 2764 602 2848 Signoria
626 2766 944 2830 Reverendissima
978 2767 1023 2829 mi
1057 2766 1265 2829 commanda
1299 2766 1364 2826 che
1396 2784 1472 2827 non

189 2873 290 2954 piglii
325 2877 396 2935 cosi
422 2873 507 2955 ogni
540 2885 642 2955 gutta
677 2875 712 2937 in
736 2875 885 2937 mandar
919 2884 1043 2955 queste
1077 2873 1237 2955 querele;
1274 2870 1475 2953 regratiola

188 2980 281 3043 assai
306 2981 364 3042 del
390 3001 453 3043 suo
478 2981 728 3044 humanissimo
760 2990 939 3063 precetto‚
976 3002 1032 3043 ma
1056 2981 1145 3062 sapii
1171 2980 1289 3061 quella
1314 2980 1378 3041 che
1403 2999 1475 3060 per

188 3088 222 3148 la
245 3087 473 3168 importantia
499 3090 593 3150 della
617 3109 723 3151 causa
748 3099 869 3151 nostra
894 3109 957 3150 son
983 3097 1179 3150 constretto
1204 3109 1225 3149 a
1241 3085 1344 3168 farlo,
1368 3106 1473 3150 come

189 3196 222 3256 el
245 3194 377 3275 Signor
393 3195 592 3275 Carazzolo,
617 3206 652 3258 et
677 3217 810 3258 messer
834 3196 1023 3276 Raphaele
1048 3197 1083 3257 lo
1108 3215 1263 3276 possono
1288 3192 1472 3275 testificer,

189 3323 265 3363 cum
300 3302 332 3363 el
358 3302 505 3364 consilio
531 3303 585 3364 de'
611 3302 705 3384 quali
730 3323 795 3384 per
821 3301 994 3365 necessita
1023 3303 1117 3363 della
1142 3322 1225 3363 cosa
1248 3303 1332 3364 holo
1356 3300 1471 3373 fatt0;

189 3410 253 3470 che
286 3429 325 3471 se
349 3409 481 3471 Vostra
505 3409 673 3491 Signoria
696 3409 1013 3472 Reverendissima
1037 3410 1187 3471 vedesse
1218 3410 1251 3470 la
1275 3407 1473 3469 centesima

189 3526 290 3598 parte
325 3518 419 3579 della
452 3517 690 3580 concitatione
724 3518 759 3579 di
784 3517 975 3581 Germania
1008 3517 1112 3579 aliter
1144 3514 1299 3578 sentiret.
1347 3514 1386 3575 Io
1420 3515 1471 3576 ho

189 3625 274 3686 letto
309 3625 400 3687 assai
433 3628 525 3688 bene
559 3627 591 3687 le
615 3626 762 3687 historie
795 3625 829 3687 di
854 3634 980 3706 questa
1005 3624 1156 3686 Natione
1192 3633 1226 3685 et
1258 3621 1396 3684 heresie
1432 3633 1472 3683 et

190 3731 342 3810 concilii,
369 3743 403 3794 et
428 3731 624 3805 schismati;
650 3733 719 3795 mai
743 3733 780 3794 fu
805 3733 895 3795 simil
920 3753 1013 3794 cosa.
1061 3731 1102 3792 El
1127 3730 1288 3792 Schisma
1312 3728 1347 3790 di
1372 3729 1468 3790 Hen-

189 3838 261 3900 rico
287 3849 410 3901 contra
426 3840 526 3922 Papa
543 3840 720 3922 Gregorio
736 3839 896 3922 Septimo
922 3841 986 3901 che
1012 3836 1220 3900 commincio
1245 3837 1304 3917 qui
1328 3836 1362 3898 in
1379 3836 1469 3898 Vor-

189 3947 296 4008 matia
321 3957 433 4009 matre
458 3949 550 4010 delle
576 3948 752 4011 discordie
776 3948 963 4028 presertim
988 3956 1111 4008 contra
1136 3946 1286 4023 clerum,
1310 3942 1348 4004 fu
1372 3942 1470 4005 viole

190 4064 225 4117 et
248 4075 348 4128 rose;
373 4054 504 4136 perche
530 4055 629 4135 quasi
655 4064 745 4117 tutta
768 4056 803 4116 la
818 4053 1009 4116 Germania
1034 4063 1069 4114 et
1094 4053 1117 4114 il
1140 4050 1213 4113 filio
1239 4050 1273 4112 di
1298 4070 1378 4112 esso
1403 4049 1468 4112 Im·

190 4171 356 4242 peratore
381 4182 489 4223 erano
523 4182 588 4243 per
612 4162 636 4223 il
661 4161 842 4224 Pontifice.
892 4161 937 4222 Al
962 4169 1129 4241 presente
1155 4179 1224 4220 non
1249 4157 1321 4219 scio
1347 4156 1402 4218 chi
1427 4156 1470 4219 sii

191 4290 256 4349 per
280 4269 350 4345 noi,
375 4288 414 4330 se
438 4287 506 4329 non
524 4267 643 4346 Cesar,
667 4269 691 4330 il
716 4270 795 4349 qual
823 4268 963 4348 perche,
988 4287 1026 4328 se
1052 4287 1072 4328 0
1094 4287 1160 4347 per
1182 4276 1277 4327 tema
1301 4264 1336 4325 di
1352 4265 1470 4345 questi

190 4375 324 4456 populi,
349 4396 370 4436 o
395 4395 459 4455 per
483 4373 630 4436 consilio
655 4376 747 4436 malo
772 4375 807 4435 di
832 4374 907 4435 suoi
933 4394 1003 4435 non
1028 4374 1045 4435 ὸ
1072 4374 1229 4452 sedutto,
1255 4370 1336 4434 sard
1360 4392 1468 4434 ancor

190 4486 260 4545 ben
285 4481 377 4544 assai
402 4483 467 4544 che
492 4481 532 4542 sii
557 4501 623 4542 con
649 4481 718 4543 noi.
767 4482 832 4542 Del
858 4491 951 4542 resto
976 4490 1068 4542 tutto
1095 4480 1114 4541 'l
1141 4481 1271 4542 mundo
1302 4480 1319 4540 ὸ
1345 4488 1469 4542 contra

192 4589 260 4666 noi,
285 4599 320 4651 et
345 4609 431 4651 son<¹
457 4588 570 4669 questi
597 4589 673 4650 cani
699 4587 812 4650 rabidi
838 4587 962 4649 armati
988 4588 1022 4649 di
1048 4590 1151 4650 lettre
1178 4598 1212 4649 et
1237 4587 1272 4648 di
1298 4606 1404 4665 arme‚
1433 4595 1469 4647 et

190 4700 259 4758 ben
286 4696 313 4756 si
339 4716 449 4757 sannn
474 4696 624 4776 gloriar,
649 4697 713 4757 che
738 4717 807 4756 non
834 4716 921 4757 sono
946 4695 1006 4776 piu
1030 4695 1144 4757 bestie
1170 4715 1275 4756 senza
1299 4694 1468 4776 ingegn0,

191 4824 289 4865 corne
328 4803 351 4864 li
385 4804 461 4864 loro
495 4802 687 4885 maggiori‚
729 4804 793 4864 che
827 4802 965 4865 l'Italia
997 4804 1043 4863 ha
1076 4822 1181 4883 perso
1216 4805 1247 4863 le
1279 4802 1399 4881 lettre,
1434 4811 1469 4864 et
