3330 5580
684 494 930 555 0-‹35070a

164 641 288 705 domos
312 642 585 707 Teutonicorum
619 645 651 706 in
688 643 886 721 Stertzing,
918 655 953 707 et
985 646 1152 722 Botzant,
1185 647 1312 709 multas
1344 649 1448 710 etiam

165 770 267 812 arces
291 751 463 813 nobilium
488 752 749 832 spoliaverunt,
786 765 820 814 et
851 753 886 814 in
919 764 1052 814 tantam
1088 753 1180 815 versi
1205 766 1287 816 sunt
1310 755 1448 834 furiam,

165 869 202 917 ut
227 878 305 919 cum
323 858 491 940 Episcopi
505 859 734 921 Tridentinus
759 870 794 921 et
819 859 1051 937 Brixinensi5‚
1077 880 1146 922 non
1173 862 1346 923 auderent
1371 883 1449 924 cum

164 963 369 1027 Archiduce
393 965 427 1027 in
453 965 626 1047 Inspruch
651 967 863 1041 consistere,
894 966 1116 1028 clandestina
1145 966 1233 1047 fuga
1266 969 1332 1031 sibi
1369 989 1447 1050 pro·

165 1083 371 1151 spexerunt.
410 1072 550 1134 Rustici
575 1082 790 1134 conventum
814 1073 934 1136 fecere
958 1073 993 1134 in
1018 1074 1141 1136 Meran
1167 1074 1300 1137 iniussu
1326 1077 1447 1138 Archi·

165 1177 281 1258 ducis,
319 1177 378 1259 qui
410 1179 455 1241 ad
492 1180 688 1241 sedandum
730 1182 915 1242 tumultum
949 1181 1080 1242 dietam
1111 1182 1366 1262 provincialem
1401 1184 1447 1245 in·

165 1283 255 1345 dixit
284 1304 332 1361 13.
356 1284 451 1361 Junii
475 1287 519 1347 ad
546 1285 726 1367 Inspruch.
777 1287 874 1348 Deus
898 1289 1127 1365 benevertat,
1164 1289 1329 1367 quoniam
1354 1290 1449 1352 fama

169 1401 224 1452 est
248 1390 361 1452 omnis
392 1392 438 1454 ad
472 1392 508 1453 id
540 1394 778 1473 conspirasse,
811 1405 848 1454 ut
885 1393 1121 1475 Euangelium
1153 1414 1241 1475 pure
1274 1408 1309 1457 et
1338 1397 1449 1458 libere

167 1497 389 1577 predicetur,
422 1509 458 1560 ut
487 1500 731 1579 predicatores
763 1501 914 1581 relegati
940 1503 987 1562 ob
1018 1501 1194 1563 haeresim
1227 1515 1450 1577 revocentur,

165 1615 204 1664 ut
240 1602 498 1668 Ecclesiasticis
541 1604 654 1667 omnis
696 1606 892 1668 iurisdictio
932 1606 1100 1669 secularis
1133 1609 1333 1688 auferatur,
1370 1631 1448 1672 cum

165 1709 326 1791 pluribus
349 1711 438 1774 aliis.

257 1818 315 1879 Ad
351 1816 455 1879 finem
486 1818 571 1880 lllaii
603 1820 778 1882 rebellant
811 1817 953 1882 Rustici
992 1818 1026 1880 in
1063 1817 1270 1901 Saltaburg,
1307 1836 1341 1884 et
1378 1845 1448 1886 non

166 1923 273 1986 illatis
298 1924 436 2004 magnis
460 1925 613 2005 damnis,
639 1928 783 2006 dempto
808 1924 1023 1988 monasterio
1058 1925 1273 1990 Berchtolde
1311 1928 1448 2008 Gaden,

168 2031 263 2112 quod
289 2031 416 2093 misere
441 2031 710 2111 destruxerunt,
743 2032 928 2094 confestim
967 2032 1105 2094 nobiles
1131 2045 1165 2095 et
1190 2035 1389 2116 oppidanos
1414 2039 1447 2099 in

167 2159 264 2200 suam
304 2148 488 2199 traxerunt
519 2138 748 2216 sententiam,
780 2139 899 2220 itaque
934 2159 1056 2200 omnes
1089 2148 1201 2202 status
1225 2142 1303 2204 laici
1331 2145 1448 2205 unani-

168 2246 270 2308 miter
296 2245 581 2326 Archiepiscopo
606 2247 799 2308 rebellant:
831 2246 912 2308 Dux
941 2247 1142 2310 Ludovicus
1167 2248 1342 2311 Bavariao
1367 2271 1448 2312 mox

167 2352 263 2415 iussu
287 2352 410 2415 fratris
436 2351 618 2414 Wilhelmi
651 2355 696 2414 ad
722 2353 875 2416 confinia
900 2354 996 2416 venit
1021 2375 1098 2415 cum
1124 2355 1303 2417 sexcentis
1328 2357 1447 2437 equiti·

168 2464 245 2539 bus,
270 2471 425 2522 tractare
449 2459 573 2540 incipit
598 2462 641 2522 de
666 2481 774 2541 pace:
809 2474 844 2523 et
877 2465 970 2523 bona
1002 2481 1084 2541 spes
1114 2470 1167 2522 est
1192 2463 1283 2524 hanc
1308 2463 1447 2524 seditio-

169 2588 250 2630 nem
272 2567 410 2642 sedari,
436 2565 564 2628 ablatis
589 2566 799 2647 quibusdam
825 2570 926 2630 novis
955 2568 1220 2648 gravaminibus
1245 2590 1309 2649 per
1327 2571 1445 2632 Archi·

169 2675 374 2757 episcopum
410 2672 635 2735 Cardinalem
669 2695 782 2755 nuper
817 2674 1032 2744 adinventis;
1069 2674 1185 2735 amisit
1221 2687 1337 2737 autern
1370 2677 1450 2740 Car·

169 2783 297 2844 dinalis
322 2781 513 2858 civitatem,
539 2780 657 2843 omnia
681 2781 824 2862 oppida,
850 2794 885 2841 et
910 2802 1032 2843 omnes
1054 2801 1154 2843 arces
1172 2794 1315 2862 praeter
1339 2786 1448 2846 solam

170 2890 415 2969 Saltzburgen
954 2899 957 2904 '

258 2996 338 3058 Non
363 2995 533 3077 quievere
558 2993 678 3056 rustici
703 2994 736 3055 in
763 2994 920 3075 Hegoia,
946 3004 981 3055 et
1005 3004 1129 3056 contra
1153 3015 1257 3074 quam
1283 2997 1449 3076 promise·

170 3113 266 3179 rant,
292 3105 416 3166 eodem
440 3102 537 3164 Maio
560 3102 753 3174 rebellant;
784 3102 937 3183 Augiam
963 3102 1132 3162 maiorem
1157 3101 1347 3180 invadunt,
1377 3104 1449 3166 Mo-

171 3211 362 3274 nasterium
397 3210 566 3290 spoliant,
612 3208 783 3271 festinant
819 3210 864 3270 ad
897 3209 1151 3269 Peterslrarsen
1185 3208 1451 3281 Monasterium

171 3322 233 3382 sed
258 3340 279 3380 a
304 3317 633 3380 Constantiensibus
658 3317 793 3378 civibus
817 3313 1000 3376 defensum
1026 3327 1096 3375 est:
1124 3314 1293 3376 Insultum
1319 3316 1450 3378 faciunt

170 3426 205 3487 in
238 3426 400 3487 Meinaro
430 3426 571 3486 domum
603 3421 748 3485 fratrum
782 3422 1072 3498 Teutonicorum,
1101 3422 1163 3482 sed
1199 3433 1451 3486 tormentorum

171 3534 323 3596 iactibus
347 3532 480 3613 repulsi
504 3540 600 3608 sunt,
626 3543 661 3593 et
685 3530 818 3611 aliquot
854 3528 980 3599 occisi;
1014 3527 1178 3589 commoti
1207 3528 1265 3589 alii
1297 3535 1331 3590 in
1364 3532 1452 3592 duas

171 3642 273 3704 villas
297 3638 602 3703 Commendatoris
630 3637 803 3698 irruentes
832 3635 1001 3717 praedam
1033 3653 1141 3715 agere
1177 3649 1365 3715 ceperunt,
1400 3658 1451 3698 su·

171 3768 368 3830 pervenere
394 3746 490 3807 cives
516 3764 559 3805 cx
587 3743 770 3805 Catholico
805 3741 938 3823 oppido
966 3741 1204 3821 Uberlingen,
1237 3752 1273 3803 et
1302 3741 1452 3804 rusticos

170 3860 215 3919 ad
240 3855 496 3919 restitutionem
522 3863 727 3931 coegerunt,
752 3860 787 3911 et
812 3870 876 3912 sex
901 3869 946 3910 ex
972 3847 1023 3910 eis
1039 3849 1249 3909 ductoribus
1266 3848 1452 3911 decollatis

173 3966 368 4044 coegerunt
393 3960 481 4021 alios
505 3959 550 4019 ad
576 3956 720 4039 propria
744 3956 872 4021 redire.

264 4068 458 4131 Undecima
484 4065 617 4146 Aprilis
653 4064 780 4126 seditio
810 4065 937 4125 oborta
962 4074 1015 4124 est
1039 4061 1074 4123 in
1105 4061 1259 4124 dioecesi
1285 4062 1451 4123 llamber·

173 4177 285 4259 gensi,
303 4186 337 4237 et
359 4196 404 4252 13.
425 4173 558 4253 Aprilis
574 4171 709 4251 aliquas
725 4170 840 4232 curias
858 4169 1106 4231 canonicorum
1125 4169 1350 4249 Bambergae
1375 4189 1447 4250 spo

174 4284 315 4354 liarunt;
341 4281 401 4343 diu
425 4281 506 4342 hinc
530 4280 613 4342 inde
644 4276 850 4338 fluctuatum
876 4287 947 4348 est;
988 4275 1110 4337 similis
1142 4276 1252 4357 pestis
1287 4276 1322 4337 in
1359 4276 1450 4338 dioe-

174 4392 245 4454 cesi
260 4388 513 4471 Herbipolensi
527 4387 621 4468 cepit
638 4384 766 4447 sensim
792 4403 829 4445 se
856 4382 998 4463 erigens
1013 4403 1125 4464 usque
1140 4384 1183 4444 ad
1199 4383 1332 4445 XXlll
1351 4383 1452 4465 Apri·

174 4499 217 4561 lis
242 4497 302 4561 ubi
325 4517 423 4559 arma
448 4495 669 4576 corripuere;
696 4499 731 4552 et
755 4488 897 4571 oppidis
921 4489 966 4551 ad
991 4510 1031 4551 se
1055 4490 1188 4567 tractis,
1212 4492 1335 4551 ambas
1360 4489 1440 4551 dioe

175 4627 274 4669 ceses
300 4607 548 4678 devastarunt,
577 4611 612 4662 et
639 4596 876 4660 inestimabile
908 4596 1072 4658 damnum
1104 4596 1138 4657 in
1173 4595 1394 4658 monasteriis
1419 4609 1454 4658 et

176 4714 326 4788 arcibus,
352 4711 386 4771 in
411 4707 588 4786 Ecclesiis,
613 4706 647 4767 in
673 4703 758 4766 cleri
783 4703 946 4764 domibus
969 4701 1146 4779 saciend0,
1163 4715 1199 4763 ut
1216 4714 1311 4763 totus
1327 4705 1452 4777 clerus,

176 4832 211 4883 et
235 4830 310 4882 tota
335 4815 501 4878 nobilitas
525 4815 570 4875 ad
595 4820 843 4893 paupertatem
868 4810 1003 4872 redacti
1019 4809 1096 4873 sint.
1135 4809 1334 4892 Episcopus
1351 4810 1450 4873 Bam-
