3344 5564
710 436 958 506 oham&

196 612 286 655 nunc
312 594 568 677 laborantibus,
591 602 741 677 paterne
765 596 972 679 prospicere
989 606 1147 677 conatur,
1173 617 1243 659 non
1257 592 1399 680 vulgari
1416 607 1473 661 me

197 699 315 763 affecit
338 701 499 782 gaudio
528 701 607 783 Ego
631 701 805 785 siquidem
829 703 889 786 qui
913 703 956 767 V.
981 704 1022 768 B.
1048 713 1083 766 et
1110 702 1265 766 Sanctae
1287 704 1471 768 Ecclesiae

195 806 384 871 Romanae
407 829 463 872 me
487 810 604 873 omnia
628 811 761 874 debere
785 830 963 893 agnosco,
989 830 1092 874 omne
1116 810 1287 892 studium,
1320 813 1474 894 laboreS,

195 915 407 996 voluntates,
432 915 586 998 denique
610 937 666 980 me
689 915 803 999 ipsum
821 928 933 981 totum
957 919 1003 981 ad
1019 920 1086 980 hoc
1102 927 1262 981 sanctum
1278 918 1474 981 institutum

194 1020 348 1086 Vestrae
371 1022 590 1086 Beatitudini
613 1024 796 1106 polliceor,
821 1037 928 1106 atque
947 1044 1013 1106 pro
1030 1026 1209 1088 servanda
1231 1024 1474 1090 incolumitate

195 1136 230 1191 et
254 1131 390 1193 honore
414 1129 507 1194 illius
530 1129 682 1195 fideliter
706 1133 886 1213 prestabo.
934 1131 1048 1212 Quum
1073 1142 1192 1195 autem
1216 1151 1285 1213 ego
1316 1133 1387 1196 iam
1415 1133 1474 1196 ali·

195 1235 352 1317 quandiu
379 1236 482 1320 gravi
512 1237 673 1320 corporis
703 1246 740 1300 et
770 1239 923 1301 adversa
955 1239 1160 1302 valetudine
1189 1240 1351 1302 laboravi
1384 1242 1475 1303 adeo

194 1344 291 1424 quod
315 1343 422 1407 etiam
445 1343 481 1407 in
503 1345 663 1426 periculo
688 1345 810 1408 mortis
833 1345 979 1427 fuerim,
1010 1345 1079 1409 Dei
1107 1357 1225 1409 tamen
1260 1346 1382 1430 optimi
1408 1368 1475 1410 ma·

193 1449 281 1513 ximi
305 1450 430 1514 favore
454 1451 712 1534 aliquantisper
741 1448 894 1516 Sanitati
917 1452 1118 1534 restitutus,
1150 1453 1199 1515 ita
1232 1463 1349 1517 tamen
1382 1457 1475 1536 quod

194 1558 332 1639 absque
355 1578 490 1623 summo
513 1559 672 1641 periculo
687 1579 744 1622 me
761 1560 943 1623 laboribus
963 1558 1127 1623 itinerum
1151 1579 1244 1622 nunc
1269 1561 1475 1624 submittere

195 1683 267 1728 non
290 1684 451 1746 possum,
475 1686 586 1748 quare
609 1666 691 1730 huic
714 1666 916 1750 principum
939 1666 1131 1730 conventui
1160 1667 1376 1731 intervenire
1403 1666 1476 1730 ine-

194 1770 333 1835 vitabili
357 1774 511 1854 quadam
533 1775 748 1838 necessitate
771 1773 902 1838 invitus
918 1773 1098 1848 detineor;
1123 1784 1279 1838 attamen
1296 1776 1391 1857 quod
1408 1773 1477 1838 mei

195 1877 350 1942 muneris
373 1878 440 1943 erit
464 1899 534 1961 ego
558 1901 624 1964 per
647 1891 807 1944 oratores
831 1901 872 1944 ac
889 1880 1036 1945 nuncios
1059 1901 1157 1944 meos
1174 1901 1264 1962 quos
1280 1901 1372 1944 nunc
1396 1901 1476 1944 meo

196 1984 338 2049 nomine
366 1987 529 2050 adhunc
554 1997 767 2051 conventum
792 1989 1046 2071 delegaverim,
1070 2008 1136 2069 pro
1160 1988 1296 2050 honore
1318 1987 1362 2050 V.
1386 1987 1474 2051 Bea-

199 2092 359 2156 titudinis
384 2113 425 2156 ac
450 2094 579 2178 Legati
603 2094 696 2158 illius
720 2096 816 2176 apud
852 2094 940 2158 alios
968 2095 1146 2178 principes
1176 2093 1330 2158 fideliter
1360 2113 1475 2176 agam,

197 2209 234 2261 ut
257 2199 317 2263 ille
342 2201 462 2283 dignis
485 2200 698 2283 suscipiatur
720 2201 936 2282 honoribus,
959 2201 1187 2284 benigneque
1211 2210 1395 2281 tractetur,
1419 2222 1475 2264 ne-

198 2306 402 2390 gotiumque
426 2309 493 2370 hoc
517 2318 676 2371 sanctum
699 2306 947 2372 favorabiliter
970 2317 1239 2391 promoveatur,
1273 2328 1378 2391 quem
1407 2329 1476 2390 ego

198 2413 406 2496 iampridem
431 2424 467 2478 et
495 2415 579 2478 novi
610 2425 646 2479 et
677 2435 756 2479 cum
787 2423 936 2499 propter
967 2435 1170 2479 communes
1202 2417 1374 2499 honores,
1403 2425 1477 2478 tum

199 2533 344 2604 propter
369 2521 517 2586 eximias
541 2523 635 2586 illius
658 2522 809 2586 virtutes
832 2544 872 2587 ac
898 2522 1132 2586 eruditionem
1165 2543 1211 2586 ex
1241 2523 1359 2586 animo
1387 2543 1475 2586 sum·

199 2629 261 2693 mis
286 2649 484 2711 prosequor
507 2629 701 2694 favoribus.
749 2629 869 2711 Quare
894 2629 1026 2694 Vestra
1050 2627 1230 2694 Sanctitas
1253 2630 1320 2693 sibi
1352 2631 1397 2693 de
1422 2650 1477 2693 me

200 2747 296 2800 certo
320 2738 534 2819 persuadeat
558 2739 742 2820 quodhac
766 2737 864 2801 inre
889 2752 1109 2821 quacumque
1143 2737 1214 2801 alia
1245 2757 1337 2819 quae
1361 2738 1407 2800 ad
1432 2736 1476 2801 V.

200 2843 434 2907 Beatitudinis
458 2865 498 2908 ac
533 2841 687 2909 Sanctae
719 2841 824 2909 Sedis
853 2844 1085 2927 Apostolicae
1118 2847 1290 2908 honorem
1322 2852 1357 2907 et
1388 2844 1476 2907 utili·

200 2958 306 3014 tatem
331 2960 495 3033 spectare
519 2951 661 3034 poterit,
685 2972 729 3016 ea
751 2950 905 3015 fideliter
928 2971 1033 3034 agam
1057 2971 1149 3033 quae
1170 2951 1478 3015 obedientissimus

199 3055 289 3121 filius
313 3068 349 3121 et
373 3077 482 3139 agere
506 3069 542 3123 et
564 3069 727 3142 prestare
752 3059 809 3122 vel
835 3058 947 3139 possit
969 3060 1028 3120 vel
1053 3060 1192 3122 debeat.
1240 3057 1304 3122 Cui
1335 3080 1390 3122 me
1418 3061 1477 3121 hu·

200 3165 328 3229 militer
351 3167 570 3230 commende.
618 3167 749 3229 Datum
773 3165 889 3229 Hallis
913 3186 958 3229 ex
982 3166 1078 3229 Arce
1103 3165 1176 3228 divi
1207 3165 1387 3247 Mauricii,
1421 3166 1478 3229 die

200 3269 349 3336 Sabathi
385 3273 554 3337 vicesima
586 3274 718 3336 mensis
741 3272 941 3354 Februarii,
972 3293 1066 3336 anno
1091 3272 1234 3335 Domini
1258 3272 1478 3338 MDXXIV.

731 3485 937 3499 Ammvwm

803 3700 876 3767 145.

410 3881 413 3888 .
452 3817 610 3899 clemens
638 3817 718 3897 VII.
749 3816 933 3899 Gardinali
961 3815 1227 3920 Sabburgensi.

627 4056 630 4060 ,
660 3965 752 4039 (brev.
770 3965 791 4023 1.
811 3965 867 4025 10³.
887 3964 932 4024 tol
950 3965 1020 4039 486.)
1052 4043 1055 4048 .

707 4086 760 4152 (25·
780 4086 859 4136 Febr·
883 4085 969 4152 1524l

288 4231 428 4294 Dilecte
443 4229 503 4313 fili,
520 4231 669 4295 salutem
686 4238 753 4293 ete.
794 4227 962 4310 Quamvis
980 4226 1257 4309 circumspectio
1272 4236 1343 4308 tua,
1367 4236 1405 4289 ut
1425 4247 1478 4290 ac·

204 4339 376 4422 cepimus,
400 4340 447 4401 ad
470 4337 544 4401 Nos
576 4346 611 4401 et
642 4337 844 4399 Romanam
875 4333 1030 4416 Curiam,
1055 4343 1093 4396 ut
1116 4354 1183 4417 par
1207 4344 1277 4414 est,
1308 4354 1345 4396 se
1370 4344 1478 4397 trans·

204 4445 305 4529 ferre,
330 4445 425 4509 etin
450 4465 493 4508 ea
516 4444 674 4508 residere
699 4442 936 4515 desideraret;
961 4449 1118 4504 attamen
1143 4442 1418 4523 subpullulante,
1444 4450 1480 4503 et

204 4553 304 4616 latius
327 4552 363 4616 in
388 4552 465 4616 dies
489 4560 655 4634 serpente
686 4551 723 4613 in
747 4549 908 4633 partibus
936 4548 1150 4613 Germaniae
1181 4546 1381 4630 perniciosa
1414 4548 1479 4610 Lu-

204 4661 349 4725 therana
372 4659 529 4741 haeresi,
553 4669 591 4722 ut
615 4659 661 4722 ad
685 4677 856 4741 praesens
879 4656 957 4719 istic
989 4665 1197 4736 permaneat
1228 4654 1341 4735 magis
1374 4674 1479 4737 expe-

205 4766 301 4832 diens
324 4765 404 4830 sore
435 4786 630 4831 censemus.
687 4762 870 4847 Siquidem
905 4763 1187 4844 consideramus,
1220 4762 1316 4844 quod
1348 4761 1383 4824 in
1415 4761 1480 4843 his,

1267 4866 1321 4921 21*
