3330 5580
703 464 949 522 0433621154

187 626 287 670 come
312 607 397 671 dissi
421 609 455 673 in
482 610 580 674 dette
595 612 663 675 mie
687 614 824 693 lettere,
849 614 957 675 credo
981 613 1074 676 sarei
1090 613 1247 676 iudicato
1271 613 1333 696 piu
1353 613 1481 695 degno

187 712 222 774 di
247 716 493 797 compassione
519 721 583 781 che
609 721 653 782 de
678 719 900 801 riprensione
924 721 1062 784 alcuna.
1109 720 1161 783 La
1194 722 1278 802 qual
1301 722 1395 802 perd
1421 739 1480 782 ac·

188 823 323 883 cettard
348 843 488 905 sempre
514 846 580 888 con
606 826 690 908 ogni
715 826 837 889 debita
860 827 1063 890 reverentia
1086 838 1122 890 et
1146 826 1354 890 obedientia
1373 846 1481 890 come

188 946 341 991 conosco
373 950 492 994 essere
517 932 540 994 il
566 933 687 996 debito
712 934 799 1009 mio,
836 933 880 996 nd
904 936 995 997 altro
1020 935 1065 997 mi
1091 934 1215 997 doleri
1245 954 1284 997 se
1308 954 1384 997 non
1409 935 1482 996 che

187 1035 223 1095 la
247 1055 316 1097 non
342 1037 423 1099 sara
447 1050 578 1103 venuta
602 1040 636 1102 in
663 1052 781 1122 tempo
806 1041 860 1104 ch'
874 1042 909 1103 io
934 1042 1031 1123 possi
1052 1041 1243 1105 emendare
1265 1040 1301 1104 in
1318 1041 1482 1122 qualche

188 1151 290 1220 parte
315 1146 434 1225 quello
459 1148 524 1209 che
549 1147 634 1210 forsi
659 1168 680 1210 o
704 1168 769 1229 per
795 1169 864 1210 non
880 1149 1012 1212 vedere
1037 1147 1096 1231 piu
1122 1169 1143 1212 ο
1166 1167 1233 1230 per
1251 1168 1321 1210 non
1338 1148 1482 1210 havere

190 1260 337 1329 possuto
362 1252 582 1333 altramente,
608 1255 636 1317 si
660 1254 756 1318 fusse
779 1265 908 1334 errat0‚
933 1254 1066 1336 perche
1090 1254 1126 1317 di
1149 1255 1209 1336 gia
1233 1256 1269 1318 la
1284 1255 1386 1317 bolla
1407 1252 1484 1316 mia

191 1355 210 1417 ὲ
245 1358 415 1438 expedita
449 1369 484 1421 et
517 1362 600 1424 data
633 1383 654 1423 a
683 1372 809 1444 questo
834 1360 1067 1425 Serenissimo
1093 1360 1259 1445 Principe
1292 1362 1360 1424 che
1394 1360 1417 1424 l'
1432 1360 1484 1423 ha

189 1462 279 1526 satta
304 1468 466 1529 tradurre
487 1469 522 1530 in
540 1468 662 1549 lingua
677 1470 882 1550 germanica
897 1478 932 1532 et
948 1468 1118 1551 stampasi
1133 1468 1169 1532 in
1184 1479 1334 1550 utraque
1350 1467 1484 1549 lingua

191 1572 235 1632 de
268 1573 302 1634 la
326 1576 431 1654 quale
464 1575 524 1657 poi
549 1597 593 1638 ne
627 1578 797 1639 mandard
827 1577 929 1658 copie
963 1577 1166 1640 autentiche
1199 1597 1221 1639 a
1244 1575 1326 1638 tutti
1359 1573 1485 1657 questi

191 1679 450 1763 archiepiscopi
475 1703 539 1763 per
564 1704 602 1745 se
628 1694 662 1746 et
677 1704 742 1765 per
766 1686 842 1746 loro
860 1684 1078 1766 suffraganei
1094 1681 1308 1746 scrivendoli
1326 1682 1365 1744 in
1380 1683 1485 1745 bona

191 1784 305 1848 forma
329 1797 364 1849 et
388 1788 623 1853 ricercandoli
648 1793 718 1853 alla
743 1793 1004 1854 observatione.
1052 1790 1112 1853 Ma
1136 1811 1201 1872 per
1224 1790 1344 1871 quello
1371 1788 1428 1851 ch’
1445 1787 1484 1850 io

193 1903 292 1955 sento
316 1897 428 1975 parmi
454 1899 519 1959 che
544 1900 663 1979 quello
688 1909 864 1962 convento
888 1900 1020 1962 habbia
1041 1899 1216 1982 partorito
1238 1902 1333 1961 buon
1353 1896 1485 1976 frutt0,

192 2001 257 2062 che
282 2021 351 2063 non
377 2002 414 2064 fu
439 2004 507 2065 mai
532 2007 578 2067 da
602 2005 806 2069 existimare
830 2009 896 2069 che
917 2006 986 2068 Dio
1011 2006 1284 2068 abbandonasse
1308 2005 1343 2067 la
1368 2022 1486 2065 causa

193 2127 270 2187 sua,
300 2119 337 2172 et
361 2109 389 2171 si
414 2130 593 2192 cognosce
619 2115 684 2177 che
708 2123 913 2176 veramente
939 2133 985 2175 un
1009 2116 1105 2176 buon
1129 2109 1305 2194 principio
1329 2109 1350 2172 ὲ
1375 2109 1484 2192 quasi

192 2216 225 2277 la
249 2216 342 2278 meta
368 2217 403 2278 di
428 2221 546 2298 quello
573 2221 637 2282 che
663 2221 691 2284 si
716 2223 762 2282 ha
787 2242 808 2282 a
832 2220 917 2283 fare.
957 2219 1002 2283 V.
1019 2218 1055 2282 S.
1079 2218 1213 2282 vedera
1237 2238 1303 2299 per
1321 2219 1356 2279 la
1373 2216 1487 2300 copia

193 2323 237 2384 de
271 2323 294 2384 li
319 2323 408 2386 avisi
442 2327 506 2388 che
535 2347 687 2389 saranno
722 2349 788 2390 con
814 2337 956 2410 questa,
993 2329 1111 2408 quello
1145 2326 1175 2389 si
1198 2325 1218 2388 ὸ
1242 2324 1409 2387 ordinato
1445 2332 1487 2386 et

193 2430 337 2492 statuito
361 2431 397 2492 in
422 2432 552 2495 diversi
577 2434 700 2515 luoghi
725 2444 760 2496 et
785 2436 831 2496 da
855 2433 987 2497 diversi
1011 2455 1032 2495 a
1055 2431 1228 2496 beneficio
1254 2431 1357 2494 dela
1382 2429 1486 2512 fede,

194 2545 230 2599 et
261 2538 305 2599 de
336 2540 368 2600 dl
403 2540 438 2602 in
472 2543 506 2602 di
532 2562 638 2625 spero
673 2544 708 2606 di
732 2541 863 2624 meglio
898 2550 933 2604 et
956 2541 1127 2622 precipue
1159 2559 1225 2622 per
1258 2539 1377 2620 quello
1413 2539 1486 2601 che

194 2645 312 2706 hanno
337 2645 427 2710 fatto
452 2649 560 2729 quelli
584 2650 629 2712 de
654 2650 777 2729 Ulma,
807 2649 843 2711 di
867 2649 933 2710 che
957 2667 1076 2729 vengo
1100 2647 1136 2710 in
1161 2645 1329 2728 opinione
1352 2645 1422 2707 che
1447 2646 1487 2708 le

194 2754 284 2815 altre
308 2762 401 2816 terre
426 2756 560 2818 anchor
583 2757 794 2838 resipiscent
818 2766 853 2818 et
877 2775 944 2817 con
969 2774 1103 2816 summo
1130 2752 1307 2815 desiderio
1329 2762 1486 2832 expetto

194 2858 380 2923 intendere
412 2861 446 2923 in
473 2872 598 2943 questo
624 2874 800 2926 convento
827 2864 891 2925 che
916 2864 1005 2924 hora
1033 2860 1142 2922 fanno
1167 2860 1202 2923 in
1228 2856 1334 2940 Spita
1358 2860 1486 2939 quello

196 2967 261 3028 che
295 2966 324 3028 si
355 2970 567 3032 concludere
604 2982 639 3034 et
670 2991 736 3053 per
774 2970 888 3052 questi
922 2967 1120 3050 preambuli
1153 2967 1261 3028 molto
1292 2985 1338 3028 ne
1370 2984 1486 3047 spero

195 3075 306 3154 bene,
342 3084 378 3138 et
401 3095 501 3138 come
534 3077 593 3159 piu
618 3080 715 3140 volte
749 3080 795 3140 ho
821 3079 919 3140 detto
953 3096 991 3138 se
1021 3078 1056 3138 la
1079 3073 1142 3136 Mu
1157 3072 1311 3135 Cesarea
1342 3071 1425 3135 sard
1459 3072 1487 3136 il

197 3181 318 3244 debito
343 3184 482 3246 almeno
510 3184 545 3246 in
568 3195 689 3267 parte,
714 3205 819 3268 spero
845 3187 909 3247 che
935 3193 1059 3264 queste
1083 3179 1228 3244 materie
1252 3179 1487 3261 pigliaranno

196 3291 316 3351 buono
347 3289 513 3353 indirizzo
545 3302 581 3354 et
613 3294 678 3356 che
706 3295 741 3355 la
764 3291 878 3354 verita
910 3289 1004 3352 stare
1034 3289 1068 3350 di
1093 3307 1215 3368 sopra,
1250 3287 1486 3366 quantunche

197 3395 249 3456 sia
274 3415 344 3457 una
369 3417 452 3459 cosa
475 3399 655 3460 horrenda
680 3408 715 3461 et
740 3399 883 3461 crudele
909 3397 1040 3459 sentire
1064 3396 1183 3476 quello
1201 3394 1265 3455 che
1282 3392 1486 3475 predicano

198 3503 312 3583 questi
336 3503 466 3566 ribaldi
490 3505 582 3586 preti
607 3515 643 3569 et
667 3505 820 3588 apostati
845 3505 911 3567 che
935 3502 981 3565 mi
1004 3499 1214 3581 meraviglio
1239 3501 1305 3562 che
1328 3501 1365 3561 la
1383 3508 1488 3564 terra

198 3629 268 3671 non
293 3610 322 3672 si
347 3630 435 3691 apra
459 3619 557 3674 etse
581 3612 606 3674 li
629 3612 764 3693 ingolli.

288 3715 356 3796 Qui
380 3717 608 3798 procediamo
633 3719 941 3800 gagliardamente
975 3725 1099 3778 contra
1123 3713 1239 3796 questi
1262 3711 1487 3796 predicatori

200 3832 235 3884 et
268 3822 458 3886 habbiamo
491 3825 527 3886 in
551 3825 716 3908 prigione
750 3827 783 3888 el
807 3826 994 3908 capellano
1028 3824 1086 3886 del
1115 3823 1360 3899 locotenente‚
1396 3823 1487 3902 qual

200 3929 374 3993 comincia
405 3951 426 3993 a
449 3931 683 3995 riconoscersi
715 3941 751 3996 et
783 3931 968 3994 dimandar
991 3930 1152 4012 perdono
1184 3948 1252 3990 con
1283 3925 1438 3991 offerirsi
1464 3950 1488 3991 a

201 4046 384 4101 sostenere
408 4038 494 4118 ogni
517 4060 612 4120 pena
636 4050 671 4102 et
695 4039 723 4102 si
747 4037 940 4121 procurera
961 4038 1096 4100 anchor
1119 4035 1155 4098 di
1171 4035 1349 4117 castigare
1364 4034 1487 4098 alcuni

201 4144 283 4207 altri
306 4145 508 4209 seminatori
534 4146 569 4208 di
593 4158 718 4228 questa
741 4156 843 4227 peste
867 4145 902 4208 in
927 4155 1053 4226 queste
1076 4142 1180 4227 parti.

291 4253 339 4316 Al
362 4252 476 4335 primo
501 4254 559 4317 del
584 4274 680 4316 mese
704 4251 860 4316 receveti
883 4254 917 4316 le
942 4252 978 4314 di
1001 4251 1045 4314 V.
1071 4249 1107 4313 S.
1133 4250 1178 4312 de
1203 4248 1295 4312 XIV
1320 4256 1356 4311 et
1370 4245 1488 4311 XVII

203 4363 269 4423 che
299 4361 345 4423 mi
375 4360 479 4423 furon
511 4370 763 4424 sommamente
787 4369 889 4442 grate
913 4359 1132 4423 intendendo
1163 4360 1230 4421 che
1253 4357 1276 4419 'l
1307 4354 1487 4437 principio

204 4469 287 4529 dato
319 4470 353 4530 al
383 4477 613 4532 trattamento
637 4469 673 4531 di
697 4468 899 4550 Ratispona
923 4465 1138 4530 satisfaceva
1161 4486 1183 4528 a
1206 4463 1247 4528 N.
1271 4460 1308 4526 S.
1341 4463 1376 4525 la
1399 4465 1488 4544 qual

204 4596 287 4637 cosa
312 4575 357 4637 mi
381 4575 418 4638 fa
442 4596 587 4657 sperare
619 4578 684 4639 che
702 4577 724 4639 'l
748 4575 819 4638 fine
842 4576 1000 4637 anchora
1023 4575 1057 4636 le
1083 4573 1164 4636 sard
1186 4568 1381 4650 satisfatt0‚
1416 4571 1488 4633 che

206 4680 278 4744 cosi
309 4684 417 4745 molto
443 4682 618 4746 desidero,
664 4684 734 4746 Dal
757 4681 1002 4764 protonotario
1027 4681 1072 4744 de
1096 4679 1200 4763 Migli
1232 4696 1319 4740 sono
1344 4675 1488 4740 avisato

205 4791 271 4853 che
294 4792 341 4853 ha
365 4793 496 4853 havuto
520 4790 601 4853 lice
625 4790 741 4855 fiorini
766 4789 802 4852 di
816 4789 963 4852 Erasmo
987 4797 1023 4850 et
1040 4786 1134 4849 eirca
1149 4785 1175 4848 il
1190 4783 1349 4848 remedio
1365 4781 1489 4848 scrissi
