3330 5580
705 464 761 517 0--13
804 464 853 517 192
894 465 950 516 Tre>

188 619 222 670 et
247 612 341 690 apud
361 631 482 672 omnes
501 612 705 692 auctoritas)
730 622 829 673 tanto
846 616 937 673 malo
955 622 1156 692 opportuna
1171 596 1341 691 remedia,
1365 629 1475 694 prout

186 717 271 778 iacti
296 717 463 778 atrocitas
488 718 611 798 exigit,
636 740 740 799 quarn
763 719 946 780 celerrime
972 719 1170 780 adhibitum
1195 718 1247 780 iri.
1286 718 1359 780 Sed
1385 737 1474 801 quo-

187 825 281 886 niam
306 834 375 885 tarn
402 827 509 886 multa
535 826 630 888 circa
653 828 719 887 hoc
745 837 941 904 occurrunt,
968 847 1036 908 que
1062 828 1280 908 exemplaris
1303 829 1476 910 angustia

187 952 316 1012 capere
342 953 410 992 non
435 943 575 1013 posset,
602 937 648 995 ob
684 935 719 994 id
756 935 980 996 Laurentium
1013 936 1224 997 'l‘arcereum
1256 936 1474 999 servitorem

120 1051 126 1062 “
188 1048 344 1099 nostrum
369 1040 413 1100 ad
439 1039 648 1102 Caesaream
675 1040 899 1103 Maiestatem
931 1052 966 1102 et
997 1042 1043 1102 ad
1072 1062 1137 1103 vos
1170 1041 1350 1106 mittimus.
1405 1043 1471 1105 Cui

187 1166 294 1225 super
319 1147 384 1206 bac
409 1166 447 1206 re
474 1147 645 1225 integram
671 1147 775 1208 iidem
803 1150 932 1209 babeat
958 1149 1003 1208 R.
1030 1149 1072 1209 l).
1101 1148 1142 1210 V.
1168 1148 1268 1228 Quae
1303 1149 1364 1211 diu
1388 1150 1469 1213 ieli-

187 1252 275 1313 citer
306 1255 433 1314 valeat.
486 1255 614 1315 ilatum
650 1253 853 1336 Olisipone,
888 1255 941 1315 Xl
975 1256 1056 1316 Kal.
1092 1255 1177 1316 Maii
1210 1277 1304 1318 anno
1339 1259 1472 1320 natalis

187 1360 352 1421 dominici
378 1360 558 1423 otbxxl.

1170 1469 1289 1541 alan.

800 1868 850 1931 73.

230 1981 408 2060 Aloandor
436 1984 698 2084 archiepiscopo
728 1985 937 2063 Treveronsi
965 1984 1115 2064 ltioordo
1145 1981 1244 2063 Sacri
1271 1982 1428 2062 Romani

656 2118 804 2219 Imperii
831 2119 993 2198 Elootori.

597 2267 697 2332 (Aeta
719 2265 878 2324 Wormao.
905 2264 961 2324 lol.
980 2265 1047 2337 126.)

666 2386 753 2453 (mli)
774 2386 875 2449 Aprilis
897 2390 980 2448 1521.)

276 2519 592 2581 Reverendissirne
622 2531 654 2580 et
681 2519 918 2581 Illustrissime
944 2520 1141 2600 Domine,¹)
1166 2520 1263 2582 Deus
1287 2518 1394 2598 faxit,
1431 2529 1469 2581 ut

186 2628 252 2687 boc
279 2626 477 2705 negocium,
503 2649 523 2688 a
547 2627 865 2689 Reverendissima
881 2626 1131 2688 Dominatione
1150 2627 1279 2688 Vestra
1303 2627 1348 2688 ad
1375 2636 1467 2688 tran·

187 2733 396 2814 quillitatem
431 2734 652 2796 Christianae
684 2735 924 2815 Reipublicae
958 2744 1169 2814 peragatur,
1205 2735 1269 2795 sed
1302 2734 1469 2795 advertat

187 2862 408 2921 nequaquam
440 2841 475 2901 id
508 2840 583 2902 fieri
609 2863 732 2922 posse,
769 2841 835 2903 nisi
859 2840 1061 2922 pontificiae
1086 2841 1285 2903 autoritatis
1308 2841 1401 2903 ratio
1432 2841 1468 2902 in

186 2949 308 3030 primis
332 2950 521 3017 habeatur;
556 2947 726 3028 quidquid
753 2969 854 3008 secus
877 2946 926 3024 fit,
951 2947 1161 3028 praesertim
1186 2947 1220 3008 in
1245 2947 1397 3027 negocio
1421 2949 1468 3009 ad

186 3055 417 3135 Religionem
443 3054 676 3117 Christianam
701 3055 920 3135 pertinente,
944 3064 1065 3135 preter
1088 3053 1160 3127 ias,
1185 3062 1378 3134 preterque
1402 3052 1467 3133 ius,

187 3173 222 3225 et
247 3162 280 3223 in
303 3183 469 3242 magnum
485 3163 745 3224 incommodum
766 3161 919 3223 universi
936 3161 1032 3223 orbis
1056 3161 1132 3224 fieri
1150 3159 1467 3242 compertissimum

188 3281 250 3332 est.
301 3270 378 3332 Hoc
411 3269 525 3331 scribo
551 3290 621 3332 non
655 3269 736 3350 quia
761 3290 829 3330 non
856 3288 995 3348 sperem
1021 3267 1371 3329 Reverendissimanr
1401 3268 1482 3337 llo,

187 3377 413 3439 minationem
438 3377 603 3439 Vestram
629 3376 721 3438 omni
745 3375 831 3452 fide,
856 3375 983 3454 studio,
1009 3374 1194 3455 diligentia
1219 3383 1284 3436 etc.
1309 3375 1374 3436 hec
1400 3383 1466 3436 tra-

187 3496 377 3563 ctaturam,
414 3486 477 3546 sed
510 3484 591 3565 quia
622 3483 705 3545 mihi
730 3483 985 3544 insusurratum
1016 3495 1086 3559 est,
1123 3481 1241 3543 nescio
1273 3502 1363 3561 quos
1387 3502 1467 3543 con·

187 3603 311 3673 ceptus
335 3591 458 3671 initos,
495 3591 553 3672 qui
579 3612 649 3653 non
675 3611 928 3671 usquequaque
954 3589 1036 3651 mihi
1062 3591 1274 3671 probantur,
1300 3587 1328 3648 si
1354 3588 1403 3650 sic
1429 3609 1467 3650 se

187 3703 359 3771 habeant;
392 3693 456 3761 sed
480 3703 529 3780 (ut
554 3696 642 3777 dixi)
676 3719 745 3759 non
771 3718 914 3778 possum
939 3698 983 3758 de
1008 3695 1325 3758 Reverendissima
1350 3694 1466 3757 llorni-

187 3808 330 3868 natione
356 3816 476 3868 vestra
500 3826 570 3867 non
595 3804 660 3867 nisi
687 3805 820 3885 optima
845 3804 928 3865 mihi
952 3803 1127 3885 polliceri,
1159 3823 1250 3882 quae
1274 3797 1386 3864 foelix
1409 3823 1467 3863 va·

186 3915 268 3990 leat,
294 3912 435 3974 etmihi
460 3913 616 3974 adhaec
641 3913 859 3992 respondere
885 3911 1060 3992 dignetur.

277 4019 613 4082 Reverendissimae
640 4031 673 4081 et
699 4018 958 4081 illustrissimae
983 4017 1225 4080 Dominationi
1250 4027 1391 4078 vestrae

1104 4153 1291 4200 Deditissimus

931 4251 1117 4323 fllorornmn
1135 4248 1283 4319 llomdor,
1302 4249 1431 4298 Nuncius.

219 4456 240 4512 ¹)
259 4452 356 4512 Agitur
381 4452 413 4498 de
439 4452 546 4514 privatis
566 4451 707 4514 colloquiis
736 4468 751 4499 a
771 4451 925 4498 'l'rcvcrensi
953 4449 1082 4497 habendis
1102 4464 1160 4495 cnm
1181 4447 1312 4504 brithere,
1342 4461 1388 4510 spe
1414 4461 1465 4494 non

257 4533 400 4581 admodum
420 4532 550 4598 prudenti,
569 4532 654 4594 ipsorn
674 4532 815 4588 reducendi
837 4532 868 4578 ad
890 4531 1024 4579 meliorem
1044 4530 1153 4594 frugem.
