3330 5580
794 468 851 523 ow
892 467 942 525 138
981 461 1039 524 [50

276 626 386 681 strata
412 637 480 680 una
504 615 610 679 lettra
633 615 777 677 missiva
806 616 841 678 di
866 615 975 678 Cesar
999 618 1045 678 ad
1070 617 1169 678 detto
1194 615 1342 696 Luther,
1376 615 1443 678 che
1471 634 1564 679 com-

275 726 413 804 mincia,
442 723 598 804 „Nobilis
623 724 753 784 devote
777 722 890 784 Nobis
915 724 1064 785 dilecte“
1092 725 1209 784 dando
1235 733 1361 804 questo
1385 724 1492 787 titulo
1517 725 1566 786 ad

275 854 345 895 uno
369 831 527 893 heretico
552 830 695 911 publico
721 841 844 892 contra
861 831 930 892 llio
956 841 991 892 et
1015 841 1139 893 contra
1164 832 1329 911 ragione:
1355 834 1413 894 del
1429 833 1499 893 che
1514 834 1563 893 la·

275 937 533 1017 mentandomi,
566 937 703 999 dissero
735 935 807 998 cosi
833 957 929 999 esser
960 937 982 998 il
1008 938 1089 1000 stilo
1098 988 1107 1019 ,
1140 949 1174 999 et
1205 941 1270 1000 che
1295 959 1333 1000 se
1364 940 1564 1000 havessero

276 1048 396 1107 voluto
421 1045 554 1106 scriver
580 1055 822 1125 aspramente,
859 1046 1010 1106 sarebbe
1043 1047 1125 1125 quel
1150 1044 1342 1109 medesimo
1367 1066 1388 1106 a
1413 1045 1470 1105 dir
1494 1046 1562 1105 che

277 1154 323 1214 lui
350 1173 420 1214 non
445 1172 607 1214 venesse.
655 1151 719 1212 Poi
745 1152 802 1212 nel
826 1151 955 1232 sequir,
981 1153 1078 1213 detta
1102 1153 1208 1213 lettra
1232 1152 1250 1212 ἐ·
1276 1152 1310 1212 di
1335 1151 1408 1213 tale
1432 1150 1561 1231 forma,

275 1263 340 1322 che
366 1260 652 1321 evidentemente
683 1258 711 1320 si
737 1260 828 1321 vede
853 1261 918 1320 che
943 1269 1109 1340 questoro
1145 1261 1261 1321 banno
1287 1258 1466 1321 desiderio
1492 1260 1561 1319 che

274 1369 408 1430 Luthcr
432 1388 500 1447 qua
526 1387 662 1447 vanga,
686 1367 712 1428 il
736 1366 804 1428 fine
830 1387 898 1428 non
924 1366 997 1429 scio
1022 1370 1127 1447 quale
1152 1368 1247 1438 sari;
1286 1367 1355 1428 Dio
1379 1364 1466 1426 volii
1492 1366 1560 1427 che

274 1479 403 1537 buono,
452 1474 524 1536 Sed
558 1494 700 1535 causam
739 1494 848 1554 quare
882 1474 1026 1555 cupiant
1061 1474 1136 1536 eius
1169 1475 1361 1537 adventum
1395 1471 1560 1554 quamvis

274 1596 372 1644 certo
398 1580 568 1661 nesciam,
593 1579 742 1642 coniicio
767 1589 903 1660 tamen,
929 1582 991 1642 sed
1019 1601 1088 1642 non
1113 1580 1225 1642 ausim
1250 1580 1416 1642 scribere.
1465 1579 1560 1641 Illud

275 1711 344 1752 non
376 1688 621 1766 dissimulabO,
659 1690 723 1749 che
755 1690 873 1767 quello
898 1688 1027 1769 giorno
1058 1689 1124 1749 che
1149 1708 1239 1750 vene
1272 1708 1340 1768 qua
1366 1708 1460 1749 nova
1491 1687 1560 1748 che

274 1798 438 1859 Roberto
464 1797 557 1857 della
581 1796 730 1857 Marcha
754 1815 867 1857 venea
892 1816 959 1857 con
985 1795 1155 1870 santaria,
1193 1795 1335 1857 subbito
1360 1794 1397 1855 fu
1423 1801 1561 1855 mutata

275 1907 309 1966 la
333 1904 447 1966 forma
472 1903 527 1963 del
554 1904 653 1963 salvo
679 1903 865 1973 condutto;
891 1903 954 1964 sed
980 1902 1075 1963 dicet
1099 1902 1284 1983 quispiam,
1310 1901 1393 1981 quid
1417 1902 1486 1961 hoc
1512 1901 1558 1961 ad

274 2011 417 2073 Martini
439 2010 647 2092 negocium?
672 2010 802 2091 perchi·
828 2022 994 2090 questoro
1019 2011 1137 2071 hanno
1162 2030 1226 2091 per
1251 2013 1370 2071 buona
1393 2008 1453 2069 via
1476 2008 1558 2069 chel

273 2119 332 2179 Re
365 2118 398 2178 di
424 2117 575 2179 Francia
610 2116 646 2177 fa
682 2117 794 2197 questi
827 2117 929 2196 moti,
966 2128 1000 2178 et
1036 2117 1064 2177 si
1090 2117 1286 2178 dubbitano
1321 2115 1356 2176 di
1390 2114 1559 2195 maggior

272 2246 402 2304 guerra
432 2225 502 2286 alla
527 2225 608 2303 qual
641 2228 832 2303 suspicatio
858 2224 930 2285 Sua
955 2221 1093 2285 Santitit
1128 2244 1225 2285 esser
1250 2221 1496 2284 consentiente
1523 2233 1560 2283 et

271 2332 454 2411 complice,
479 2333 574 2410 quod
599 2341 716 2392 tamen
745 2331 908 2393 existimo
933 2340 969 2391 et
993 2330 1067 2391 dixi
1091 2331 1142 2392 eis
1167 2330 1391 2392 falsissimum
1409 2348 1506 2395 esse:
1534 2328 1558 2390 il

272 2441 337 2499 che
362 2438 625 2518 comprehendo
651 2439 696 2498 da
721 2439 846 2517 parole
872 2440 936 2498 che
954 2458 1008 2499 mo
1033 2439 1151 2499 hanno
1176 2438 1274 2498 detto
1290 2435 1454 2517 privatim
1470 2444 1558 2497 trat-

273 2547 380 2606 tando
414 2564 460 2606 un
495 2542 529 2604 di
555 2564 654 2605 meco
689 2556 813 2624 queste
848 2555 959 2605 trame
994 2545 1038 2606 de
1074 2555 1195 2605 nostro
1221 2564 1329 2624 paese
1363 2542 1398 2602 di
1423 2542 1557 2620 liege:

273 2653 410 2714 berche·
447 2672 515 2712 non
557 2651 605 2712 ita
639 2660 763 2731 aperte
803 2672 841 2712 se
883 2652 1065 2711 declarant
1103 2649 1263 2713 Dominis
1298 2649 1484 2711 Caraciolo
1522 2661 1560 2712 et

273 2758 464 2839 Raphaeli.

362 2865 440 2927 Non
466 2884 571 2927 senza
596 2884 702 2927 causa
727 2866 839 2946 parlo,
865 2865 938 2926 scio
962 2866 1072 2926 multa
1097 2863 1131 2925 in
1157 2865 1280 2925 haere
1304 2884 1368 2944 per
1392 2865 1427 2925 la
1443 2865 1558 2947 longa

270 2973 545 3034 intrinscchezza
568 2973 634 3034 che
652 2972 685 3033 io
702 2974 749 3035 ho
765 2993 832 3034 con
849 2972 962 3053 questi
979 2971 1101 3034 stranii
1119 2971 1264 3033 cervelli
1282 2973 1376 3033 della
1392 2972 1559 3036 Marchia

271 3090 306 3141 et
330 3083 364 3141 la
389 3081 541 3160 prattica
566 3081 623 3142 del
641 3100 760 3160 paese,
786 3081 848 3142 sed
874 3100 964 3160 quae
980 3080 1065 3158 scic,
1090 3078 1186 3159 loqui
1212 3098 1283 3139 non
1300 3099 1444 3160 possum
1469 3080 1558 3143 dum

272 3207 345 3247 sum
373 3186 444 3248 hic:
469 3188 530 3248 Ma
555 3196 653 3249 corto
678 3209 733 3249 me
758 3187 907 3248 dubbito
933 3188 998 3249 che
1023 3197 1190 3267 questoro
1212 3206 1281 3248 non
1307 3185 1439 3247 voliino
1460 3207 1556 3250 com-

271 3294 419 3356 miscere
451 3307 486 3355 et
511 3295 728 3357 confundere
753 3315 895 3357 causam
920 3293 1002 3356 fidei
1035 3315 1112 3356 cum
1138 3314 1245 3355 causa
1278 3313 1392 3354 rerum
1418 3304 1558 3375 tempo-

270 3402 406 3481 ralium,
432 3411 467 3463 et
491 3402 660 3464 adiutarsi
686 3403 731 3463 da
755 3402 840 3482 ogni
864 3403 948 3483 lat0,
972 3401 1032 3483 poi
1058 3404 1122 3462 che
1146 3420 1211 3480 per
1232 3401 1339 3461 molte
1359 3420 1465 3461 cause
1482 3420 1557 3464 non

271 3508 291 3568 li
319 3509 421 3569 viene
447 3511 556 3570 molto
581 3508 823 3590 alproposito
848 3529 913 3589 per
936 3508 960 3569 il
985 3518 1151 3590 presente
1176 3507 1230 3569 far
1255 3528 1394 3589 guerra.

359 3616 404 3677 Et
429 3636 449 3677 a
474 3625 600 3696 questo
626 3637 680 3678 me
705 3618 945 3697 corresponde
970 3617 1004 3677 lo
1029 3618 1095 3677 che
1119 3615 1289 3677 Chievres
1310 3616 1356 3676 mi
1381 3618 1426 3676 ha
1451 3616 1557 3679 detto

269 3722 327 3803 gii
356 3722 416 3802 piir
446 3724 490 3784 de
524 3744 594 3785 una
622 3725 736 3802 volta,
773 3726 838 3785 che
869 3723 999 3785 Nostro
1026 3721 1159 3803 Signor
1186 3744 1257 3785 non
1287 3723 1489 3785 turbidasse
1519 3727 1557 3785 le

270 3849 353 3891 cose
377 3830 454 3891 loro
488 3829 590 3893 sicuti
615 3829 649 3892 in
674 3830 795 3892 alteris
819 3830 945 3892 litteris
970 3829 1105 3911 scripsi.
1153 3831 1353 3911 Utcumque
1379 3830 1437 3892 noi
1462 3830 1556 3893 fare·

271 3957 326 3998 mo
359 3938 391 3997 el
424 3938 545 3999 debito
578 3948 716 4017 nostru,
753 3950 921 4019 quantum
960 3939 994 4000 in
1028 3937 1131 3999 nobis
1161 3950 1232 4017 est,
1269 3959 1324 3999 ma
1356 3959 1426 4000 non
1458 3939 1556 4001 redo

270 4055 398 4125 troppo
424 4043 532 4105 buoni
548 4044 649 4126 segni
667 4044 701 4105 di
717 4054 842 4126 questo
867 4043 922 4106 far
940 4045 1040 4106 venir
1055 4044 1198 4120 Luther,
1224 4046 1400 4107 ancorclre
1419 4044 1439 4106 'l
1458 4065 1553 4107 man·

270 4152 354 4211 dato
380 4150 415 4212 di
435 4163 640 4230 sequestrar
664 4152 687 4213 li
712 4151 791 4212 libri
810 4152 1002 4231 contenghi
1029 4152 1064 4213 in
1082 4172 1120 4214 se
1144 4153 1301 4213 clausule
1325 4172 1391 4232 per
1407 4153 1439 4213 le
1456 4153 1557 4232 quali

270 4278 307 4319 se
332 4259 547 4338 comprende
572 4259 643 4321 tale
669 4270 799 4320 venuta
824 4279 922 4319 esser
945 4280 1010 4340 per
1031 4260 1142 4320 haver
1163 4262 1258 4321 buon
1286 4258 1382 4320 exito
1408 4278 1472 4340 per
1492 4259 1555 4320 noi

269 4374 304 4424 et
329 4362 401 4425 cosi
428 4363 537 4426 Cesar
562 4376 597 4427 et
621 4364 791 4428 Chievres
816 4376 1050 4447 prometten0.
1097 4367 1178 4429 Non
1204 4366 1359 4445 dimen0,
1384 4366 1553 4427 havendo

268 4472 344 4530 loro
369 4469 403 4531 in
429 4480 554 4550 questa
579 4492 686 4533 causa
710 4472 768 4551 gia
794 4472 887 4534 mille
911 4476 1008 4535 volte
1032 4475 1102 4535 ben
1127 4475 1294 4536 concluso
1320 4484 1354 4534 ct
1374 4473 1552 4553 ordinato,

269 4587 305 4637 et
328 4577 387 4657 poi
412 4577 502 4639 fatto
527 4589 653 4641 contra
676 4581 709 4640 la
734 4580 810 4641 loro
835 4581 1071 4659 conclusione,
1097 4592 1132 4643 et
1156 4602 1355 4662 promessa,
1380 4601 1450 4642 non
1476 4579 1551 4641 scio

269 4687 387 4764 quello
420 4685 465 4746 mi
491 4687 610 4747 dobba
642 4685 717 4748 dire
743 4707 763 4747 o
788 4686 988 4766 giudicare:
1027 4689 1064 4750 In
1097 4709 1230 4750 summa
1260 4688 1376 4749 alcuni
1410 4687 1550 4763 dicon0,

270 4794 335 4853 che
361 4791 495 4854 Luther
520 4793 658 4873 veniri,
695 4793 775 4856 altri
800 4793 928 4856 dicono
954 4798 1018 4856 cho
1044 4817 1130 4875 non,
1163 4797 1195 4856 ol
1220 4815 1306 4856 vcro
1332 4796 1429 4856 lusus
1453 4797 1551 4857 solus
