3344 5564
712 453 770 507 ΜΞ
809 451 958 508 252Ε>ή

196 597 230 660 in
265 597 402 679 grande
433 594 521 679 fuga
548 599 680 679 perche
705 599 728 660 li
753 598 897 660 citadini
922 598 1059 661 hormai
1083 600 1115 660 el
1140 598 1359 662 cominciano
1380 597 1445 662 schi-

196 705 261 788 far‚
286 706 406 769 donde
431 725 535 786 spero
561 707 626 775 che
651 706 684 768 le
708 725 791 769 cose
815 708 1023 781 andaranno
1052 706 1097 768 de
1121 707 1191 768 ben
1217 705 1252 767 in
1277 704 1378 768 melio
1397 724 1446 767 con

196 814 230 875 lo
255 812 375 876 adiuto
400 814 445 874 de
469 812 548 877 Dio.
589 872 595 883 ,

285 920 319 982 Α
344 919 456 1000 quest’
488 921 576 981 hora
606 920 651 981 ho
683 921 766 982 dato
797 919 947 982 l’editto
979 922 1140 982 alemano
1165 922 1211 982 ad
1236 919 1449 1002 imprimeret

196 1027 332 1089 bench&
358 1048 396 1089 se
419 1025 699 1089 rechiederebbe
723 1026 773 1088 sei
798 1026 924 1106 giorni,
949 1037 1066 1089 tamen
1093 1028 1138 1089 ho
1160 1026 1250 1090 fatto
1275 1029 1341 1090 che
1363 1047 1398 1090 se
1415 1027 1448 1088 la·

197 1132 274 1195 vori
299 1131 334 1195 di
359 1144 393 1195 et
418 1142 515 1196 notte
539 1133 706 1195 accioche
731 1133 751 1194 l’
767 1134 958 1196 habbiamo
984 1135 1016 1197 el
1041 1132 1076 1195 di
1101 1136 1158 1196 del
1176 1133 1315 1216 Corpus
1332 1131 1450 1198 Domini

196 1261 261 1322 per
284 1239 466 1302 distribuit
490 1260 511 1300 a
534 1238 686 1321 principi
711 1249 746 1301 et
769 1240 903 1321 populi,
928 1252 1065 1304 mentre
1082 1242 1146 1303 che
1172 1261 1260 1303 sono
1286 1241 1320 1303 in
1346 1241 1451 1318 diaeta,

196 1347 327 1430 perche
352 1347 380 1409 si
405 1347 484 1409 dice
509 1348 574 1408 che
599 1346 731 1409 Caesar
760 1348 902 1409 omnino
927 1367 964 1409 se
995 1346 1129 1428 partiri
1162 1345 1327 1419 venerdi;
1359 1343 1452 1428 pertiti

197 1455 215 1517 ἐ
240 1454 441 1517 necessario
467 1455 533 1515 che
557 1453 671 1535 primo
696 1453 737 1516 sii
761 1453 851 1516 satta
874 1456 924 1516 tal
949 1474 1043 1517 cosa.
1090 1453 1170 1516 Non
1201 1456 1340 1517 restero
1370 1460 1454 1516 tutta·

196 1562 294 1624 volta
325 1563 454 1623 doman
488 1579 509 1622 o
541 1559 644 1622 marti
675 1558 731 1622 far
758 1561 921 1642 publicar
948 1582 1013 1645 per
1042 1570 1133 1623 tutta
1155 1563 1191 1623 la
1215 1560 1312 1624 dieta
1347 1573 1383 1623 et
1403 1558 1455 1623 citi

194 1668 253 1729 alli
278 1666 416 1730 heraldi
440 1676 476 1729 et
498 1677 674 1748 trompete
700 1668 798 1730 detto
824 1670 991 1730 mandato
1015 1669 1318 1731 sollemnemente.

281 1774 359 1836 Hac
384 1776 507 1836 eadem
533 1776 620 1836 hora
644 1775 690 1836 ho
716 1775 798 1836 dato
824 1775 947 1837 ordine
972 1776 1006 1836 al
1029 1774 1235 1856 predicator
1259 1784 1381 1837 nostro
1404 1775 1454 1836 che

192 1882 338 1962 predico
376 1903 397 1943 a
420 1880 607 1961 Maguntia
640 1882 705 1943 che
743 1880 784 1943 sii
816 1891 936 1962 presto
962 1881 1072 1944 datoli
1097 1882 1131 1943 el
1153 1891 1248 1943 tema
1273 1882 1339 1944 che
1363 1899 1455 1962 para

192 1988 377 2071 proposito
402 2008 480 2050 cum
506 1989 632 2050 alcune
657 1988 802 2051 historie
827 1989 872 2050 de
897 1996 1022 2068 questo
1039 1987 1199 2050 brusciar
1217 1989 1261 2050 de
1286 1988 1368 2051 mali
1391 1984 1455 2049 libri

192 2096 250 2177 gia
280 2096 338 2157 dal
374 2105 494 2175 tempo
526 2095 570 2156 de
595 2094 780 2175 Apostoli,
812 2096 856 2158 de
889 2095 912 2157 li
937 2094 1078 2157 concilii
1102 2093 1200 2175 greci
1226 2105 1260 2156 et
1286 2094 1403 2175 latini,
1429 2099 1454 2154 et

193 2222 297 2283 spero
323 2202 388 2263 che
406 2199 585 2262 Mereordi
610 2200 752 2262 omnino
778 2201 801 2262 li
826 2201 903 2263 fara
927 2203 982 2283 tal
994 2221 1134 2264 sermon
1159 2201 1194 2262 in
1218 2202 1364 2283 publico
1387 2210 1452 2264 ante

193 2309 225 2370 el
250 2310 376 2390 palazo
402 2308 445 2369 de
471 2306 602 2369 Caesar
635 2317 671 2369 et
699 2307 728 2369 si
759 2310 1024 2370 abrusceranno
1056 2307 1079 2369 li
1110 2306 1190 2370 libri
1222 2327 1290 2370 con
1314 2308 1339 2370 li
1364 2303 1453 2370 debiti
1491 2294 1493 2299 ’

194 2426 229 2478 et
254 2413 412 2477 consueti
437 2413 551 2484 modi,
587 2413 611 2477 il
645 2416 711 2477 che
746 2415 854 2477 molto
888 2434 1033 2477 remove
1067 2414 1182 2496 questi
1214 2414 1339 2496 popoli
1370 2415 1410 2476 da
1428 2413 1452 2472 la

195 2521 362 2584 devotion
380 2521 424 2582 de
442 2530 566 2602 questo
587 2521 702 2583 Arrio
743 2520 876 2602 Questo
894 2521 994 2599 tatto,
1019 2542 1056 2582 se
1072 2522 1313 2584 mandaranno
1331 2521 1355 2584 li
1372 2517 1450 2583 editti

192 2648 259 2709 per
283 2637 374 2689 tutta
398 2630 432 2689 la
456 2627 648 2690 Germania
680 2639 715 2691 et
746 2627 805 2710 gia
830 2649 900 2690 non
925 2628 1061 2690 restari
1085 2628 1144 2710 piu
1170 2629 1261 2690 altro
1287 2649 1309 2690 a
1331 2628 1451 2707 serpet

193 2757 263 2806 me:
289 2755 354 2816 per
377 2735 401 2797 il
426 2737 492 2797 che
516 2737 585 2796 ben
611 2735 726 2816 potrei
751 2735 886 2797 hormai
910 2746 1073 2797 retornar
1097 2756 1118 2796 a
1135 2734 1263 2813 Roma,
1290 2754 1388 2797 como
1407 2729 1449 2813 gii

194 2842 293 2924 quasi
318 2843 432 2904 havea
462 2842 678 2919 deliberatO,
715 2863 770 2903 ma
801 2843 931 2922 perche
957 2842 1000 2904 V.
1026 2843 1062 2905 S.
1088 2841 1164 2903 R¹¹¹²
1187 2862 1242 2903 me
1267 2843 1381 2904 scrive
1401 2837 1448 2900 che

193 2951 226 3012 io
252 2948 380 3030 seguiti
406 2950 440 3010 la
463 2948 627 3028 victoria,
653 2968 717 3030 per
742 2949 903 3010 obedirla
938 2951 1073 3010 andarb
1099 2969 1177 3010 cum
1202 2947 1334 3011 Cesare
1358 2948 1391 3010 in
1409 2941 1447 3006 Fi·

194 3057 306 3119 andra
340 3068 373 3118 et
407 3075 471 3137 per
504 3057 537 3117 la
570 3057 677 3117 bassa
701 3055 916 3136 Allemagna
944 3056 1130 3117 attendero
1155 3076 1177 3118 a
1199 3054 1255 3117 far
1279 3052 1448 3118 annichilar

194 3161 308 3244 questi
340 3161 513 3224 venenosi
546 3171 581 3223 et
612 3161 889 3243 pestilentissimi
923 3162 1001 3223 libri
1036 3171 1071 3224 et
1103 3162 1126 3223 li
1151 3161 1262 3224 libelli
1287 3159 1405 3225 famosi
1422 3162 1447 3215 el

195 3268 382 3345 criminosi,
407 3269 537 3348 perche
563 3266 653 3329 cossi
678 3289 716 3330 se
741 3268 905 3330 contione
930 3269 988 3330 nel
1013 3268 1135 3331 editto.
1181 3269 1243 3331 Ma
1267 3270 1286 3331 e
1311 3271 1446 3345 besogno

194 3378 272 3439 chel
298 3375 336 3437 Sr
355 3375 524 3439 Carazolo
550 3383 584 3436 et
608 3374 642 3435 io
667 3376 806 3436 almeno
831 3374 876 3436 fin
910 3396 931 3436 a
956 3374 1102 3437 Colonia
1132 3376 1298 3438 habiamo
1335 3365 1446 3436 l'ochi0

194 3487 263 3546 ben
297 3492 422 3564 aperto
457 3481 588 3569 perche
622 3481 812 3543 habbiamo
845 3502 909 3563 per
940 3481 1040 3544 aviso
1072 3483 1137 3543 che
1162 3502 1227 3564 per
1251 3483 1333 3544 tutti
1356 3467 1446 3562 questi

195 3590 292 3672 loghi
328 3591 520 3651 tenduntur
553 3587 655 3650 nobis
691 3587 840 3650 insidiae
877 3599 911 3649 et
947 3588 1075 3651 dicono
1108 3590 1173 3651 che
1204 3591 1446 3651 extrahentur

195 3697 303 3761 etiam
333 3717 354 3757 a
388 3698 500 3757 latere
526 3693 690 3757 Caesaris
724 3706 759 3757 et
794 3696 883 3757 altre
909 3694 1002 3757 mille
1027 3695 1279 3757 absurdissime
1303 3685 1472 3758 minaccie.

195 3805 239 3873 de
264 3806 296 3866 le
321 3805 424 3885 quale
450 3823 555 3883 spero
580 3805 672 3863 bene
697 3802 731 3864 in
755 3802 823 3864 Dio
849 3803 913 3864 che
939 3802 970 3863 ci
995 3802 1207 3864 conservera
1224 3801 1385 3866 ambedoi
1404 3784 1446 3857 11⁰i

195 3922 230 3974 et
253 3911 276 3973 li
302 3910 422 3972 nostri.

282 4018 323 4080 El
348 4016 488 4079 ribaldo
512 4017 557 4079 de
571 4016 706 4078 Hutten
731 4035 795 4096 per
820 4015 962 4096 meggio
980 4016 1024 4076 de
1049 4015 1266 4078 Armestorff
1281 4009 1446 4078 cameriere

195 4127 239 4187 de
264 4125 372 4187 Cesar
397 4143 458 4185 era
482 4124 672 4185 accordato
697 4143 718 4183 a
742 4121 919 4203 stipendio
937 4123 981 4183 de
998 4120 1127 4184 Cesare
1152 4142 1191 4183 cc
1216 4122 1332 4185 fiorini
1362 4118 1446 4182 d'010

195 4235 228 4294 al
260 4251 353 4293 anno
385 4241 420 4292 et
452 4250 514 4292 era
546 4229 569 4290 il
601 4229 660 4310 piu
691 4237 859 4290 contento
894 4229 952 4290 del
985 4230 1115 4290 mundo
1145 4248 1224 4291 cum
1255 4238 1379 4310 questo
1398 4219 1447 4283 che

196 4358 353 4401 cessasse
378 4339 423 4398 da
448 4346 571 4418 queste
596 4356 658 4398 sue
682 4334 859 4397 invective
884 4334 992 4397 etsie
1018 4335 1230 4417 promiserat
1246 4315 1449 4398 abstineresi

195 4444 385 4528 potuisset,
416 4444 511 4524 quod
544 4463 613 4505 non
638 4443 766 4513 cred0;
792 4444 982 4505 tuttavolta
1006 4443 1027 4504 l'
1041 4445 1131 4504 altro
1155 4442 1283 4522 giorno
1308 4445 1377 4505 ben
1397 4451 1449 4500 na·

195 4553 268 4615 tino
307 4550 422 4614 trovai
461 4548 580 4613 avanti
618 4550 652 4610 la
686 4570 826 4611 camera
859 4550 893 4611 di
919 4550 1027 4612 Cesar
1060 4551 1091 4611 el
1123 4569 1273 4629 ragazzo
1303 4551 1347 4612 de
1372 4551 1454 4611 detto
1489 4550 1493 4599 l

195 4636 328 4721 Hutten
354 4659 386 4719 el
411 4659 492 4738 qual
518 4655 698 4737 cognobbi
723 4657 769 4719 da
786 4659 818 4718 le
835 4677 931 4718 arme
947 4659 1012 4719 che
1029 4667 1142 4737 porta,
1170 4669 1205 4718 et
1221 4651 1456 4738 investigando

163 4757 169 4761 ⁵
194 4765 308 4828 trovai
333 4767 399 4827 che
423 4765 538 4826 havea
561 4772 704 4844 portato
728 4783 798 4823 una
822 4766 948 4825 lettera
972 4764 1016 4824 ad
1034 4763 1251 4825 Armestorff
1273 4765 1366 4826 nella
1389 4757 1456 4845 qual
