<?xml version="1.0" encoding="UTF-8"?>
<!DOCTYPE html PUBLIC "-//W3C//DTD XHTML 1.0 Transitional//EN"
    "http://www.w3.org/TR/xhtml1/DTD/xhtml1-transitional.dtd">
<html xmlns="http://www.w3.org/1999/xhtml" xml:lang="en" lang="en">
 <head>
  <title>
</title>
<meta http-equiv="Content-Type" content="text/html;charset=utf-8" />
  <meta name='ocr-system' content='tesseract 3.04.00' />
  <meta name='ocr-capabilities' content='ocr_page ocr_carea ocr_par ocr_line ocrx_word'/>
</head>
<body>
  <div class='ocr_page' id='page_1' title='image "./monumentareform00vatigoog_0531.png"; bbox 0 0 3330 5580; ppageno 0'>
   <div class='ocr_carea' id='block_1_1' title="bbox 780 464 1027 523">
    <p class='ocr_par' dir='ltr' id='par_1_1' title="bbox 780 464 1027 523">
     <span class='ocr_line' id='line_1_1' title="bbox 780 464 1027 523; baseline 0.004 -1"><span class='ocrx_word' id='word_1_1' title='bbox 780 464 1027 523; x_wconf 47' lang='lat' dir='ltr'>edim&amp;</span> 
     </span>
    </p>
   </div>
   <div class='ocr_carea' id='block_1_2' title="bbox 264 610 1561 1763">
    <p class='ocr_par' dir='ltr' id='par_1_2' title="bbox 264 610 1561 1553">
     <span class='ocr_line' id='line_1_2' title="bbox 265 610 1561 699; baseline -0.002 -20"><span class='ocrx_word' id='word_1_2' title='bbox 265 636 419 699; x_wconf 82' lang='lat' dir='ltr'>pergere</span> <span class='ocrx_word' id='word_1_3' title='bbox 452 615 498 678; x_wconf 90' lang='lat' dir='ltr'>ad</span> <span class='ocrx_word' id='word_1_4' title='bbox 532 613 751 679; x_wconf 87' lang='lat' dir='ltr'>sedationem</span> <span class='ocrx_word' id='word_1_5' title='bbox 788 614 977 677; x_wconf 91' lang='lat' dir='ltr'>illiusmodi</span> <span class='ocrx_word' id='word_1_6' title='bbox 1002 615 1157 696; x_wconf 82' lang='lat' dir='ltr'>plebium</span> <span class='ocrx_word' id='word_1_7' title='bbox 1192 613 1292 677; x_wconf 93' lang='lat' dir='ltr'>salva</span> <span class='ocrx_word' id='word_1_8' title='bbox 1325 610 1463 696; x_wconf 88' lang='lat' dir='ltr'>ubique</span> <span class='ocrx_word' id='word_1_9' title='bbox 1496 623 1561 678; x_wconf 89' lang='lat' dir='ltr'>tua</span> 
     </span>
     <span class='ocr_line' id='line_1_3' title="bbox 266 721 1559 805; baseline -0.002 -18"><span class='ocrx_word' id='word_1_10' title='bbox 266 739 300 787; x_wconf 89' lang='lat' dir='ltr'>et</span> <span class='ocrx_word' id='word_1_11' title='bbox 325 725 524 786; x_wconf 90' lang='lat' dir='ltr'>divinarum</span> <span class='ocrx_word' id='word_1_12' title='bbox 547 723 718 805; x_wconf 86' lang='lat' dir='ltr'>imprimis</span> <span class='ocrx_word' id='word_1_13' title='bbox 743 725 862 804; x_wconf 90' lang='lat' dir='ltr'>legum</span> <span class='ocrx_word' id='word_1_14' title='bbox 885 722 1060 803; x_wconf 82' lang='lat' dir='ltr'>dignitate</span> <span class='ocrx_word' id='word_1_15' title='bbox 1085 721 1185 800; x_wconf 88' lang='lat' dir='ltr'>velis,</span> <span class='ocrx_word' id='word_1_16' title='bbox 1210 741 1251 784; x_wconf 86' lang='lat' dir='ltr'>ac</span> <span class='ocrx_word' id='word_1_17' title='bbox 1271 742 1383 805; x_wconf 83' lang='lat' dir='ltr'><strong>saepe</strong></span> <span class='ocrx_word' id='word_1_18' title='bbox 1408 741 1432 783; x_wconf 86' lang='lat' dir='ltr'>a</span> <span class='ocrx_word' id='word_1_19' title='bbox 1449 722 1559 803; x_wconf 83' lang='lat' dir='ltr'>majo-</span> 
     </span>
     <span class='ocr_line' id='line_1_4' title="bbox 264 828 1561 918; baseline -0.002 -25"><span class='ocrx_word' id='word_1_20' title='bbox 264 832 361 894; x_wconf 83' lang='lat' dir='ltr'>ribus</span> <span class='ocrx_word' id='word_1_21' title='bbox 390 830 458 893; x_wconf 92' lang='lat' dir='ltr'>tuis</span> <span class='ocrx_word' id='word_1_22' title='bbox 490 839 695 912; x_wconf 82' lang='lat' dir='ltr'>usurpatam</span> <span class='ocrx_word' id='word_1_23' title='bbox 730 830 1006 918; x_wconf 52' lang='lat' dir='ltr'>conservandae&gt;</span> <span class='ocrx_word' id='word_1_24' title='bbox 1031 828 1252 891; x_wconf 86' lang='lat' dir='ltr'>auctoritatis</span> <span class='ocrx_word' id='word_1_25' title='bbox 1286 829 1561 892; x_wconf 86' lang='lat' dir='ltr'>ecclesiasticae</span> 
     </span>
     <span class='ocr_line' id='line_1_5' title="bbox 265 934 1561 1018; baseline 0 -19"><span class='ocrx_word' id='word_1_26' title='bbox 265 937 414 1016; x_wconf 78' lang='lat' dir='ltr'>gloriam</span> <span class='ocrx_word' id='word_1_27' title='bbox 449 935 665 1017; x_wconf 85' lang='lat' dir='ltr'>amplificare</span> <span class='ocrx_word' id='word_1_28' title='bbox 699 936 788 998; x_wconf 90' lang='lat' dir='ltr'>sicut</span> <span class='ocrx_word' id='word_1_29' title='bbox 822 945 876 998; x_wconf 89' lang='lat' dir='ltr'>est</span> <span class='ocrx_word' id='word_1_30' title='bbox 908 934 1091 1017; x_wconf 92' lang='lat' dir='ltr'>proprium</span> <span class='ocrx_word' id='word_1_31' title='bbox 1119 935 1260 998; x_wconf 87' lang='lat' dir='ltr'>virtutis</span> <span class='ocrx_word' id='word_1_32' title='bbox 1293 945 1330 998; x_wconf 90' lang='lat' dir='ltr'>et</span> <span class='ocrx_word' id='word_1_33' title='bbox 1353 937 1561 1018; x_wconf 82' lang='lat' dir='ltr'>sapientiae</span> 
     </span>
     <span class='ocr_line' id='line_1_6' title="bbox 265 1042 1561 1125; baseline -0.001 -19"><span class='ocrx_word' id='word_1_34' title='bbox 265 1054 357 1106; x_wconf 86' lang='lat' dir='ltr'>tuae.</span> <span class='ocrx_word' id='word_1_35' title='bbox 406 1043 480 1106; x_wconf 89' lang='lat' dir='ltr'>Nos</span> <span class='ocrx_word' id='word_1_36' title='bbox 512 1064 603 1125; x_wconf 89' lang='lat' dir='ltr'>quae</span> <span class='ocrx_word' id='word_1_37' title='bbox 635 1042 699 1105; x_wconf 91' lang='lat' dir='ltr'>tibi</span> <span class='ocrx_word' id='word_1_38' title='bbox 733 1042 882 1124; x_wconf 89' lang='lat' dir='ltr'>polliciti</span> <span class='ocrx_word' id='word_1_39' title='bbox 908 1062 1026 1104; x_wconf 91' lang='lat' dir='ltr'>sumus</span> <span class='ocrx_word' id='word_1_40' title='bbox 1059 1042 1217 1106; x_wconf 85' lang='lat' dir='ltr'>subsidia</span> <span class='ocrx_word' id='word_1_41' title='bbox 1247 1053 1286 1105; x_wconf 93' lang='lat' dir='ltr'>ut</span> <span class='ocrx_word' id='word_1_42' title='bbox 1317 1044 1561 1125; x_wconf 85' lang='lat' dir='ltr'>expediamus</span> 
     </span>
     <span class='ocr_line' id='line_1_7' title="bbox 266 1150 1560 1232; baseline 0.001 -20"><span class='ocrx_word' id='word_1_43' title='bbox 266 1151 352 1214; x_wconf 88' lang='lat' dir='ltr'>nihil</span> <span class='ocrx_word' id='word_1_44' title='bbox 378 1150 691 1232; x_wconf 86' lang='lat' dir='ltr'>praetermittimus</span> <span class='ocrx_word' id='word_1_45' title='bbox 716 1150 941 1230; x_wconf 86' lang='lat' dir='ltr'>diligentiae;</span> <span class='ocrx_word' id='word_1_46' title='bbox 978 1151 1042 1212; x_wconf 89' lang='lat' dir='ltr'>sed</span> <span class='ocrx_word' id='word_1_47' title='bbox 1073 1161 1128 1213; x_wconf 89' lang='lat' dir='ltr'>est</span> <span class='ocrx_word' id='word_1_48' title='bbox 1159 1150 1194 1213; x_wconf 90' lang='lat' dir='ltr'>iu</span> <span class='ocrx_word' id='word_1_49' title='bbox 1227 1150 1408 1231; x_wconf 84' lang='lat' dir='ltr'>exigendo</span> <span class='ocrx_word' id='word_1_50' title='bbox 1436 1151 1560 1232; x_wconf 91' lang='lat' dir='ltr'>aliqua</span> 
     </span>
     <span class='ocr_line' id='line_1_8' title="bbox 265 1255 1561 1338; baseline 0 -19"><span class='ocrx_word' id='word_1_51' title='bbox 265 1258 456 1320; x_wconf 85' lang='lat' dir='ltr'>difficultas</span> <span class='ocrx_word' id='word_1_52' title='bbox 480 1277 549 1338; x_wconf 91' lang='lat' dir='ltr'>que</span> <span class='ocrx_word' id='word_1_53' title='bbox 573 1267 690 1319; x_wconf 91' lang='lat' dir='ltr'>tamen</span> <span class='ocrx_word' id='word_1_54' title='bbox 716 1276 782 1319; x_wconf 92' lang='lat' dir='ltr'>nec</span> <span class='ocrx_word' id='word_1_55' title='bbox 806 1255 911 1318; x_wconf 89' lang='lat' dir='ltr'>fidem</span> <span class='ocrx_word' id='word_1_56' title='bbox 934 1266 1089 1318; x_wconf 89' lang='lat' dir='ltr'>nostram</span> <span class='ocrx_word' id='word_1_57' title='bbox 1113 1277 1180 1320; x_wconf 89' lang='lat' dir='ltr'>nec</span> <span class='ocrx_word' id='word_1_58' title='bbox 1198 1277 1354 1319; x_wconf 86' lang='lat' dir='ltr'>amorem</span> <span class='ocrx_word' id='word_1_59' title='bbox 1369 1268 1561 1320; x_wconf 84' lang='lat' dir='ltr'>moratura</span> 
     </span>
     <span class='ocr_line' id='line_1_9' title="bbox 265 1362 1559 1445; baseline 0.001 -19"><span class='ocrx_word' id='word_1_60' title='bbox 265 1375 328 1427; x_wconf 87' lang='lat' dir='ltr'>est.</span> <span class='ocrx_word' id='word_1_61' title='bbox 376 1365 479 1445; x_wconf 77' lang='lat' dir='ltr'>Quod</span> <span class='ocrx_word' id='word_1_62' title='bbox 513 1364 619 1426; x_wconf 89' lang='lat' dir='ltr'>etiam</span> <span class='ocrx_word' id='word_1_63' title='bbox 653 1384 700 1426; x_wconf 85' lang='lat' dir='ltr'>ex</span> <span class='ocrx_word' id='word_1_64' title='bbox 724 1363 784 1426; x_wconf 91' lang='lat' dir='ltr'>dil.</span> <span class='ocrx_word' id='word_1_65' title='bbox 817 1362 852 1427; x_wconf 89' lang='lat' dir='ltr'>fi.</span> <span class='ocrx_word' id='word_1_66' title='bbox 876 1364 984 1425; x_wconf 90' lang='lat' dir='ltr'>Petro</span> <span class='ocrx_word' id='word_1_67' title='bbox 1010 1362 1222 1427; x_wconf 89' lang='lat' dir='ltr'>Salamanca</span> <span class='ocrx_word' id='word_1_68' title='bbox 1256 1364 1369 1426; x_wconf 89' lang='lat' dir='ltr'>actori</span> <span class='ocrx_word' id='word_1_69' title='bbox 1402 1364 1465 1427; x_wconf 90' lang='lat' dir='ltr'>hic</span> <span class='ocrx_word' id='word_1_70' title='bbox 1494 1374 1559 1427; x_wconf 89' lang='lat' dir='ltr'>tuo</span> 
     </span>
     <span class='ocr_line' id='line_1_10' title="bbox 267 1471 638 1553; baseline 0 -21"><span class='ocrx_word' id='word_1_71' title='bbox 267 1472 467 1552; x_wconf 87' lang='lat' dir='ltr'>intelligere</span> <span class='ocrx_word' id='word_1_72' title='bbox 493 1471 638 1553; x_wconf 87' lang='lat' dir='ltr'>poteris.</span> 
     </span>
    </p>

    <p class='ocr_par' dir='ltr' id='par_1_3' title="bbox 358 1578 742 1640">
     <span class='ocr_line' id='line_1_11' title="bbox 358 1578 742 1640; baseline 0 0"><span class='ocrx_word' id='word_1_73' title='bbox 358 1580 485 1640; x_wconf 74' lang='lat' dir='ltr'>Datum</span> <span class='ocrx_word' id='word_1_74' title='bbox 510 1578 651 1640; x_wconf 87' lang='lat' dir='ltr'>Romae</span> <span class='ocrx_word' id='word_1_75' title='bbox 675 1588 742 1640; x_wconf 89' lang='lat' dir='ltr'>etc.</span> 
     </span>
    </p>

    <p class='ocr_par' dir='ltr' id='par_1_4' title="bbox 356 1684 1148 1763">
     <span class='ocr_line' id='line_1_12' title="bbox 356 1684 1148 1763; baseline 0 -15"><span class='ocrx_word' id='word_1_76' title='bbox 356 1687 421 1748; x_wconf 80' lang='grc'><strong>1116</strong></span> <span class='ocrx_word' id='word_1_77' title='bbox 448 1685 503 1746; x_wconf 85' lang='lat' dir='ltr'>Xl</span> <span class='ocrx_word' id='word_1_78' title='bbox 527 1684 609 1763; x_wconf 92' lang='lat' dir='ltr'>Julii</span> <span class='ocrx_word' id='word_1_79' title='bbox 634 1684 823 1746; x_wconf 84' lang='lat' dir='ltr'>MDXXV</span> <span class='ocrx_word' id='word_1_80' title='bbox 849 1685 956 1747; x_wconf 85' lang='lat' dir='ltr'>Anno</span> <span class='ocrx_word' id='word_1_81' title='bbox 981 1686 1148 1748; x_wconf 87' lang='lat' dir='ltr'>secunde.</span> 
     </span>
    </p>
   </div>
   <div class='ocr_carea' id='block_1_3' title="bbox 565 2239 1249 2465">
    <p class='ocr_par' dir='ltr' id='par_1_5' title="bbox 565 2239 1249 2465">
     <span class='ocr_line' id='line_1_13' title="bbox 870 2239 945 2302; baseline 0 0"><span class='ocrx_word' id='word_1_82' title='bbox 870 2239 945 2302; x_wconf 79' lang='lat'><strong>232.</strong></span> 
     </span>
     <span class='ocr_line' id='line_1_14' title="bbox 565 2362 1249 2465; baseline 0.001 -22"><span class='ocrx_word' id='word_1_83' title='bbox 565 2363 679 2465; x_wconf 74' lang='lat' dir='ltr'>Epist.</span> <span class='ocrx_word' id='word_1_84' title='bbox 709 2363 941 2444; x_wconf 68' lang='lat' dir='ltr'>Tridentinus</span> <span class='ocrx_word' id='word_1_85' title='bbox 970 2363 1142 2445; x_wconf 78' lang='lat' dir='ltr'>Clementi</span> <span class='ocrx_word' id='word_1_86' title='bbox 1170 2362 1249 2444; x_wconf 82' lang='lat' dir='ltr'>VH.</span> 
     </span>
    </p>
   </div>
   <div class='ocr_carea' id='block_1_4' title="bbox 695 2510 1116 2698">
    <p class='ocr_par' dir='ltr' id='par_1_6' title="bbox 695 2510 1116 2698">
     <span class='ocr_line' id='line_1_15' title="bbox 695 2510 1116 2584; baseline 0 -16"><span class='ocrx_word' id='word_1_87' title='bbox 695 2510 781 2584; x_wconf 68' lang='lat' dir='ltr'>Epist.</span> <span class='ocrx_word' id='word_1_88' title='bbox 800 2511 957 2584; x_wconf 78' lang='lat' dir='ltr'>prinum.</span> <span class='ocrx_word' id='word_1_89' title='bbox 976 2510 1116 2584; x_wconf 65' lang='grc'><strong>1131198.</strong></span> 
     </span>
     <span class='ocr_line' id='line_1_16' title="bbox 787 2632 1036 2698; baseline 0 -18"><span class='ocrx_word' id='word_1_90' title='bbox 787 2633 841 2696; x_wconf 80' lang='lat'>(16.</span> <span class='ocrx_word' id='word_1_91' title='bbox 861 2632 928 2698; x_wconf 82' lang='lat' dir='ltr'>Julii</span> <span class='ocrx_word' id='word_1_92' title='bbox 950 2635 1036 2697; x_wconf 74' lang='lat'>1525.)</span> 
     </span>
    </p>
   </div>
   <div class='ocr_carea' id='block_1_5' title="bbox 269 2756 1562 4875">
    <p class='ocr_par' dir='ltr' id='par_1_7' title="bbox 269 2756 1562 4875">
     <span class='ocr_line' id='line_1_17' title="bbox 360 2756 1560 2839; baseline 0.003 -21"><span class='ocrx_word' id='word_1_93' title='bbox 360 2757 568 2820; x_wconf 85' lang='lat' dir='ltr'>Beatissime</span> <span class='ocrx_word' id='word_1_94' title='bbox 596 2757 702 2819; x_wconf 88' lang='lat' dir='ltr'>Pater</span> <span class='ocrx_word' id='word_1_95' title='bbox 727 2767 761 2819; x_wconf 87' lang='lat' dir='ltr'>et</span> <span class='ocrx_word' id='word_1_96' title='bbox 786 2757 937 2820; x_wconf 86' lang='lat' dir='ltr'>Domine</span> <span class='ocrx_word' id='word_1_97' title='bbox 962 2756 1218 2821; x_wconf 89' lang='lat' dir='ltr'>Colendissime</span> <span class='ocrx_word' id='word_1_98' title='bbox 1249 2768 1330 2839; x_wconf 90' lang='lat' dir='ltr'>post</span> <span class='ocrx_word' id='word_1_99' title='bbox 1362 2760 1560 2822; x_wconf 89' lang='lat' dir='ltr'>beatorum</span> 
     </span>
     <span class='ocr_line' id='line_1_18' title="bbox 269 2864 1561 2946; baseline 0.002 -21"><span class='ocrx_word' id='word_1_100' title='bbox 269 2867 399 2946; x_wconf 89' lang='lat' dir='ltr'>pedum</span> <span class='ocrx_word' id='word_1_101' title='bbox 437 2866 558 2926; x_wconf 90' lang='lat' dir='ltr'>oscula</span> <span class='ocrx_word' id='word_1_102' title='bbox 591 2865 820 2927; x_wconf 90' lang='lat' dir='ltr'>humillimam</span> <span class='ocrx_word' id='word_1_103' title='bbox 852 2864 1193 2928; x_wconf 85' lang='lat' dir='ltr'>commendationem</span> <span class='ocrx_word' id='word_1_104' title='bbox 1226 2875 1261 2925; x_wconf 90' lang='lat' dir='ltr'>et</span> <span class='ocrx_word' id='word_1_105' title='bbox 1299 2865 1484 2927; x_wconf 82' lang='lat' dir='ltr'>servitutis</span> <span class='ocrx_word' id='word_1_106' title='bbox 1516 2886 1561 2928; x_wconf 88' lang='lat' dir='ltr'>ac</span> 
     </span>
     <span class='ocr_line' id='line_1_19' title="bbox 269 2971 1561 3052; baseline 0.002 -20"><span class='ocrx_word' id='word_1_107' title='bbox 269 2971 519 3052; x_wconf 86' lang='lat' dir='ltr'>obsequiorum</span> <span class='ocrx_word' id='word_1_108' title='bbox 546 2992 702 3033; x_wconf 89' lang='lat' dir='ltr'>meorum</span> <span class='ocrx_word' id='word_1_109' title='bbox 728 2972 956 3035; x_wconf 90' lang='lat' dir='ltr'>oblationem.</span> <span class='ocrx_word' id='word_1_110' title='bbox 1003 2972 1176 3034; x_wconf 90' lang='lat' dir='ltr'>Hortatur</span> <span class='ocrx_word' id='word_1_111' title='bbox 1193 2992 1247 3033; x_wconf 88' lang='lat' dir='ltr'>me</span> <span class='ocrx_word' id='word_1_112' title='bbox 1263 2971 1334 3032; x_wconf 89' lang='lat' dir='ltr'>suis</span> <span class='ocrx_word' id='word_1_113' title='bbox 1358 2972 1403 3032; x_wconf 91' lang='lat' dir='ltr'>de</span> <span class='ocrx_word' id='word_1_114' title='bbox 1428 2972 1561 3052; x_wconf 91' lang='lat' dir='ltr'>quinta</span> 
     </span>
     <span class='ocr_line' id='line_1_20' title="bbox 269 3076 1561 3160; baseline 0.002 -21"><span class='ocrx_word' id='word_1_115' title='bbox 269 3078 369 3141; x_wconf 90' lang='lat' dir='ltr'>huius</span> <span class='ocrx_word' id='word_1_116' title='bbox 387 3076 564 3140; x_wconf 86' lang='lat' dir='ltr'>Sanctitas</span> <span class='ocrx_word' id='word_1_117' title='bbox 578 3079 709 3141; x_wconf 88' lang='lat' dir='ltr'>Vestra</span> <span class='ocrx_word' id='word_1_118' title='bbox 733 3090 769 3140; x_wconf 91' lang='lat' dir='ltr'>ut</span> <span class='ocrx_word' id='word_1_119' title='bbox 794 3100 898 3160; x_wconf 90' lang='lat' dir='ltr'>quam</span> <span class='ocrx_word' id='word_1_120' title='bbox 923 3080 1084 3156; x_wconf 89' lang='lat' dir='ltr'>antehac,</span> <span class='ocrx_word' id='word_1_121' title='bbox 1110 3098 1256 3158; x_wconf 91' lang='lat' dir='ltr'>operam</span> <span class='ocrx_word' id='word_1_122' title='bbox 1280 3087 1316 3139; x_wconf 89' lang='lat' dir='ltr'>et</span> <span class='ocrx_word' id='word_1_123' title='bbox 1331 3077 1561 3160; x_wconf 84' lang='lat' dir='ltr'>diligentiam</span> 
     </span>
     <span class='ocr_line' id='line_1_21' title="bbox 269 3184 1561 3264; baseline 0.002 -18"><span class='ocrx_word' id='word_1_124' title='bbox 269 3184 397 3246; x_wconf 90' lang='lat' dir='ltr'>navavi</span> <span class='ocrx_word' id='word_1_125' title='bbox 422 3204 486 3264; x_wconf 93' lang='lat' dir='ltr'>pro</span> <span class='ocrx_word' id='word_1_126' title='bbox 512 3195 604 3246; x_wconf 91' lang='lat' dir='ltr'>statu</span> <span class='ocrx_word' id='word_1_127' title='bbox 630 3194 664 3246; x_wconf 91' lang='lat' dir='ltr'>et</span> <span class='ocrx_word' id='word_1_128' title='bbox 688 3186 824 3248; x_wconf 85' lang='lat' dir='ltr'>honore</span> <span class='ocrx_word' id='word_1_129' title='bbox 850 3185 983 3247; x_wconf 87' lang='lat' dir='ltr'>ordinis</span> <span class='ocrx_word' id='word_1_130' title='bbox 1008 3184 1240 3246; x_wconf 87' lang='lat' dir='ltr'>sacerdotalis</span> <span class='ocrx_word' id='word_1_131' title='bbox 1264 3186 1310 3246; x_wconf 92' lang='lat' dir='ltr'>ab</span> <span class='ocrx_word' id='word_1_132' title='bbox 1345 3204 1387 3247; x_wconf 88' lang='lat' dir='ltr'>ea</span> <span class='ocrx_word' id='word_1_133' title='bbox 1411 3205 1457 3246; x_wconf 88' lang='lat' dir='ltr'>ne</span> <span class='ocrx_word' id='word_1_134' title='bbox 1483 3207 1561 3249; x_wconf 88' lang='lat' dir='ltr'>ces-</span> 
     </span>
     <span class='ocr_line' id='line_1_22' title="bbox 271 3290 1560 3373; baseline 0.002 -20"><span class='ocrx_word' id='word_1_135' title='bbox 271 3312 360 3364; x_wconf 86' lang='lat' dir='ltr'>sem;</span> <span class='ocrx_word' id='word_1_136' title='bbox 386 3294 453 3354; x_wconf 88' lang='lat' dir='ltr'>hoc</span> <span class='ocrx_word' id='word_1_137' title='bbox 478 3306 595 3355; x_wconf 89' lang='lat' dir='ltr'>autem</span> <span class='ocrx_word' id='word_1_138' title='bbox 621 3291 761 3353; x_wconf 90' lang='lat' dir='ltr'>tametsi</span> <span class='ocrx_word' id='word_1_139' title='bbox 786 3311 851 3371; x_wconf 92' lang='lat' dir='ltr'>pro</span> <span class='ocrx_word' id='word_1_140' title='bbox 877 3291 969 3353; x_wconf 88' lang='lat' dir='ltr'>virili</span> <span class='ocrx_word' id='word_1_141' title='bbox 994 3312 1072 3353; x_wconf 89' lang='lat' dir='ltr'>mea</span> <span class='ocrx_word' id='word_1_142' title='bbox 1097 3290 1288 3372; x_wconf 83' lang='lat' dir='ltr'>diligenter</span> <span class='ocrx_word' id='word_1_143' title='bbox 1313 3291 1434 3353; x_wconf 92' lang='lat' dir='ltr'>curavi</span> <span class='ocrx_word' id='word_1_144' title='bbox 1472 3313 1560 3373; x_wconf 94' lang='lat' dir='ltr'>quo·</span> 
     </span>
     <span class='ocr_line' id='line_1_23' title="bbox 270 3397 1562 3481; baseline 0.001 -21"><span class='ocrx_word' id='word_1_145' title='bbox 270 3400 341 3461; x_wconf 86' lang='lat' dir='ltr'>cies</span> <span class='ocrx_word' id='word_1_146' title='bbox 365 3398 475 3481; x_wconf 90' lang='lat' dir='ltr'>potui,</span> <span class='ocrx_word' id='word_1_147' title='bbox 501 3411 535 3461; x_wconf 88' lang='lat' dir='ltr'>et</span> <span class='ocrx_word' id='word_1_148' title='bbox 558 3399 699 3461; x_wconf 90' lang='lat' dir='ltr'>occasio</span> <span class='ocrx_word' id='word_1_149' title='bbox 715 3398 798 3459; x_wconf 92' lang='lat' dir='ltr'>mihi</span> <span class='ocrx_word' id='word_1_150' title='bbox 815 3398 881 3460; x_wconf 81' lang='lat' dir='ltr'>fuit</span> <span class='ocrx_word' id='word_1_151' title='bbox 896 3399 1035 3478; x_wconf 89' lang='lat' dir='ltr'>oblata,</span> <span class='ocrx_word' id='word_1_152' title='bbox 1059 3398 1153 3460; x_wconf 91' lang='lat' dir='ltr'>idem</span> <span class='ocrx_word' id='word_1_153' title='bbox 1180 3397 1214 3458; x_wconf 94' lang='lat' dir='ltr'>in</span> <span class='ocrx_word' id='word_1_154' title='bbox 1243 3411 1424 3479; x_wconf 88' lang='lat' dir='ltr'>posterum</span> <span class='ocrx_word' id='word_1_155' title='bbox 1440 3399 1562 3481; x_wconf 89' lang='lat' dir='ltr'>magis</span> 
     </span>
     <span class='ocr_line' id='line_1_24' title="bbox 272 3504 1561 3586; baseline 0.002 -19"><span class='ocrx_word' id='word_1_156' title='bbox 272 3515 378 3586; x_wconf 87' lang='lat' dir='ltr'>atque</span> <span class='ocrx_word' id='word_1_157' title='bbox 403 3505 517 3586; x_wconf 91' lang='lat' dir='ltr'>magis</span> <span class='ocrx_word' id='word_1_158' title='bbox 541 3525 664 3567; x_wconf 90' lang='lat' dir='ltr'>curare</span> <span class='ocrx_word' id='word_1_159' title='bbox 690 3507 913 3583; x_wconf 88' lang='lat' dir='ltr'>contendam,</span> <span class='ocrx_word' id='word_1_160' title='bbox 940 3525 1008 3568; x_wconf 92' lang='lat' dir='ltr'>non</span> <span class='ocrx_word' id='word_1_161' title='bbox 1034 3506 1146 3567; x_wconf 90' lang='lat' dir='ltr'>solum</span> <span class='ocrx_word' id='word_1_162' title='bbox 1167 3506 1261 3586; x_wconf 91' lang='lat' dir='ltr'>quod</span> <span class='ocrx_word' id='word_1_163' title='bbox 1286 3506 1320 3567; x_wconf 92' lang='lat' dir='ltr'>in</span> <span class='ocrx_word' id='word_1_164' title='bbox 1346 3525 1389 3567; x_wconf 91' lang='lat' dir='ltr'>eo</span> <span class='ocrx_word' id='word_1_165' title='bbox 1414 3504 1561 3570; x_wconf 84' lang='lat' dir='ltr'>videam</span> 
     </span>
     <span class='ocr_line' id='line_1_25' title="bbox 273 3610 1561 3692; baseline 0.003 -20"><span class='ocrx_word' id='word_1_166' title='bbox 273 3611 331 3692; x_wconf 90' lang='lat' dir='ltr'>agi</span> <span class='ocrx_word' id='word_1_167' title='bbox 368 3612 412 3673; x_wconf 88' lang='lat' dir='ltr'>de</span> <span class='ocrx_word' id='word_1_168' title='bbox 454 3610 628 3673; x_wconf 91' lang='lat' dir='ltr'>communi</span> <span class='ocrx_word' id='word_1_169' title='bbox 663 3611 845 3674; x_wconf 88' lang='lat' dir='ltr'>Ecclesiae</span> <span class='ocrx_word' id='word_1_170' title='bbox 877 3621 971 3674; x_wconf 88' lang='lat' dir='ltr'>statu</span> <span class='ocrx_word' id='word_1_171' title='bbox 1003 3613 1179 3673; x_wconf 89' lang='lat' dir='ltr'>servando</span> <span class='ocrx_word' id='word_1_172' title='bbox 1213 3611 1394 3690; x_wconf 89' lang='lat' dir='ltr'>incolumi,</span> <span class='ocrx_word' id='word_1_173' title='bbox 1430 3632 1561 3676; x_wconf 91' lang='lat' dir='ltr'>verum</span> 
     </span>
     <span class='ocr_line' id='line_1_26' title="bbox 272 3718 1561 3801; baseline 0.005 -23"><span class='ocrx_word' id='word_1_174' title='bbox 272 3718 377 3779; x_wconf 87' lang='lat' dir='ltr'>etiam</span> <span class='ocrx_word' id='word_1_175' title='bbox 402 3720 498 3798; x_wconf 91' lang='lat' dir='ltr'>quod</span> <span class='ocrx_word' id='word_1_176' title='bbox 521 3719 556 3780; x_wconf 92' lang='lat' dir='ltr'>id</span> <span class='ocrx_word' id='word_1_177' title='bbox 573 3719 724 3781; x_wconf 89' lang='lat' dir='ltr'>Vestrae</span> <span class='ocrx_word' id='word_1_178' title='bbox 741 3718 959 3781; x_wconf 89' lang='lat' dir='ltr'>Beatitudini</span> <span class='ocrx_word' id='word_1_179' title='bbox 982 3719 1220 3801; x_wconf 86' lang='lat' dir='ltr'>gratissimum</span> <span class='ocrx_word' id='word_1_180' title='bbox 1245 3739 1322 3782; x_wconf 82' lang='lat' dir='ltr'>esse</span> <span class='ocrx_word' id='word_1_181' title='bbox 1338 3738 1561 3801; x_wconf 84' lang='lat' dir='ltr'>cognoscam</span> 
     </span>
     <span class='ocr_line' id='line_1_27' title="bbox 270 3824 1561 3908; baseline 0.005 -23"><span class='ocrx_word' id='word_1_182' title='bbox 270 3824 369 3887; x_wconf 89' lang='lat' dir='ltr'>cuius</span> <span class='ocrx_word' id='word_1_183' title='bbox 393 3826 496 3906; x_wconf 78' lang='lat' dir='ltr'>votiS,</span> <span class='ocrx_word' id='word_1_184' title='bbox 522 3836 559 3888; x_wconf 93' lang='lat' dir='ltr'>ut</span> <span class='ocrx_word' id='word_1_185' title='bbox 583 3847 648 3907; x_wconf 88' lang='lat' dir='ltr'>par</span> <span class='ocrx_word' id='word_1_186' title='bbox 673 3839 736 3905; x_wconf 90' lang='lat' dir='ltr'>est,</span> <span class='ocrx_word' id='word_1_187' title='bbox 761 3825 984 3889; x_wconf 90' lang='lat' dir='ltr'>tenacissime</span> <span class='ocrx_word' id='word_1_188' title='bbox 1008 3846 1149 3908; x_wconf 87' lang='lat' dir='ltr'>semper</span> <span class='ocrx_word' id='word_1_189' title='bbox 1164 3826 1247 3888; x_wconf 83' lang='lat' dir='ltr'>milri</span> <span class='ocrx_word' id='word_1_190' title='bbox 1264 3826 1561 3891; x_wconf 83' lang='lat' dir='ltr'>satisfaciendum</span> 
     </span>
     <span class='ocr_line' id='line_1_28' title="bbox 274 3932 1560 4017; baseline 0.003 -24"><span class='ocrx_word' id='word_1_191' title='bbox 274 3952 352 3993; x_wconf 89' lang='lat' dir='ltr'>esse</span> <span class='ocrx_word' id='word_1_192' title='bbox 368 3932 543 3997; x_wconf 90' lang='lat' dir='ltr'>constitui.</span> <span class='ocrx_word' id='word_1_193' title='bbox 575 3933 662 3994; x_wconf 91' lang='lat' dir='ltr'>Mihi</span> <span class='ocrx_word' id='word_1_194' title='bbox 687 3945 805 3996; x_wconf 89' lang='lat' dir='ltr'>autem</span> <span class='ocrx_word' id='word_1_195' title='bbox 830 3932 976 4014; x_wconf 87' lang='lat' dir='ltr'>gloriari</span> <span class='ocrx_word' id='word_1_196' title='bbox 1000 3953 1071 3995; x_wconf 93' lang='lat' dir='ltr'>non</span> <span class='ocrx_word' id='word_1_197' title='bbox 1095 3933 1188 4013; x_wconf 89' lang='lat' dir='ltr'>licet,</span> <span class='ocrx_word' id='word_1_198' title='bbox 1213 3933 1349 4014; x_wconf 92' lang='lat' dir='ltr'>siquid</span> <span class='ocrx_word' id='word_1_199' title='bbox 1375 3953 1441 4015; x_wconf 91' lang='lat' dir='ltr'>per</span> <span class='ocrx_word' id='word_1_200' title='bbox 1460 3936 1560 4017; x_wconf 88' lang='lat' dir='ltr'>elap-</span> 
     </span>
     <span class='ocr_line' id='line_1_29' title="bbox 271 4038 1559 4121; baseline 0.003 -20"><span class='ocrx_word' id='word_1_201' title='bbox 271 4060 347 4101; x_wconf 90' lang='lat' dir='ltr'>sum</span> <span class='ocrx_word' id='word_1_202' title='bbox 371 4041 428 4101; x_wconf 90' lang='lat' dir='ltr'>vel</span> <span class='ocrx_word' id='word_1_203' title='bbox 452 4039 586 4101; x_wconf 90' lang='lat' dir='ltr'>laboris</span> <span class='ocrx_word' id='word_1_204' title='bbox 610 4040 753 4120; x_wconf 89' lang='lat' dir='ltr'>sumpsi,</span> <span class='ocrx_word' id='word_1_205' title='bbox 777 4041 835 4102; x_wconf 89' lang='lat' dir='ltr'>vel</span> <span class='ocrx_word' id='word_1_206' title='bbox 857 4038 1063 4120; x_wconf 88' lang='lat' dir='ltr'>diligentiae</span> <span class='ocrx_word' id='word_1_207' title='bbox 1080 4060 1151 4102; x_wconf 93' lang='lat' dir='ltr'>non</span> <span class='ocrx_word' id='word_1_208' title='bbox 1167 4040 1400 4121; x_wconf 88' lang='lat' dir='ltr'>praetermisi,</span> <span class='ocrx_word' id='word_1_209' title='bbox 1425 4040 1462 4103; x_wconf 91' lang='lat' dir='ltr'>in</span> <span class='ocrx_word' id='word_1_210' title='bbox 1488 4043 1559 4105; x_wconf 90' lang='lat' dir='ltr'>hoc</span> 
     </span>
     <span class='ocr_line' id='line_1_30' title="bbox 270 4144 1560 4230; baseline 0.003 -23"><span class='ocrx_word' id='word_1_211' title='bbox 270 4144 348 4227; x_wconf 90' lang='lat' dir='ltr'>ipso</span> <span class='ocrx_word' id='word_1_212' title='bbox 373 4146 535 4227; x_wconf 89' lang='lat' dir='ltr'>negoci0,</span> <span class='ocrx_word' id='word_1_213' title='bbox 560 4146 651 4208; x_wconf 89' lang='lat' dir='ltr'>sicut</span> <span class='ocrx_word' id='word_1_214' title='bbox 667 4149 713 4209; x_wconf 90' lang='lat' dir='ltr'>ab</span> <span class='ocrx_word' id='word_1_215' title='bbox 737 4146 836 4209; x_wconf 91' lang='lat' dir='ltr'>initio</span> <span class='ocrx_word' id='word_1_216' title='bbox 860 4166 1000 4227; x_wconf 83' lang='lat' dir='ltr'>aspere,</span> <span class='ocrx_word' id='word_1_217' title='bbox 1024 4147 1073 4209; x_wconf 89' lang='lat' dir='ltr'>ita</span> <span class='ocrx_word' id='word_1_218' title='bbox 1097 4146 1166 4210; x_wconf 88' lang='lat' dir='ltr'>iam</span> <span class='ocrx_word' id='word_1_219' title='bbox 1190 4147 1372 4229; x_wconf 88' lang='lat' dir='ltr'>aliquanto</span> <span class='ocrx_word' id='word_1_220' title='bbox 1396 4147 1560 4230; x_wconf 88' lang='lat' dir='ltr'>remisso,</span> 
     </span>
     <span class='ocr_line' id='line_1_31' title="bbox 272 4253 1559 4336; baseline 0.004 -22"><span class='ocrx_word' id='word_1_221' title='bbox 272 4262 309 4314; x_wconf 94' lang='lat' dir='ltr'>ut</span> <span class='ocrx_word' id='word_1_222' title='bbox 333 4253 485 4315; x_wconf 89' lang='lat' dir='ltr'>debeam</span> <span class='ocrx_word' id='word_1_223' title='bbox 508 4273 564 4316; x_wconf 91' lang='lat' dir='ltr'>me</span> <span class='ocrx_word' id='word_1_224' title='bbox 589 4275 632 4317; x_wconf 91' lang='lat' dir='ltr'>eo</span> <span class='ocrx_word' id='word_1_225' title='bbox 656 4253 725 4317; x_wconf 92' lang='lat' dir='ltr'>loci</span> <span class='ocrx_word' id='word_1_226' title='bbox 749 4253 903 4336; x_wconf 92' lang='lat' dir='ltr'>positum</span> <span class='ocrx_word' id='word_1_227' title='bbox 927 4274 1017 4335; x_wconf 88' lang='lat' dir='ltr'>esse,</span> <span class='ocrx_word' id='word_1_228' title='bbox 1040 4254 1101 4316; x_wconf 91' lang='lat' dir='ltr'>ubi</span> <span class='ocrx_word' id='word_1_229' title='bbox 1125 4274 1196 4317; x_wconf 92' lang='lat' dir='ltr'>non</span> <span class='ocrx_word' id='word_1_230' title='bbox 1228 4265 1300 4317; x_wconf 93' lang='lat' dir='ltr'>tam</span> <span class='ocrx_word' id='word_1_231' title='bbox 1331 4254 1376 4317; x_wconf 90' lang='lat' dir='ltr'>de</span> <span class='ocrx_word' id='word_1_232' title='bbox 1408 4274 1490 4318; x_wconf 88' lang='lat' dir='ltr'>mea</span> <span class='ocrx_word' id='word_1_233' title='bbox 1517 4277 1559 4319; x_wconf 90' lang='lat' dir='ltr'>re</span> 
     </span>
     <span class='ocr_line' id='line_1_32' title="bbox 270 4361 1558 4445; baseline 0.005 -24"><span class='ocrx_word' id='word_1_234' title='bbox 270 4370 447 4441; x_wconf 88' lang='lat' dir='ltr'>ageretur,</span> <span class='ocrx_word' id='word_1_235' title='bbox 474 4361 725 4425; x_wconf 91' lang='lat' dir='ltr'>verumetiam</span> <span class='ocrx_word' id='word_1_236' title='bbox 749 4361 842 4424; x_wconf 91' lang='lat' dir='ltr'>unde</span> <span class='ocrx_word' id='word_1_237' title='bbox 866 4362 996 4424; x_wconf 90' lang='lat' dir='ltr'>malum</span> <span class='ocrx_word' id='word_1_238' title='bbox 1024 4363 1092 4425; x_wconf 90' lang='lat' dir='ltr'>hoc</span> <span class='ocrx_word' id='word_1_239' title='bbox 1128 4363 1236 4444; x_wconf 91' lang='lat' dir='ltr'>longe</span> <span class='ocrx_word' id='word_1_240' title='bbox 1259 4362 1403 4442; x_wconf 86' lang='lat' dir='ltr'>lateque</span> <span class='ocrx_word' id='word_1_241' title='bbox 1428 4374 1558 4445; x_wconf 89' lang='lat' dir='ltr'>patere</span> 
     </span>
     <span class='ocr_line' id='line_1_33' title="bbox 272 4467 1558 4550; baseline 0.004 -21"><span class='ocrx_word' id='word_1_242' title='bbox 272 4480 307 4529; x_wconf 89' lang='lat' dir='ltr'>et</span> <span class='ocrx_word' id='word_1_243' title='bbox 331 4487 532 4548; x_wconf 86' lang='lat' dir='ltr'>pervagare</span> <span class='ocrx_word' id='word_1_244' title='bbox 560 4468 752 4549; x_wconf 89' lang='lat' dir='ltr'>potuisset,</span> <span class='ocrx_word' id='word_1_245' title='bbox 785 4467 852 4531; x_wconf 92' lang='lat' dir='ltr'>nisi</span> <span class='ocrx_word' id='word_1_246' title='bbox 881 4488 920 4529; x_wconf 92' lang='lat' dir='ltr'>se</span> <span class='ocrx_word' id='word_1_247' title='bbox 944 4468 1022 4549; x_wconf 93' lang='lat' dir='ltr'>quis</span> <span class='ocrx_word' id='word_1_248' title='bbox 1046 4467 1212 4550; x_wconf 91' lang='lat' dir='ltr'>pincipiis</span> <span class='ocrx_word' id='word_1_249' title='bbox 1236 4467 1374 4531; x_wconf 91' lang='lat' dir='ltr'>obicem</span> <span class='ocrx_word' id='word_1_250' title='bbox 1392 4468 1558 4535; x_wconf 86' lang='lat' dir='ltr'>fecisset:</span> 
     </span>
     <span class='ocr_line' id='line_1_34' title="bbox 272 4573 1559 4657; baseline 0.003 -21"><span class='ocrx_word' id='word_1_251' title='bbox 272 4593 338 4636; x_wconf 88' lang='lat' dir='ltr'>nec</span> <span class='ocrx_word' id='word_1_252' title='bbox 362 4574 443 4636; x_wconf 89' lang='lat' dir='ltr'>ideo</span> <span class='ocrx_word' id='word_1_253' title='bbox 475 4573 589 4637; x_wconf 90' lang='lat' dir='ltr'>minus</span> <span class='ocrx_word' id='word_1_254' title='bbox 620 4575 832 4656; x_wconf 89' lang='lat' dir='ltr'>provintiam</span> <span class='ocrx_word' id='word_1_255' title='bbox 865 4573 1041 4638; x_wconf 90' lang='lat' dir='ltr'>duriorem</span> <span class='ocrx_word' id='word_1_256' title='bbox 1075 4596 1154 4638; x_wconf 91' lang='lat' dir='ltr'>esse</span> <span class='ocrx_word' id='word_1_257' title='bbox 1184 4574 1322 4656; x_wconf 91' lang='lat' dir='ltr'>putavi,</span> <span class='ocrx_word' id='word_1_258' title='bbox 1359 4579 1456 4657; x_wconf 92' lang='lat' dir='ltr'>quod</span> <span class='ocrx_word' id='word_1_259' title='bbox 1487 4577 1559 4640; x_wconf 91' lang='lat' dir='ltr'>iam</span> 
     </span>
     <span class='ocr_line' id='line_1_35' title="bbox 275 4682 1557 4763; baseline 0.003 -20"><span class='ocrx_word' id='word_1_260' title='bbox 275 4691 379 4743; x_wconf 89' lang='lat' dir='ltr'>antea</span> <span class='ocrx_word' id='word_1_261' title='bbox 404 4683 610 4761; x_wconf 85' lang='lat' dir='ltr'>exhaustus,</span> <span class='ocrx_word' id='word_1_262' title='bbox 635 4693 670 4744; x_wconf 87' lang='lat' dir='ltr'>et</span> <span class='ocrx_word' id='word_1_263' title='bbox 694 4682 852 4744; x_wconf 89' lang='lat' dir='ltr'>nonnihil</span> <span class='ocrx_word' id='word_1_264' title='bbox 877 4690 1049 4763; x_wconf 90' lang='lat' dir='ltr'>gravatus</span> <span class='ocrx_word' id='word_1_265' title='bbox 1072 4702 1197 4763; x_wconf 88' lang='lat' dir='ltr'>essem,</span> <span class='ocrx_word' id='word_1_266' title='bbox 1222 4683 1339 4746; x_wconf 91' lang='lat' dir='ltr'>omnia</span> <span class='ocrx_word' id='word_1_267' title='bbox 1356 4683 1452 4747; x_wconf 84' lang='lat' dir='ltr'>levia</span> <span class='ocrx_word' id='word_1_268' title='bbox 1476 4705 1557 4747; x_wconf 89' lang='lat' dir='ltr'>esse</span> 
     </span>
     <span class='ocr_line' id='line_1_36' title="bbox 277 4787 1558 4875; baseline 0.007 -25"><span class='ocrx_word' id='word_1_269' title='bbox 277 4787 373 4868; x_wconf 85' lang='lat' dir='ltr'>duxi,</span> <span class='ocrx_word' id='word_1_270' title='bbox 399 4787 427 4849; x_wconf 89' lang='lat' dir='ltr'>si</span> <span class='ocrx_word' id='word_1_271' title='bbox 453 4789 558 4850; x_wconf 91' lang='lat' dir='ltr'>modo</span> <span class='ocrx_word' id='word_1_272' title='bbox 583 4789 814 4868; x_wconf 88' lang='lat' dir='ltr'>consulerem,</span> <span class='ocrx_word' id='word_1_273' title='bbox 839 4798 875 4850; x_wconf 88' lang='lat' dir='ltr'>et</span> <span class='ocrx_word' id='word_1_274' title='bbox 897 4788 976 4870; x_wconf 88' lang='lat' dir='ltr'>ipse</span> <span class='ocrx_word' id='word_1_275' title='bbox 1000 4811 1066 4875; x_wconf 92' lang='lat' dir='ltr'>pro</span> <span class='ocrx_word' id='word_1_276' title='bbox 1084 4790 1176 4852; x_wconf 92' lang='lat' dir='ltr'>virili</span> <span class='ocrx_word' id='word_1_277' title='bbox 1193 4791 1370 4852; x_wconf 88' lang='lat' dir='ltr'>iuvassem</span> <span class='ocrx_word' id='word_1_278' title='bbox 1387 4792 1558 4861; x_wconf 85' lang='lat' dir='ltr'>tumultus</span> 
     </span>
    </p>
   </div>
   <div class='ocr_carea' id='block_1_6' title="bbox 0 0 1670 5580">
    <p class='ocr_par' dir='ltr' id='par_1_8' title="bbox 0 0 1670 5580">
     <span class='ocr_line' id='line_1_37' title="bbox 0 0 1670 5580; baseline 0 0"><span class='ocrx_word' id='word_1_279' title='bbox 0 0 1670 5580; x_wconf 95' lang='lat' dir='ltr'> </span> 
     </span>
    </p>
   </div>
  </div>
 </body>
</html>
