3330 5580
707 452 953 510 &wib-0

191 616 333 679 semper
370 598 494 661 solitus
526 620 563 661 es
599 600 787 663 exhibebis
820 610 994 682 paratum.
1049 601 1123 665 Nos
1159 602 1252 665 enim
1285 602 1471 673 Nobilitati

191 713 272 766 tuae
295 704 431 785 gratias
455 725 541 786 quas¹
566 726 706 788 semper
730 710 901 771 debemus
925 728 990 791 pro
1015 708 1125 791 ipsius
1149 708 1285 774 meritis
1319 710 1472 775 libenter

190 810 328 891 agimus
352 822 387 873 et
411 820 470 874 tue
495 813 776 894 prestantissima
800 815 908 877 menti
933 836 974 878 ac
1005 814 1130 898 pietati
1158 836 1237 879 earn
1271 826 1473 899 prestamus

190 918 476 981 benevolentiam
517 930 555 980 ut
586 919 671 982 nihil
703 921 884 984 ardentius
918 934 1040 985 nostro
1074 942 1162 1004 erga
1193 934 1228 986 te
1259 944 1385 989 amore
1422 947 1471 989 re·

191 1023 298 1104 periri
318 1024 424 1088 facile
445 1046 551 1106 posse
568 1027 741 1108 videatur,
766 1030 847 1095 Dat.
871 1040 938 1093 etc.
963 1029 1032 1093 Die
1052 1028 1111 1092 XI
1123 1028 1196 1093 Mai
1208 1028 1472 1097 MDXXXIV.

191 1132 296 1194 Anno
321 1131 450 1196 Primo
1115 1172 1118 1177 ·

1149 1227 1312 1324 satorum

797 1689 870 1755 156.

511 1803 669 1883 Clemens
697 1805 774 1885 VII.
805 1806 948 1886 electori
976 1807 1193 1888 treverensi

608 1952 694 2023 (Arm.
712 1952 760 2011 ΣΙ.
780 1953 855 2027 Capi.
874 1953 936 2011 111.
955 1954 988 2012 ll.
1007 1954 1061 2024 tt.)

706 2071 759 2139 (11.
781 2075 845 2123 Maii
868 2072 955 2141 1524.)

279 2195 504 2258 Venerabilis
538 2198 662 2261 Frater
697 2209 763 2261 etc.
822 2200 877 2262 De
909 2198 1049 2280 optimis
1087 2197 1213 2261 officiis
1238 2197 1474 2262 fraternitatis

189 2309 272 2363 tuae
296 2322 383 2382 erga
407 2302 512 2367 fidem
538 2304 676 2386 Christi,
703 2317 738 2367 et
762 2305 894 2368 Sedem
917 2307 1009 2368 hanc
1034 2303 1220 2383 Sanctam,
1244 2325 1310 2386 per
1335 2304 1474 2369 litteras

191 2407 321 2471 Dilecti
355 2408 416 2471 filii
455 2412 565 2474 nostri
598 2412 779 2475 Laurentii
813 2411 967 2475 Sanctae
1009 2412 1221 2491 Anastasiae
1253 2412 1472 2476 Praesbiteri

190 2514 387 2579 Cardinalis
412 2517 620 2600 Campegii,
655 2520 784 2599 nostri,
817 2529 852 2580 et
877 2517 983 2582 Sedis
1007 2517 1239 2599 Apostolicae
1275 2520 1321 2581 de
1360 2520 1473 2583 latere

189 2623 299 2704 legati
332 2625 502 2687 certiores
534 2626 635 2706 facti,
673 2638 726 2690 est
759 2628 853 2708 quod
886 2646 1034 2708 agamus
1066 2625 1200 2706 gratias
1224 2625 1321 2703 Dee,
1350 2626 1471 2706 quiin

183 2731 349 2811 ⁴quamvis
375 2751 503 2813 magna
527 2733 631 2816 copia
655 2734 875 2814 zizaniorum,
900 2733 1032 2814 aliquid
1057 2742 1175 2796 tamen
1197 2733 1280 2795 boni
1305 2742 1341 2794 et
1367 2732 1473 2796 electi

189 2836 331 2912 seminis
366 2859 506 2921 semper
536 2841 708 2922 reliquum
741 2861 819 2903 esse
844 2842 936 2919 vult,
968 2842 1063 2922 quod
1086 2838 1240 2902 fructum
1263 2840 1472 2921 centuplum

189 2945 301 3025 possit
325 2944 471 3019 afferre;
502 2948 600 3009 Tuae
634 2968 718 3010 vero
750 2947 964 3011 fraternitati
994 2947 1181 3028 plurimum
1210 2965 1290 3008 cum
1315 2947 1471 3010 Domino

189 3054 424 3133 gratulemur,
458 3074 548 3135 quae
573 3056 650 3117 sola
677 3053 780 3116 nobis
805 3053 881 3116 visa
909 3064 984 3132 est,
1018 3064 1078 3116 aut
1110 3063 1206 3117 certe
1231 3073 1309 3116 curn
1335 3054 1471 3135 paucis,

189 3181 258 3223 non
285 3163 398 3225 solum
423 3161 683 3224 obtrectatione
708 3160 819 3223 divini
844 3160 994 3223 nominis
1003 3209 1012 3240 ,
1037 3161 1132 3243 quod
1157 3160 1251 3223 omni
1275 3160 1471 3225 christiano

189 3268 256 3330 ritu
282 3269 550 3348 contundendo,
576 3269 610 3330 in
636 3269 866 3351 opprobrium
898 3278 1062 3347 vocatur,
1092 3278 1240 3352 propter
1269 3288 1367 3347 eam,
1401 3289 1473 3351 qua

188 3376 351 3457 praedita
368 3388 421 3439 est
444 3376 651 3458 religionem
677 3376 839 3439 molestia
863 3374 971 3449 affici;
997 3377 1060 3438 sed
1084 3384 1232 3458 propter
1255 3374 1471 3456 sapientiam

190 3484 306 3563 etiam,
331 3504 498 3565 quorsum
521 3484 589 3546 ista
613 3484 772 3562 tendant,
798 3494 832 3544 et
857 3502 960 3563 quem
985 3484 1031 3544 ad
1047 3481 1153 3545 finem
1168 3490 1342 3564 spectent,
1366 3501 1470 3564 prae·

189 3591 321 3653 videre.
383 3591 525 3653 Utinam
569 3600 639 3653 tam
674 3600 839 3672 prompte
875 3590 1031 3652 remedia
1066 3589 1155 3651 tanti
1190 3588 1272 3652 mali
1306 3588 1471 3653 invenire

189 3719 388 3781 possemus,
414 3719 517 3780 quam
550 3707 751 3779 promptum
776 3706 830 3759 est
853 3696 1016 3758 omnibus
1039 3696 1140 3758 istius
1164 3694 1318 3758 nationis
1341 3695 1472 3776 princi·

188 3805 293 3889 pibus
317 3826 358 3867 ac
382 3804 591 3887 praesertim
617 3802 865 3866 ecclesiasticis
896 3803 975 3884 (nisi
1000 3803 1100 3865 Deus
1124 3802 1305 3883 averterit)
1331 3803 1470 3884 pericu·

188 3914 278 3975 lum!
327 3912 380 3974 Ac
406 3932 471 3974 nos
494 3911 647 3992 quidem,
671 3911 700 3972 si
724 3910 934 3991 temporalia
958 3910 1143 3972 commoda
1167 3918 1383 3990 spectemus,
1409 3929 1470 3992 pa·

188 4040 264 4082 rum
289 4029 350 4082 aut
373 4018 460 4081 nihil
484 4038 603 4081 sumus
627 4018 806 4097 amissuri,
838 4019 938 4079 salva
969 4017 1062 4079 enim
1096 4036 1237 4097 semper
1269 4015 1336 4078 erit
1364 4017 1472 4080 nobis

189 4127 363 4209 dignitas;
389 4127 452 4188 sed
476 4135 598 4187 noster
622 4123 734 4187 omnis
758 4125 861 4186 dolor
880 4144 926 4186 ex
945 4124 1024 4185 Deo
1049 4132 1112 4201 est,
1137 4142 1253 4203 neque
1277 4121 1471 4187 incommo-

189 4235 234 4296 do
259 4245 396 4311 nostr0,
428 4233 492 4296 sed
516 4230 739 4313 pereuntium
770 4231 965 4294 animarum
996 4229 1255 4303 misericordia;
1285 4237 1320 4291 et
1354 4227 1470 4293 divini

188 4343 303 4403 cultus
328 4339 525 4421 dispendi0,
550 4358 821 4402 commovemur.
869 4336 956 4400 Cum
980 4357 1067 4419 ergo
1089 4336 1272 4401 videamus
1296 4335 1382 4417 quid
1408 4356 1470 4400 no·

187 4448 328 4510 vissime
352 4447 387 4509 in
412 4445 575 4528 proximo
600 4455 778 4508 conventu
801 4445 1061 4527 Norimbergae
1085 4443 1192 4507 fuerit
1215 4451 1406 4507 statutum:
1432 4444 1468 4509 in

187 4575 257 4635 quo
293 4575 371 4616 curn
415 4553 624 4636 premissum
659 4553 783 4615 fuisset
820 4551 974 4615 omniurn
1009 4570 1204 4628 consensu,
1244 4569 1283 4611 se
1319 4548 1470 4615 decreto

189 4660 461 4740 Wormatiensi,
503 4680 568 4742 per
607 4670 820 4722 conventum
843 4659 940 4721 illum
964 4668 1048 4721 tunc
1084 4664 1272 4741 praesente
1309 4655 1470 4723 Caesare

189 4770 294 4852 facto,
328 4788 406 4832 esse
430 4769 520 4833 sicut
544 4769 675 4831 decens
700 4775 792 4847 erat,
826 4768 1151 4849 obtemperaturos,
1183 4764 1229 4827 ad
1267 4772 1469 4829 extremum
