3330 5580
719 531 957 588 ΗΗΠΕῗ»ο

198 703 291 764 quae
327 681 445 744 omnia
480 680 664 744 mendacia
705 701 783 743 esse
815 683 1011 762 probantur
1044 699 1088 741 ex
1123 678 1296 742 Aleandri
1331 678 1482 760 epistola

196 790 244 851 ad
257 788 418 868 Eckium,
443 788 503 850 ubi
528 789 572 849 de
596 787 726 851 libellis
750 787 895 850 famosis
919 787 953 849 in
979 808 1016 848 se
1037 785 1246 867 conscriptis
1271 785 1401 865 dicens,
1415 785 1481 847 ait:

200 897 327 979 „Adeo
339 906 420 958 sunt
438 896 555 958 omnia
572 898 678 978 plena
693 895 956 958 mendaciorum
974 905 1009 956 et
1020 893 1271 976 frigidissimae
1286 893 1483 955 calumniae

197 1024 269 1084 qua
286 1024 341 1065 me
359 1003 528 1065 Iudaeum
544 1023 585 1065 ac
602 1023 728 1065 recens
745 1004 854 1064 lotum
880 1015 1020 1080 vocant,
1036 1001 1135 1083 quasi
1160 1001 1343 1083 ignoretur
1367 1001 1484 1081 patria

198 1121 235 1171 et
259 1119 426 1190 parentes
453 1110 530 1188 mei,
556 1108 615 1191 qui
640 1130 685 1171 ex
702 1108 965 1171 marchionibus
983 1108 1124 1170 Pilosae
1142 1109 1271 1170 Petrae
1295 1107 1330 1169 in
1348 1106 1483 1169 Histria

198 1226 236 1278 et
261 1217 448 1279 comitibus
474 1216 627 1279 Leandri
652 1215 841 1295 oriundus,
865 1225 926 1277 aut
949 1215 1093 1279 fuissem
1119 1235 1188 1296 ego
1213 1215 1247 1277 in
1273 1215 1482 1277 canonicum

198 1324 433 1386 Leodiensem
469 1333 635 1404 receptus
669 1325 821 1404 probata
854 1322 957 1384 etiam
993 1321 1302 1384 examinatissimis
1335 1334 1369 1383 et
1391 1323 1481 1403 jura·

199 1431 343 1493 tissimis
367 1430 517 1493 testibus
542 1452 561 1491 e
586 1440 739 1511 quatuor
762 1412 938 1511 capitibus
971 1429 1168 1506 nobilitate,
1198 1430 1226 1491 si
1258 1431 1481 1510 neophaetus

199 1558 325 1601 essem.
380 1537 472 1599 Vide
501 1538 682 1599 hominum
724 1535 1105 1619 impudentissimorum
1138 1537 1360 1617 ineptissima
1392 1557 1482 1598 com·

197 1645 379 1725 menta“¹).
427 1642 497 1707 Sed
524 1665 593 1706 non
619 1646 730 1707 solum
755 1643 809 1705 his
834 1642 1041 1705 commentis
1066 1643 1287 1706 Aleandrum
1322 1645 1482 1725 inseque-

197 1755 329 1815 bantur
344 1752 611 1823 reformatores;
637 1751 670 1812 in
688 1751 802 1832 ipsum
827 1749 1097 1812 vehementibus
1120 1749 1254 1813 iniuriis
1279 1762 1314 1811 et
1338 1750 1482 1813 inhone-

199 1859 360 1922 stissimis
394 1858 593 1921 nominibus
627 1857 881 1938 saeviebant2),
927 1856 1229 1919 coniurationibus
1262 1858 1483 1920 insectaban-

198 1978 267 2045 tur,
308 1965 477 2029 molestiis
521 1965 730 2028 omnimodis
771 1964 1050 2026 circumdabant.
1114 1964 1321 2046 „Reliquias
1360 1964 1484 2027 salutis

198 2094 299 2137 meae
341 2073 416 2135 fere
461 2072 578 2147 amisi,
632 2071 812 2134 scribebat
849 2070 908 2132 ille
951 2071 1008 2132 die
1057 2075 1104 2133 18.
1153 2071 1338 2134 Februarii
1389 2092 1481 2152 1521,

198 2191 375 2262 perpetuo
401 2189 547 2242 mortem
573 2178 656 2241 mihi
681 2178 850 2256 minatur,
882 2178 1075 2258 mortisque
1107 2178 1302 2259 periculum
1339 2197 1480 2259 semper

201 2299 257 2351 est
281 2298 364 2349 ante
389 2289 521 2366 oculos
548 2297 583 2348 et
608 2297 776 2366 quantum
810 2285 936 2347 attinet
961 2286 1006 2346 ad
1031 2285 1183 2366 gratiam
1208 2296 1243 2346 et
1269 2286 1398 2347 famam
1422 2285 1481 2347 ali·

197 2395 356 2476 quidque
380 2393 531 2456 nominis
556 2394 651 2473 quod
676 2393 774 2474 prius
798 2394 974 2454 habebam
1000 2392 1033 2454 in
1060 2391 1270 2469 Germania,
1300 2392 1482 2475 perierunt

198 2502 328 2579 omnia,
363 2501 554 2562 innumeris
587 2499 754 2562 conviciis
783 2510 818 2561 et
841 2498 1060 2561 irrisionibus
1084 2496 1340 2583 insectatus“³).
1374 2499 1481 2561 Fran·

199 2608 317 2670 ciscus
342 2606 517 2689 Sikingen
543 2619 577 2669 et
604 2606 769 2668 Hulricus
795 2607 929 2668 Hutten
956 2606 1084 2670 acriter
1107 2607 1316 2669 invehentes
1340 2606 1373 2668 in
1393 2627 1482 2686 eum,

198 2715 316 2796 plebis
340 2714 450 2776 furori
474 2714 587 2795 ipsum
604 2725 642 2775 ut
657 2714 909 2794 iniquissimum
925 2716 1063 2776 hostem
1077 2715 1299 2787 indicabant;
1316 2715 1351 2775 in
1367 2714 1481 2796 ipsum

198 2823 304 2903 plebs
328 2821 548 2900 coniurabat,
574 2822 782 2902 sanguinem
807 2821 917 2902 ipsius
938 2820 1070 2900 sitiens,
1095 2833 1131 2884 et
1146 2825 1371 2886 conclamans
1387 2823 1482 2903 quod

198 2949 265 2992 nec
290 2929 462 3009 gremium
487 2928 650 2991 Caesaris
677 2938 770 2991 esset
794 2928 844 2990 illi
868 2938 981 2990 tutum
1006 2928 1224 3009 refugium4).

290 3035 339 3097 Ut
370 3036 414 3097 de
445 3036 618 3098 Aleandri
651 3035 829 3097 natalibus
860 3034 909 3096 ita
941 3047 975 3097 et
1008 3038 1052 3098 de
1085 3036 1261 3098 natalibus
1291 3035 1482 3099 Clementis

201 3143 324 3223 Papae
350 3142 533 3204 Ecclesiae
557 3144 678 3204 hostes
703 3162 772 3204 non
797 3162 912 3223 pauca
936 3141 1104 3204 indecora
1129 3145 1360 3224 evulgarunt;
1390 3163 1481 3224 quae

199 3263 301 3314 tanto
326 3251 553 3314 credibiliora
584 3250 707 3313 habita
741 3259 821 3312 sunt
851 3261 983 3330 quanto
1015 3250 1119 3311 etiam
1153 3250 1245 3312 inter
1274 3248 1482 3312 florentinos

200 3358 394 3439 scriptores
425 3380 446 3420 a
477 3358 653 3420 nonnullis
679 3367 840 3434 narrata,
870 3366 941 3418 tum
975 3359 1020 3419 ab
1045 3357 1191 3420 aemulis
1214 3357 1481 3439 potentissimae

201 3467 327 3527 domus
351 3465 536 3527 Mediceae
560 3475 633 3526 tum
659 3486 679 3525 a
698 3464 881 3545 popularis
897 3463 1079 3545 regiminis
1097 3465 1312 3527 amatoribus
1329 3465 1482 3527 libenter

199 3572 476 3653 accipiebantur.
533 3570 701 3652 Vulgaris
733 3571 838 3633 etiam
869 3570 965 3632 fama
1003 3570 1183 3633 referebat
1207 3570 1337 3650 Julium
1362 3570 1480 3633 Cardi-

200 3681 317 3742 nalem
349 3699 418 3741 non
448 3687 566 3739 natum
599 3698 644 3740 ex
676 3678 834 3758 legitimo
860 3678 1098 3757 matrimonio,
1124 3690 1259 3740 tantum
1284 3679 1482 3740 naturalem

201 3807 280 3850 esse
304 3786 433 3866 Juliani
460 3784 610 3846 Medicis
635 3794 670 3847 et
695 3785 876 3847 cuiusdam
900 3786 1065 3848 Floretae
1097 3785 1236 3846 humilis
1269 3785 1482 3847 conditionis

200 3894 376 3957 foeminae
407 3892 531 3964 filium;
563 3893 631 3955 hoc
655 3891 831 3955 florentini
856 3892 967 3971 cives,
998 3896 1066 3954 hoc
1096 3892 1188 3954 idem
1215 3893 1288 3953 Leo
1315 3890 1480 3953 Pontifex

200 4000 404 4082 aliquandiu
437 4000 680 4072 crediderunt;
715 4010 761 4077 at,
787 4020 893 4079 quum
926 4020 1020 4062 anno
1059 4021 1138 4078 15¹3
1176 4001 1219 4061 de
1254 3998 1364 4080 ipsius
1398 3997 1480 4076 Julii

201 4107 396 4191 episcopali
427 4106 600 4169 electione
624 4105 812 4169 florentina
841 4116 1018 4188 ageretur,
1050 4107 1083 4168 in
1110 4107 1331 4187 quorundam
1355 4126 1480 4167 memo-

200 4217 288 4278 riam
313 4214 507 4296 legitimum
532 4214 662 4292 Juliani
679 4223 714 4275 et
729 4213 894 4276 Floretae
912 4214 1169 4276 matrimonium
1187 4213 1299 4291 rediit,
1325 4212 1481 4294 factique

200 4334 310 4386 testes
343 4321 474 4403 passim
501 4324 786 4383 numerabantur.
835 4319 959 4382 Ortum
985 4320 1129 4382 dubium
1156 4319 1323 4381 Pontifex
1347 4320 1421 4381 Leo
1445 4320 1480 4382 ih

200 4430 447 4492 certitudinem
471 4438 630 4506 vertere,
656 4427 806 4488 veritate
830 4436 1031 4508 perspecta,
1057 4427 1206 4497 curavit;
1232 4427 1361 4488 auditis
1386 4427 1480 4488 testi-

200 4538 284 4614 bus,
316 4535 587 4596 auctoritatibus
621 4534 794 4613 excussis,
836 4534 1054 4615 argumentis
1094 4533 1298 4615 perpensis,
1334 4536 1479 4596 tandem

201 4644 261 4704 lux
288 4642 383 4704 facta
408 4653 462 4703 est
486 4652 521 4703 et
545 4641 628 4720 Julii
652 4641 821 4703 natalium
846 4641 1106 4723 legitimitatem
1131 4644 1334 4723 probatam,
1367 4641 1477 4703 firma·

204 4769 265 4776 --
284 4767 414 4775 —-———-

276 4801 293 4849 ¹l
313 4805 425 4850 Docum.
447 4813 488 4860 23.
510 4802 555 4850 fol.
578 4803 618 4863 58.
871 4800 891 4859 Ἦ)
912 4805 1024 4850 Docum.
1049 4814 1086 4852 12.
1108 4803 1153 4852 fol.
1174 4814 1216 4861 31.

274 4880 295 4950 ³)
315 4885 428 4934 Ducum.
449 4894 490 4946 24.
511 4883 557 4935 fol.
577 4883 620 4930 62.
872 4881 895 4948 ⁴)
915 4885 1027 4934 Docum.
1048 4892 1090 4945 95.
1111 4883 1156 4931 fol.
1178 4894 1238 4946 245.
