3330 5580
718 453 964 513 043254&

200 598 282 664 fiate
320 612 495 667 monstrat
528 605 595 667 che
631 604 678 668 lui
714 605 873 668 horamai
903 626 974 667 non
1004 603 1035 666 ci
1059 603 1155 667 fusse
1180 605 1292 667 molto
1318 603 1494 687 propitio,

200 711 266 771 che
299 719 465 790 questoro
499 713 643 774 tandem
668 714 816 776 venerdl
841 722 985 794 passato
1010 732 1167 775 venneto
1191 710 1227 774 in
1251 719 1386 793 questa
1412 730 1493 774 con·

200 816 336 879 clusion
361 818 517 880 unanimi
541 821 695 882 omnium
720 840 897 884 consensu
920 819 1025 883 cheli
1041 818 1195 902 principi
1218 818 1280 901 poi
1306 819 1377 882 che
1402 818 1491 881 frus·

199 933 254 987 tra
278 925 441 988 haveano
465 936 602 990 tentato
628 930 692 991 che
715 927 847 990 Caesar
871 947 1034 992 cereasse
1058 925 1194 991 trattati
1218 926 1264 990 de
1289 946 1492 989 conservat

199 1034 233 1095 la
256 1053 346 1114 pace
371 1054 448 1095 cum
474 1036 506 1096 el
530 1055 570 1096 re
595 1034 893 1099 Christianissimo
923 1036 982 1117 (do
1012 1033 1073 1116 poi
1105 1037 1139 1098 le
1162 1035 1291 1099 lettere
1315 1033 1445 1098 scritte
1467 1054 1489 1095 a

198 1141 233 1201 lo
258 1138 421 1225 imperio)
446 1142 534 1203 detti
564 1142 717 1224 principi
747 1144 792 1204 da
817 1163 854 1205 se
879 1142 983 1205 stessi
1007 1143 1125 1205 hanno
1150 1141 1241 1203 fatto
1264 1140 1320 1204 sui
1345 1143 1487 1205 ambas·

199 1247 322 1309 ciatori
352 1248 373 1310 l'
389 1247 520 1312 official
546 1251 589 1313 de
614 1251 762 1313 Treveri
788 1261 823 1312 et
848 1249 1032 1314 darannoli
1057 1248 1117 1312 doi
1141 1247 1245 1312 Conti
1279 1248 1315 1311 in
1340 1267 1487 1330 compa·

198 1355 299 1437 gnia,
338 1377 414 1418 cum
440 1358 567 1420 lettere
592 1359 626 1420 al
650 1379 687 1420 re
713 1357 1029 1437 ChristianissimO,
1068 1355 1280 1420 suadendoli
1304 1375 1373 1438 per
1398 1353 1486 1439 ogni

198 1466 292 1526 bona
323 1452 380 1525 uia
411 1485 432 1525 a
461 1485 531 1526 non
562 1466 662 1526 voler
695 1485 818 1528 cercar
849 1484 979 1546 guerra
1008 1472 1043 1526 et
1077 1481 1187 1526 ancor
1219 1465 1285 1525 che
1320 1461 1356 1525 in
1384 1463 1484 1526 dette

197 1570 324 1632 lettere
348 1591 418 1633 non
443 1570 596 1635 scrivino
622 1573 725 1651 altro,
749 1573 940 1635 tuttavolta
963 1573 1082 1634 hanno
1107 1571 1276 1637 concluso
1301 1569 1362 1651 qui
1389 1568 1485 1632 intra

196 1678 273 1739 loro
298 1679 440 1740 omnino
464 1680 565 1742 voler
589 1681 790 1743 accelerare
814 1682 847 1742 el
871 1678 1029 1742 subsidio
1058 1678 1144 1741 delli
1168 1677 1249 1740 XX
1277 1676 1362 1739 mila
1392 1674 1484 1739 fanti

197 1792 233 1847 et
248 1785 300 1845 IV
317 1785 400 1848 mila
423 1786 552 1849 cavalli
576 1808 641 1869 per
665 1785 770 1870 piliar
793 1789 826 1849 la
842 1807 974 1850 corona
999 1787 1099 1848 dario
1116 1786 1155 1847 al.
1167 1785 1268 1846 voler
1284 1784 1329 1846 de
1346 1783 1484 1848 Caesar

196 1902 320 1954 contra
345 1892 369 1954 li
385 1892 555 1956 Francesi
579 1903 614 1956 et
639 1895 724 1976 ogni
749 1895 840 1956 altro
864 1895 943 1957 chel
967 1895 1149 1956 volessero
1166 1890 1377 1974 oltraggiar‚
1403 1911 1482 1973 spe-

196 1997 370 2062 cificando
403 2001 509 2064 etiam
544 2011 669 2065 contra
694 2000 879 2065 Svitenses
910 2001 1008 2083 ipsos
1039 2009 1074 2064 et
1106 2000 1202 2065 nullo
1234 2008 1343 2081 pacto
1378 1999 1484 2063 voler

195 2107 404 2169 abandonar
429 2110 460 2171 el
486 2129 550 2171 suo
574 2109 800 2191 imperatore.
848 2109 982 2190 Questa
1013 2107 1217 2171 conclusion
1242 2127 1366 2189 presa,
1393 2105 1482 2171 Cae·

194 2233 252 2275 sar
276 2214 472 2277 vedendosi
496 2216 571 2278 voti
596 2226 795 2298 compotem
821 2215 898 2279 fece
923 2217 958 2278 la
981 2225 1103 2277 nostra
1120 2213 1351 2296 expeditione
1376 2222 1482 2278 tanto

194 2321 440 2385 ‹lextramente
469 2333 602 2404 quanto
627 2323 834 2402 volentieri,
868 2334 1053 2403 utrumque
1087 2341 1173 2384 vero
1205 2341 1270 2402 per
1297 2328 1393 2383 tutta
1419 2341 1481 2383 ex·

193 2429 359 2491 cellentia
384 2437 419 2491 et
444 2438 534 2491 tutto
559 2429 594 2491 fe
619 2430 666 2493 da
688 2451 727 2491 se
751 2432 827 2493 solo
852 2431 918 2493 che
943 2429 961 2492 ὲ
987 2449 1071 2492 cosa
1095 2428 1131 2490 di
1155 2425 1378 2508 maraviglia.
1423 2428 1481 2491 De

193 2537 226 2597 le
251 2556 384 2599 summe
409 2534 499 2597 virtu
526 2537 571 2599 de
595 2547 720 2618 questo
750 2541 821 2599 cosi
853 2535 1011 2618 glorioso
1042 2536 1196 2617 giovene
1227 2533 1413 2616 principe,
1445 2535 1481 2597 el

194 2645 356 2724 qualine
380 2663 447 2725 par
470 2644 535 2705 che
560 2644 629 2706 mai
653 2645 755 2724 falla,
785 2665 823 2707 se
849 2665 919 2707 non
944 2645 1087 2725 quando
1112 2664 1150 2707 se
1173 2644 1268 2704 lassa
1291 2644 1481 2722 gubernat

192 2751 237 2812 ad
263 2749 353 2829 altri,
379 2770 400 2811 o
425 2753 490 2813 che
514 2752 548 2813 lo
570 2751 667 2814 habii
683 2772 747 2833 per
764 2750 974 2832 inspiration
991 2750 1112 2812 divina
1128 2770 1149 2813 o
1165 2770 1236 2813 non
1251 2748 1326 2811 scio
1344 2750 1479 2813 donde.

193 2857 298 2920 Certo
328 2857 363 2919 in
397 2870 523 2938 questa
551 2878 635 2921 cosa
659 2860 844 2922 lutherana
869 2879 979 2920 ancor
1002 2859 1068 2921 che
1093 2856 1122 2919 si
1147 2854 1244 2927 habii
1268 2856 1404 2918 havuto
1430 2855 1480 2920 in·

192 2964 280 3027 finiti
306 2963 439 3028 fastidii
465 2975 500 3028 et
525 2966 582 3046 qui
608 2976 643 3028 et
668 2970 775 3045 costi,
800 2974 893 3027 tutta
916 2967 1014 3028 volta
1039 2966 1072 3027 el
1088 2965 1194 3026 modo
1210 2965 1274 3025 che
1292 2962 1313 3025 l’
1328 2963 1375 3025 ha
1394 2983 1480 3027 con·

192 3074 292 3134 dotta
309 3072 419 3135 Cesar
436 3071 455 3134 ὸ
471 3074 584 3135 sciuta
602 3075 710 3136 molto
728 3075 837 3136 molto
856 3072 960 3135 melio
977 3093 1042 3154 per
1056 3070 1114 3134 voi
1131 3091 1168 3133 se
1178 3068 1294 3133 statim
1303 3072 1338 3133 al
1347 3069 1479 3152 princi·

191 3178 251 3259 pio
286 3181 330 3241 de
363 3180 398 3241 la
430 3179 526 3243 dieta
557 3181 743 3243 l’havesse
768 3180 939 3262 expedito
965 3179 987 3241 li
1012 3176 1180 3241 mandati.
1228 3179 1283 3240 De
1308 3177 1479 3242 omnibus

193 3287 355 3348 laudetur
379 3287 477 3349 Deus
502 3296 537 3349 et
562 3288 768 3370 mantenghi
794 3296 920 3368 questo
944 3289 1040 3349 bono
1064 3284 1181 3348 animo
1206 3285 1250 3347 de
1266 3283 1378 3347 Cesar
1402 3286 1477 3350 alla

190 3394 413 3475 protectione
438 3395 482 3463 de
507 3392 642 3458 Sancta
666 3395 805 3458 Chiesa.

280 3537 362 3599 Una
393 3557 477 3599 cosa
508 3539 584 3600 sola
613 3558 668 3599 me
693 3537 771 3599 dice
803 3539 836 3598 el
861 3535 1054 3598 Confessor
1077 3545 1220 3598 trovare
1245 3553 1315 3597 non
1340 3543 1474 3618 troppo

189 3647 284 3706 bona
307 3644 343 3707 in
367 3644 425 3724 lui,
451 3644 517 3706 che
542 3645 564 3707 'l
588 3655 681 3707 teme
697 3645 762 3706 che
780 3663 850 3706 non
871 3643 976 3706 facile
1003 3641 1233 3705 obliviscatur
1253 3640 1473 3724 iniuriarum,

190 3762 315 3830 questo
346 3750 395 3813 lui
428 3752 474 3812 ha
504 3771 570 3832 per
599 3750 658 3832 pili
691 3750 884 3813 intrinseca
908 3749 1061 3831 prattica
1085 3748 1120 3811 di
1145 3769 1208 3811 sua
1232 3748 1471 3822 conscientia;

190 3856 273 3919 mihi
298 3878 384 3920 vero
408 3858 514 3921 facile
538 3856 577 3920 fit
602 3858 790 3920 verisimile
824 3878 889 3939 per
913 3878 1010 3920 esser
1034 3859 1140 3920 homo
1164 3858 1273 3919 molto
1297 3876 1412 3939 grave
1437 3867 1472 3922 et

188 3963 279 4044 fix0,
317 3965 429 4046 perho
460 3966 684 4028 considerino
709 3969 778 4028 ben
804 3965 919 4046 questi
943 3964 1095 4046 principi
1121 3966 1187 4027 che
1212 3964 1234 4026 ’l
1258 3966 1469 4030 molestano.

279 4106 437 4169 Chevres
470 4107 530 4190 gia
562 4108 612 4172 sei
645 4131 666 4173 o
700 4117 791 4171 sette
816 4107 851 4170 di
877 4108 896 4171 ὲ
920 4118 1013 4171 stato
1037 4109 1291 4171 abbandonato
1317 4108 1377 4171 dai
1402 4129 1470 4172 me·

189 4212 257 4275 dici
283 4224 318 4275 et
342 4234 407 4295 par
431 4216 497 4276 che
521 4213 555 4276 in
581 4224 708 4297 questa
732 4224 830 4277 corte
854 4235 925 4277 non
955 4213 984 4277 si
1009 4214 1100 4296 parli
1124 4213 1183 4296 pil1
1209 4215 1243 4277 al
1267 4216 1400 4279 mondo
1426 4215 1470 4279 de

188 4320 247 4400 lui,
273 4321 339 4382 che
363 4319 391 4382 si
416 4318 485 4382 mai
509 4340 579 4383 non
604 4320 699 4384 iusse
728 4331 838 4395 stato;
871 4321 914 4384 ne
944 4321 974 4383 si
1004 4342 1116 4404 pensa
1140 4323 1266 4385 alcuno
1291 4321 1328 4384 di
1353 4322 1402 4385 lui
1427 4323 1470 4387 ne

187 4427 329 4509 parenti
363 4428 405 4489 ne
430 4429 660 4492 benvolienti.
708 4429 834 4494 ODio
859 4432 925 4493 che
949 4429 1158 4503 mutatione;
1191 4450 1211 4491 0
1244 4428 1301 4492 chi
1334 4428 1365 4492 si
1397 4429 1471 4494 fida

188 4533 247 4615 pilr
273 4534 308 4596 in
333 4545 459 4616 questo
483 4538 640 4599 mondo?
686 4536 731 4599 Et
755 4558 822 4620 pur
846 4558 956 4601 ancor
970 4538 1081 4619 hoggi
1098 4537 1127 4600 si
1142 4536 1220 4600 dice
1238 4539 1304 4600 che
1328 4538 1470 4601 haben

189 4643 340 4703 dormito
367 4651 402 4704 et
426 4643 553 4705 sudato
577 4643 688 4726 assai,
722 4644 746 4707 il
776 4647 841 4708 che
866 4645 993 4708 dicono
1019 4647 1084 4707 dar
1107 4647 1227 4707 buona
1251 4664 1427 4725 speranza
1450 4665 1471 4710 e

189 4750 222 4811 el
246 4768 310 4816 suo
336 4749 433 4820 XXI
456 4749 600 4837 giorn0;
626 4770 697 4813 non
721 4751 795 4820 scio
820 4752 939 4840 quello
964 4751 1042 4820 sart
1068 4773 1088 4820 o
1113 4751 1154 4817 sii
1179 4754 1213 4813 al
1237 4760 1418 4839 presente.
