3330 5580
621 887 704 956 (Atha
722 773 858 944 viimo.
877 886 930 957 66.)

373 1005 497 1069 Oratio
522 1005 696 1069 Aleandri
721 1006 766 1067 ad
789 1007 927 1069 Ducem
952 1005 1174 1088 Saxoniae¹).

224 1134 296 1195 Pro
325 1141 508 1212 comperto
541 1151 682 1212 semper
709 1129 833 1192 habuit
856 1128 933 1191 S¹¹¹¹¹⁸
957 1131 1001 1194 D.
1026 1130 1068 1194 N.
1094 1132 1174 1194 Illffl⁰
1197 1132 1364 1214 princeps
1388 1133 1417 1196 si

132 1261 205 1322 qua
228 1239 264 1302 in
282 1261 320 1302 re
340 1247 566 1301 sacrosancta
582 1239 750 1300 Romana
766 1236 927 1300 Ecclesia
950 1238 1098 1320 alicujus
1114 1239 1304 1302 Christiani
1324 1240 1415 1320 prin-

132 1348 224 1430 cipis
248 1366 353 1429 opem
377 1345 584 1427 requireret,
610 1365 687 1407 eam
712 1365 790 1408 esse
811 1347 856 1407 ab
874 1344 1089 1408 excellentia
1105 1345 1181 1409 Tua
1199 1346 1417 1426 potissimum

133 1455 387 1538 expetendam.
433 1451 559 1534 Neque
589 1453 625 1515 id
659 1451 822 1533 profecto
854 1451 1042 1525 immerito;
1075 1451 1152 1532 quis
1176 1451 1269 1515 enim
1294 1453 1417 1515 melius

133 1574 195 1624 aut
220 1559 388 1623 libentius
403 1557 507 1623 Sedis
524 1558 755 1641 Apostolicae
780 1578 922 1621 causam
947 1558 1116 1640 suscipiat
1133 1579 1238 1639 quam
1256 1560 1308 1621 Tu
1327 1560 1417 1642 prin·

133 1689 222 1749 ceps
245 1667 378 1749 optime
403 1665 462 1748 qui
486 1664 574 1744 lide,
610 1665 816 1746 prudentia,
841 1666 1100 1747 generositate,
1134 1666 1308 1747 religione
1333 1667 1417 1729 nihil

132 1795 291 1857 unquam
323 1795 345 1836 a
377 1773 566 1854 majoribus
589 1772 658 1836 tuis
683 1774 844 1855 degener
867 1772 1080 1853 apparuisti;
1115 1792 1262 1854 quorum
1287 1776 1417 1838 sudore

133 1895 171 1946 et
194 1880 368 1963 sanguine
393 1881 439 1942 ob
464 1879 706 1943 defensionem
732 1881 920 1943 Romanae
943 1879 1125 1942 Ecclesiae
1150 1880 1269 1961 sepius
1294 1881 1417 1961 effuso,

132 1989 306 2072 precipue
336 1986 502 2050 effectum
529 1996 584 2050 est
612 1997 650 2048 ut
674 1987 829 2049 Romani
854 1985 997 2067 imperii
1024 1985 1179 2067 dignitas
1205 1997 1240 2049 et
1264 1987 1416 2069 Impera·

131 2108 231 2160 tores
256 2094 412 2177 eligendi
436 2093 588 2156 facultas
611 2093 696 2157 solis
713 2092 899 2157 Germanis
924 2114 945 2156 a
961 2094 1128 2156 Romano
1146 2093 1319 2157 Pontifice
1337 2116 1415 2158 con·

132 2205 333 2268 cederetur.

224 2311 283 2374 Ab
298 2310 367 2372 illis
381 2309 523 2389 inquam
539 2307 728 2390 majoribus
741 2308 801 2388 qui
815 2306 909 2369 circa
922 2326 984 2369 eos
1000 2306 1102 2390 ignes
1124 2309 1253 2389 quibus
1267 2309 1413 2372 Boemo-

132 2440 212 2482 rum
236 2416 511 2480 haeresiarchae
535 2415 590 2494 J0.
616 2413 830 2476 Hussitanus
854 2421 890 2475 et
908 2412 1148 2495 Hieronymus
1167 2415 1356 2496 ,Pragaeus
1381 2417 1416 2479 in

131 2523 329 2589 Germania
353 2521 579 2586 condemnati
596 2520 721 2583 merito
738 2520 988 2602 puniebantur,
1012 2520 1141 2583 erectis
1156 2532 1250 2586 stare
1266 2525 1417 2587 vessillis

129 2632 236 2716 quasi
260 2629 371 2694 oculis
395 2629 500 2692 etiam
526 2648 618 2691 nunc
643 2636 844 2692 cernuntur.

223 2739 436 2820 Eapropter,
468 2756 574 2816 quum
598 2735 770 2797 adversus
795 2755 934 2797 errores
957 2733 1077 2797 fratris
1102 2735 1245 2799 Martini
1260 2738 1417 2817 Lutheri,

129 2846 286 2910 hominis
310 2845 355 2907 de
379 2863 449 2924 quo
474 2842 606 2906 utinam
623 2841 707 2905 mihi
723 2842 809 2904 nihil
825 2841 1013 2905 dicendum
1029 2853 1133 2924 esset,
1158 2854 1255 2907 certe
1270 2843 1313 2907 iis
1328 2865 1418 2926 quos

128 2975 242 3036 supra
278 2951 472 3015 memoravi
495 2949 550 3029 J0.
575 2949 769 3012 Hussitano
802 2958 837 3011 et
860 2948 1081 3031 Hieronymo
1106 2950 1288 3031 Pragaeo,
1323 2954 1416 3014 addo

129 3044 238 3108 etiam
258 3041 373 3104 Arriis
401 3050 436 3103 et
454 3038 614 3102 Photinis
636 3039 745 3119 longe
770 3038 804 3100 in
829 3038 897 3100 Dei
921 3037 1117 3102 Ecclesiam
1141 3041 1416 3120 perniciosioris,

128 3171 188 3214 me
212 3150 259 3212 ad
284 3147 423 3211 inclitos
441 3145 653 3210 Germaniae
676 3145 858 3227 principes
874 3145 1041 3208 missurus
1057 3158 1151 3208 esset
1167 3145 1417 3209 Sanctissimus

130 3259 260 3335 Pater,
292 3254 379 3317 nihil
404 3253 487 3316 milri
511 3254 714 3316 habendum
739 3251 917 3333 antiquius
937 3252 1040 3334 jussit
1063 3272 1169 3333 quam
1192 3265 1323 3316 utnon
1345 3256 1417 3335 jam

128 3365 323 3426 Romanae
346 3363 459 3424 solum
483 3361 547 3424 sed
571 3372 607 3422 et
629 3359 839 3423 universalis
855 3359 1037 3422 Ecclesiae
1062 3371 1097 3421 et
1114 3360 1311 3424 catholicae
1333 3361 1415 3423 fidei

128 3489 277 3533 causam
302 3467 537 3531 excellentiae
562 3478 644 3530 tuae
668 3466 703 3528 in
728 3466 850 3548 primis
874 3467 1169 3529 commendarem.

222 3575 387 3656 Longum
412 3583 516 3654 esset,
540 3594 605 3636 nec
630 3573 786 3654 alioquin
811 3594 875 3655 per
895 3572 1098 3637 oborientes
1120 3575 1308 3637 lachrimas
1325 3596 1416 3638 com·

129 3702 332 3746 memorare
364 3680 505 3760 liceret,
534 3681 702 3763 princeps
734 3681 883 3763 optime,
915 3690 1084 3762 quantum
1116 3682 1213 3763 mali,
1247 3695 1415 3763 quantum

131 3789 267 3853 erroris
292 3800 328 3852 et
351 3787 487 3850 dissidii
517 3808 587 3850 non
621 3787 862 3851 ecclesiastico
896 3798 1031 3850 tantum
1064 3788 1194 3868 ordini,
1225 3810 1347 3852 verum
1381 3803 1416 3854 et

128 3899 235 3960 vobis
260 3896 347 3978 ipsis
376 3894 597 3977 principibus
629 3906 665 3957 et
698 3895 904 3959 Christianis
935 3894 1108 3972 omnibus,
1141 3894 1296 3958 nefanda
1325 3901 1414 3961 haec

131 4003 278 4067 Martini
303 4002 436 4066 semina
459 4003 667 4084 parturiant,
692 4004 783 4064 adeo
808 4013 846 4065 ut
869 4003 1021 4065 maxime
1046 4003 1240 4065 verendum
1264 4004 1323 4083 sit,
1349 4005 1415 4068 nisi

130 4113 201 4174 ista
225 4131 331 4193 seges
348 4109 528 4172 radicibus
543 4110 717 4173 evellatur
731 4130 775 4172 ne
789 4108 882 4172 idem
896 4111 996 4171 brevi
1015 4110 1144 4174 nostris
1159 4113 1254 4192 quod
1275 4113 1415 4193 graecis

132 4228 168 4282 et
192 4218 347 4281 asiaticis
372 4217 521 4296 accidat,
547 4217 605 4298 qui
631 4216 820 4297 superbiae
845 4216 938 4278 fastu
964 4216 1085 4297 inflati,
1110 4218 1193 4280 dum
1213 4240 1233 4279 a
1251 4219 1415 4283 Romano

155 4413 179 4483 Ι)
206 4416 245 4463 Ex
271 4414 322 4463 hoc
349 4415 508 4463 documento
534 4421 560 4461 et
584 4429 615 4460 ex
641 4412 694 4461 alio
720 4414 791 4476 quod
813 4413 999 4461 instructiones
1019 4415 1168 4463 oratoribus
1187 4415 1257 4477 apud
1277 4416 1414 4464 Caesarem

204 4497 279 4545 datas
299 4496 429 4553 continet,
455 4494 635 4544 Palloricinus
654 4509 732 4542 unam
751 4494 897 4542 orationem
918 4495 1041 4552 coniecit,
1066 4511 1143 4558 quam
1165 4494 1259 4558 Leplnt
1278 4496 1349 4544 velut
1368 4513 1415 4558 ge-

203 4576 310 4624 nuinam
330 4576 460 4624 Alcandri
485 4576 630 4623 orationem
656 4575 739 4627 dedit.
776 4574 930 4622 Consultum
957 4575 1077 4623 duximus
1103 4575 1167 4623 haec
1191 4576 1349 4624 documenta
1368 4594 1415 4625 suo

204 4655 264 4704 loco
283 4656 412 4714 inserere,
438 4656 546 4704 omnino
567 4654 696 4703 Alcandri
723 4655 858 4718 supposita
884 4656 1017 4713 oratione,
1042 4671 1130 4703 verum
1157 4654 1314 4705 Pallavicini
1340 4673 1414 4721 opus,

203 4737 393 4799 praetermissa.
423 4735 508 4784 Huius
526 4735 654 4783 orationis
673 4741 775 4798 tempus
794 4735 931 4786 incertum.
960 4736 1013 4783 Hic
1034 4735 1154 4798 ponimus
1180 4737 1299 4798 quamvis
1325 4738 1415 4800 primis

205 4817 376 4866 nunciaturae
395 4817 526 4867 Alcandri
546 4816 641 4864 diebus
661 4815 796 4868 reseratur.
