3344 5564
710 467 958 524 ο·<84091>-ο

194 625 274 678 ortu
299 626 335 677 et
359 614 466 677 initiis
491 613 673 678 Ecclesiae
698 635 743 676 ne
767 636 854 678 sono
880 625 988 693 state,
1024 623 1060 677 et
1084 615 1171 695 pero
1196 635 1308 695 penso
1334 608 1399 676 che
1424 612 1475 674 sia

194 733 372 805 oportuno
403 724 489 785 dare
521 722 606 804 ogni
630 721 726 784 aiuto
758 730 794 785 et
817 722 942 785 favore
974 743 995 784 a
1018 724 1228 803 spongerla,
1264 732 1299 783 et
1330 720 1475 802 special-

195 839 312 892 mente
345 831 378 892 al
402 829 540 908 castigo
572 828 608 890 di
639 829 738 891 detta
771 828 873 908 cista,
909 831 943 892 la
976 830 1057 910 qual
1082 848 1167 892 cosa
1197 829 1275 891 serssa
1310 828 1345 889 di
1369 838 1476 906 sorte,

194 938 261 1000 che
285 935 446 1018 scoprira
478 946 513 998 et
537 935 561 998 li
585 937 694 998 buoni
726 944 762 998 et
784 935 809 997 11
833 936 914 999 mali
948 937 1072 997 ethos
1097 936 1304 1017 segregabit
1337 939 1383 997 ab
1407 933 1476 997 illis

195 1054 232 1107 et
254 1042 334 1106 sara
359 1042 495 1107 forzato
519 1044 679 1106 cadauno
697 1041 833 1105 aiutare
856 1042 881 1106 li
898 1042 986 1121 suoi,
1011 1052 1046 1104 et
1061 1042 1193 1123 perche
1218 1042 1242 1104 li
1264 1041 1370 1103 buoni
1388 1061 1476 1103 sono

195 1151 305 1213 molto
329 1146 388 1231 pier
412 1149 449 1213 in
472 1168 619 1212 numero
644 1159 679 1211 et
703 1148 738 1210 in
763 1151 885 1212 valore
910 1160 945 1212 et
959 1149 1029 1211 Dio
1054 1168 1124 1210 non
1141 1148 1331 1210 abandona
1356 1148 1412 1210 chi
1431 1149 1478 1209 ha

196 1255 279 1320 sede
302 1255 338 1318 in
361 1255 421 1336 lui,
446 1256 464 1319 ὲ
489 1258 536 1318 da
560 1275 716 1337 sperare,
741 1257 807 1318 che
832 1257 876 1318 de
900 1256 925 1319 li
950 1255 1041 1318 tristi
1065 1254 1268 1317 facilmente
1292 1255 1322 1318 si
1344 1254 1477 1317 otterra

286 1595 410 1657 Budae
435 1593 566 1674 Quinta
590 1594 747 1674 Januarii
772 1593 992 1656 MDXXIV.

978 1725 1022 1774 un
1042 1725 1121 1773 frater
1139 1717 1167 1779 1..
1187 1716 1248 1779 dar.
1267 1716 1442 1790 (inpurus.

802 2119 875 2183 186.

631 2225 843 2329 Campegius
871 2224 1042 2306 Sadoleto.

575 2364 754 2433 (Nuntiat.
779 2364 933 2425 German.
961 2364 1035 2423 Lm
1055 2365 1105 2432 54)

531 2476 567 2544 (6.
586 2477 706 2541 Januarii
729 2485 795 2538 1525
815 2473 892 2542 (hora
911 2477 1027 2525 secunda
1046 2476 1150 2543 noctis).

289 2599 389 2663 Hieri
414 2599 532 2662 scrissi
557 2621 578 2662 a
601 2600 708 2681 pieno
733 2602 851 2681 quello
876 2602 941 2663 che
966 2600 1013 2664 mi
1037 2619 1247 2674 occorreva;
1281 2599 1379 2682 dipoi
1410 2621 1479 2662 non

206 2706 353 2770 essendo
379 2699 495 2769 ancho
520 2707 564 2768 de
589 2711 648 2788 qul
672 2707 804 2788 partito
840 2707 863 2770 il
889 2728 1024 2787 mess0‚
1056 2728 1142 2770 sono
1175 2717 1414 2790 sopravenute
1446 2709 1480 2769 al

206 2812 344 2876 Barone
368 2814 495 2876 lettere
520 2814 555 2876 di
580 2812 728 2876 Boemia
760 2815 818 2875 (131
843 2815 945 2877 Duca
974 2814 1096 2893 Carlo,
1125 2835 1190 2896 per
1221 2816 1252 2877 el
1283 2824 1407 2877 tenore
1436 2815 1481 2876 de

206 2920 234 2983 le
259 2920 354 3001 quali
378 2919 421 2983 N.
448 2918 483 2985 S.
509 2920 612 3003 potrd
636 2923 768 2983 vedere
794 2941 893 2983 corne
923 2919 1005 2982 viva
1035 2930 1071 2983 et
1101 2941 1223 2983 cresce
1251 2922 1285 2983 13
1309 2941 1483 3002 speranza

206 3025 237 3088 di
263 3027 380 3108 quelle
405 3047 499 3091 cose.
546 3027 674 3089 Donde
698 3048 764 3109 per
788 3027 812 3090 il
837 3029 935 3090 detto
964 3049 1081 3090 messo
1113 3028 1142 3090 si
1174 3029 1352 3091 mendeno
1383 3028 1480 3090 dette

205 3134 329 3196 lettere
353 3135 510 3196 anchora
533 3154 599 3197 con
624 3135 658 3197 le
682 3137 771 3197 altre
796 3135 895 3197 accio
920 3136 985 3197 che
1009 3132 1045 3198 S.
1070 3132 1122 3197 Sm
1148 3146 1183 3197 et
1202 3135 1242 3198 V.
1267 3134 1303 3198 S.
1329 3156 1399 3198 non
1424 3156 1481 3197 va-

207 3241 297 3303 dano
321 3239 485 3303 fraudate
511 3241 546 3303 di
570 3251 696 3322 questa
720 3245 792 3302 cosl
818 3243 938 3304 buona
962 3261 1143 3322 speranza.

290 3346 517 3430 Riparlando
541 3368 606 3410 con
632 3347 656 3410 li
681 3347 814 3411 oratori
839 3348 897 3410 del
910 3346 986 3409 Rm⁰
1007 3347 1219 3428 Maguntino
1244 3347 1391 3410 intendo
1416 3349 1482 3409 che

206 3471 267 3535 per
291 3473 410 3517 essere
431 3451 467 3519 S.
486 3451 521 3519 S.
547 3454 622 3517 R¹¹¹⁸
646 3475 746 3517 come
762 3455 808 3516 ho
827 3453 948 3516 scritto
973 3474 1018 3516 ne
1035 3454 1056 3516 l’
1074 3454 1165 3516 altra
1181 3455 1273 3517 assai
1298 3454 1333 3516 di
1358 3464 1483 3517 natura

206 3557 337 3638 timido,
361 3561 427 3622 che
449 3581 520 3623 non
544 3562 696 3623 sarebbe
721 3582 759 3623 se
784 3580 854 3622 non
870 3562 988 3622 buono
1015 3562 1079 3622 che
1096 3560 1136 3625 N.
1154 3559 1189 3624 S.
1216 3581 1281 3623 con
1301 3582 1346 3622 un
1365 3562 1481 3623 Breve

208 3667 435 3730 accomodato
467 3668 503 3730 lo
536 3667 712 3730 excitasse
747 3679 781 3730 et
812 3667 1026 3730 inanimasse
1057 3688 1078 3729 a
1110 3667 1251 3748 seguire
1282 3668 1481 3749 gagliarda-

207 3783 320 3837 mente
345 3773 367 3835 l'
385 3773 583 3836 ordimento
609 3776 703 3838 della
726 3774 899 3856 impressa
923 3775 988 3836 che
1013 3775 1101 3835 hora
1124 3784 1232 3836 tratta
1257 3785 1293 3836 et
1317 3795 1434 3854 move,
1459 3774 1481 3837 il

208 3881 268 3943 che
291 3882 340 3943 ho
364 3879 454 3943 fatto
479 3881 613 3943 anchor
636 3881 670 3943 io
696 3901 761 3944 con
787 3883 820 3943 le
844 3881 912 3944 mie
937 3884 1074 3944 lettere.

291 3985 338 4049 Et
361 3986 420 4068 pin
445 3988 538 4050 vedo
562 3989 627 4051 che
652 3988 731 4050 sara
757 3987 959 4050 necessario
983 3987 1076 4050 assai
1100 3987 1192 4049 darli
1225 4008 1245 4049 a
1270 3987 1354 4068 ogni
1377 3990 1482 4050 modo

207 4093 331 4156 alcuno
359 4092 456 4155 aiuto
481 4104 516 4157 et
540 4094 676 4174 favore,
700 4097 733 4157 el
757 4096 862 4176 quale
890 4115 961 4157 non
986 4114 1032 4175 po
1062 4114 1181 4157 essere
1206 4092 1279 4157 cosi
1302 4114 1394 4175 poco
1419 4095 1484 4157 che

207 4220 273 4263 non
298 4199 352 4262 sia
375 4219 441 4282 per
472 4198 549 4263 fare
580 4221 670 4283 gran
696 4201 806 4264 frutto
839 4201 971 4282 perche
1003 4210 1248 4281 apertamente
1280 4200 1326 4262 mi
1355 4201 1482 4264 dicono

207 4306 270 4371 che
294 4327 367 4369 non
390 4308 555 4370 havendo
579 4309 757 4371 authorita
782 4319 818 4371 et
842 4308 944 4371 caldo
970 4309 1015 4368 da
1039 4308 1075 4369 la
1098 4306 1193 4370 Sede
1214 4308 1425 4390 Apostolica
1448 4321 1484 4373 et

207 4413 309 4477 dala
335 4411 489 4476 Cesarea
511 4413 649 4476 Maest‘a
675 4416 740 4477 che
765 4417 799 4477 la
830 4415 985 4495 impresa
1018 4413 1097 4475 sara
1126 4413 1235 4496 piena
1265 4414 1300 4476 di
1324 4416 1482 4496 pericolo

207 4522 309 4584 etde
334 4518 523 4593 difficult‘a3
555 4523 643 4602 pero
677 4541 784 4602 sopra
809 4522 863 4583 cio
888 4520 930 4584 V.
958 4521 994 4583 S.
1019 4519 1095 4582 fara
1120 4523 1241 4584 buona
1263 4521 1431 4585 instantia
1455 4521 1483 4585 si

206 4627 336 4710 perche
359 4626 381 4688 l’
400 4645 469 4688 uno
495 4637 530 4688 et
554 4626 575 4689 l'
594 4628 683 4689 altro
708 4627 737 4688 si
761 4627 895 4708 faceia,
921 4625 949 4689 si
972 4628 1103 4709 perche
1129 4639 1250 4710 presto
1275 4650 1313 4691 se
1338 4629 1483 4692 intenda

207 4734 308 4798 dela
332 4742 449 4797 mente
474 4733 518 4796 de
543 4732 585 4796 N.
611 4732 697 4798 S...
746 4734 870 4797 Budae
896 4745 998 4796 sexta
1021 4733 1179 4813 Januarii
1203 4735 1403 4799 MDXXV.

801 4861 871 4872 Μκνν·
