3330 5580
713 494 771 547 023
810 494 845 548 86
885 491 942 544 ΞΗ

187 664 267 705 nem
300 650 424 704 contra
448 641 658 717 Martinum,
693 661 820 703 cavere
854 641 963 701 debet
987 638 1157 701 Maiestas
1185 661 1249 701 sua
1272 639 1473 703 huiusmodi

187 750 408 813 consultores
431 760 600 830 tanquam
625 747 751 810 honori
777 755 812 808 et
836 747 1021 808 commodo
1047 745 1121 808 eius
1137 746 1364 829 pernitiosos,
1389 747 1474 829 quin

186 857 256 920 imo
287 856 418 938 poterit
441 856 612 918 Maiestas
643 876 707 917 sua
730 853 920 916 conventui
945 854 1162 934 persuadere
1187 853 1379 916 Martinum
1404 875 1473 918 non

187 984 265 1026 esse
299 962 441 1044 publice
473 962 688 1025 audiendum
719 969 867 1042 propter
897 959 1093 1021 simultates
1127 968 1162 1021 et
1186 959 1352 1023 incendia
1382 981 1474 1043 quae

187 1070 279 1132 inter
303 1069 481 1152 principes
507 1068 717 1130 Alemaniae
741 1067 908 1129 videntur
927 1066 1026 1145 oriri,
1055 1087 1133 1129 cum
1158 1067 1311 1130 maxime
1335 1068 1474 1131 intersit

186 1176 410 1259 imperatoris
426 1188 462 1238 et
476 1175 697 1237 subditorum
713 1177 847 1237 habere
864 1184 1028 1255 pacatum
1045 1173 1247 1255 Imperium,
1272 1174 1474 1258 offerreque

188 1306 225 1347 se
254 1283 444 1346 Martinum
478 1283 678 1345 auditurum
711 1302 788 1344 esse
821 1280 965 1343 semotis
999 1279 1142 1342 arbitris
1172 1291 1320 1364 propter
1351 1304 1473 1345 eorum

187 1412 312 1473 pacem
330 1399 366 1451 et
386 1389 550 1472 quietem,
576 1399 612 1452 et
630 1389 659 1450 si
683 1387 769 1450 velit
793 1406 1053 1467 recognoscere
1079 1407 1218 1450 errores
1243 1409 1325 1452 suos
1348 1410 1469 1471 procu-

186 1508 342 1560 raturam
366 1495 591 1558 Maiestatem
625 1515 723 1556 suam
755 1504 793 1556 ut
817 1492 853 1557 S.
879 1495 922 1556 D.
948 1493 989 1556 N.
1023 1514 1102 1555 eum
1135 1495 1286 1577 recipiat
1318 1498 1364 1558 ad
1394 1517 1472 1560 eum

188 1614 315 1667 statum
346 1603 381 1665 in
416 1623 485 1684 quo
514 1609 596 1664 ante
621 1600 820 1663 huiusmodi
846 1620 985 1663 errores
1010 1610 1099 1674 erat;
1135 1603 1231 1683 quod
1255 1603 1285 1664 si
1310 1604 1472 1684 voluerit,

189 1713 350 1774 daturam
375 1709 443 1772 sibi
460 1708 685 1772 Maiestatem
703 1729 799 1770 suam
817 1710 952 1770 salvum
971 1709 1183 1770 conductum
1200 1708 1396 1791 imperiale,
1421 1732 1473 1774 ac-

189 1828 294 1901 cepta
317 1817 388 1879 fide
405 1838 426 1878 a
441 1836 576 1878 summo
594 1813 768 1878 Pontifice
793 1824 830 1876 ut
847 1815 1000 1876 Romam
1026 1823 1194 1895 quantum
1220 1817 1374 1879 voluerit
1398 1818 1472 1880 sine

187 1925 312 2007 quavis
336 1924 493 1987 laesione
517 1944 581 1986 sua
605 1932 665 1986 aut
688 1942 831 1984 suorum
856 1921 1033 1994 audiatur;
1059 1922 1155 2003 quod
1179 1922 1208 1983 si
1233 1922 1338 1985 etiam
1356 1926 1474 1988 nolue-

187 2033 233 2095 rit
258 2053 459 2114 quanquam
484 2030 709 2094 manifestum
733 2030 871 2112 signum
895 2027 940 2090 sit
956 2028 1164 2109 calumniae,
1189 2030 1302 2110 utqui
1321 2050 1389 2092 non
1409 2032 1475 2095 nisi

186 2140 223 2202 in
248 2139 388 2220 angulis
412 2136 508 2219 loqui
532 2137 629 2215 velit,
654 2147 726 2199 tum
750 2136 975 2199 Maiestatem
1001 2156 1099 2197 suam
1125 2136 1171 2198 ad
1194 2137 1475 2202 convincendam

187 2244 338 2308 hominis
364 2244 531 2308 malitiam
556 2265 635 2307 eum
660 2243 944 2306 transmissuram
969 2263 1047 2305 esse
1072 2244 1117 2305 ad
1134 2243 1338 2325 Hispanias,
1362 2246 1408 2307 ad
1425 2247 1473 2310 in-

188 2353 377 2434 quisitores
402 2353 451 2415 ibi
476 2352 670 2415 existentes
695 2367 733 2414 ut
757 2359 833 2413 tuto
858 2351 907 2413 ibi
932 2371 1074 2412 causam
1097 2372 1195 2413 suam
1210 2351 1330 2413 dicere
1346 2354 1474 2433 possit;

188 2463 283 2542 quod
303 2461 331 2522 si
345 2481 409 2523 nec
435 2461 500 2522 hoc
526 2459 777 2541 acceptaverit,
799 2457 886 2520 nihil
904 2457 999 2520 aliud
1017 2477 1204 2538 superesse
1222 2477 1326 2539 quam
1343 2458 1372 2519 si
1396 2481 1475 2524 curn

189 2571 288 2631 salvo
319 2569 496 2631 conductu
527 2571 572 2629 ad
607 2567 682 2629 eius
705 2566 936 2632 Maiestatem,
954 2565 1110 2645 venerit,
1144 2586 1224 2628 eum
1247 2566 1346 2631 iuxta
1370 2566 1475 2631 fidem

188 2677 307 2738 datam
343 2673 523 2737 remittere
559 2684 593 2736 et
627 2674 754 2736 ceteris
787 2670 1008 2755 principibus
1042 2670 1257 2736 Germaniae
1291 2677 1475 2738 declarare

187 2782 343 2845 futurum
367 2783 505 2844 hostem
519 2782 674 2843 Romani
688 2781 830 2862 imperii
856 2779 1067 2861 quicumque
1092 2779 1208 2861 ipsum
1233 2783 1325 2844 ultra
1349 2802 1473 2866 accep·

189 2889 329 2952 taverit.
363 2889 527 2951 Laudare
552 2898 669 2950 tamen
694 2889 946 2969 imperatorem
977 2896 1120 2968 oportet
1143 2890 1239 2970 quod
1264 2911 1338 2953 rem
1355 2891 1475 2954 Eccle-

188 2997 261 3059 siae
286 2997 468 3076 hucusque
493 2995 623 3058 acriter
651 3004 785 3057 tutatus
810 2995 864 3074 sit,
889 2995 974 3057 licet
1001 2996 1157 3058 nondum
1182 2998 1227 3059 ad
1252 3007 1413 3080 optatum
1439 3011 1474 3063 et

188 3104 315 3165 iustum
329 3101 434 3164 finem
451 3102 641 3165 deduxerit
661 3112 695 3164 et
719 3103 960 3164 reducendum
985 3104 1030 3164 ad
1055 3102 1259 3166 memoriam
1274 3105 1473 3170 Caesareae

188 3208 385 3272 Maiestatis
401 3210 496 3290 quod
513 3229 584 3271 non
601 3209 660 3290 qui
685 3208 857 3291 inceperit
882 3211 945 3270 sed
970 3208 1028 3290 qui
1052 3230 1163 3290 usque
1188 3212 1233 3272 ad
1256 3210 1364 3275 finem
1394 3233 1474 3295 per·

188 3316 406 3380 severaverit
440 3317 496 3379 hic
527 3318 646 3379 salvus
680 3316 764 3394 erit,
798 3325 832 3378 et
864 3318 959 3397 quod
992 3318 1115 3379 melius
1140 3327 1193 3380 est
1217 3339 1287 3381 non
1313 3318 1471 3402 incipere

189 3444 293 3506 quam
317 3425 363 3486 ab
387 3423 539 3506 inceptis
567 3424 719 3505 turpiter
743 3424 926 3486 desistere.
974 3424 1111 3503 Itaque,
1137 3434 1326 3506 postquam
1352 3426 1470 3490 Eccle-

188 3531 274 3594 siam
299 3539 336 3593 ut
361 3529 479 3593 decuit
503 3529 766 3592 defendendam
790 3540 826 3591 et
850 3530 990 3591 Bullam
1008 3530 1163 3592 Romani
1181 3531 1364 3595 Pontificis
1389 3554 1471 3596 exe·

188 3638 364 3719 quendam
389 3635 561 3717 suscepit,
591 3656 662 3699 non
688 3645 805 3717 potest
830 3635 905 3698 sine
931 3635 1006 3699 eius
1030 3657 1159 3717 magna
1184 3647 1270 3699 nota
1294 3637 1327 3701 in
1354 3641 1473 3703 medio

190 3764 293 3807 cursu
318 3743 485 3817 deficere;
511 3744 605 3825 quod
631 3742 659 3807 si
684 3764 741 3806 res
758 3743 792 3805 in
810 3744 966 3825 longum,
991 3753 1029 3805 ut
1045 3743 1206 3805 fortassis
1223 3745 1350 3807 aemuli
1367 3742 1473 3809 Sedis

189 3851 421 3934 Apostolicae
447 3860 481 3912 et
505 3849 637 3912 inimici
661 3850 858 3913 Maiestatis
883 3870 968 3912 suae
993 3859 1155 3930 querunt,
1180 3850 1400 3934 differantur,
1425 3854 1472 3916 vi·

188 3959 272 4020 deat
293 3957 464 4019 Maiestas
493 3977 556 4019 sua
580 3957 615 4018 in
641 3957 761 4039 primis
786 3956 952 4039 auspiciis
977 3966 1097 4019 tantae
1122 3957 1362 4040 amplitudinis
1386 3981 1473 4024 suae

189 4085 294 4146 quam
326 4066 371 4126 de
404 4086 441 4126 se
474 4065 761 4147 expectationem
794 4065 981 4126 universae
1013 4064 1226 4128 christianae
1253 4066 1473 4148 reipublicae

188 4171 403 4255 praebuerit,
429 4181 553 4234 contra
570 4181 737 4253 coeptam
753 4171 997 4234 defensionem
1015 4173 1209 4234 communis
1225 4173 1376 4236 omnium
1393 4195 1471 4237 cau·

189 4302 249 4342 sae
274 4289 309 4342 et
334 4278 456 4342 salutis
481 4299 572 4359 quae
597 4278 632 4339 in
657 4298 762 4340 manu
787 4299 849 4340 sua
874 4288 937 4359 est,
963 4279 1116 4341 deserat.

278 4386 357 4467 Quo
382 4405 467 4447 vero
493 4386 538 4447 ad
563 4384 704 4447 libellos
718 4384 861 4447 Martini
886 4385 1009 4448 mirum
1034 4396 1098 4465 est,
1124 4407 1230 4468 quum
1256 4399 1326 4449 tam
1351 4397 1472 4468 paten-

189 4504 243 4555 tes
260 4513 401 4556 errores
421 4493 638 4572 contineant,
666 4513 735 4555 non
761 4503 972 4556 concurrant
996 4494 1114 4556 statim
1130 4494 1298 4558 Germani
1323 4495 1368 4556 ad
1393 4493 1474 4558 illos

189 4600 449 4661 comburendos
474 4608 511 4661 ut
536 4598 759 4661 continentes
780 4600 990 4682 religionem
1010 4621 1131 4663 eorum
1149 4601 1310 4683 patribus
1333 4600 1473 4664 omnino

189 4705 347 4787 ignotam
367 4715 414 4779 ¹et
445 4705 584 4769 Christo
617 4705 811 4786 inimicam,
842 4717 1074 4771 veruntamen
1100 4708 1182 4789 quia
1206 4709 1331 4770 nolunt
1355 4708 1474 4790 aliquo

189 4814 294 4875 modo
320 4823 513 4896 expectare
538 4813 566 4874 si
583 4813 757 4877 Martinus
782 4815 867 4877 velit
892 4835 954 4878 eos
978 4835 1149 4877 revocare
1168 4824 1204 4877 et
1220 4813 1254 4876 in
1273 4835 1342 4896 qua
1359 4826 1472 4901 parte,
