3330 5580
722 442 779 495 0-233
818 441 853 496 83
892 439 949 496 {if-⁴³

188 585 297 648 turali
322 583 484 668 Signori,
518 590 583 650 che
615 588 703 669 perd
734 610 880 671 sapemo
905 588 978 652 Sua
1003 589 1141 652 Maesta
1174 599 1209 651 et
1243 599 1334 651 tutto
1363 588 1387 651 il
1412 610 1476 651 suo

189 692 455 773 sapientissimo
479 694 626 757 consilio
650 697 860 776 provedono
885 696 969 778 ogni
995 717 1090 776 cosa,
1118 697 1284 758 havendo
1308 696 1430 758 avanti
1454 697 1477 757 li

190 799 293 861 occhi
319 800 342 861 li
369 800 503 863 Boemi.

278 900 324 968 'li
341 907 450 970 Brevi
475 910 540 970 che
564 907 768 971 dimandate
791 909 872 971 tutti
896 910 931 972 vi
955 909 984 972 si
1010 911 1186 972 mandeno
1211 908 1418 972 credentiali
1442 909 1477 971 in

190 1014 353 1076 Persona
385 1024 506 1077 vostra
537 1026 573 1077 et
604 1016 662 1078 del
688 1016 984 1096 Prothonotari0,
1018 1037 1117 1078 come
1148 1018 1318 1079 vederete
1352 1037 1416 1099 per
1444 1019 1477 1078 le

191 1120 339 1194 minute;
364 1121 541 1202 segnitate
566 1122 652 1202 ogni
668 1143 751 1185 cosa
775 1123 1039 1186 communicatis
1064 1123 1219 1185 consiliis
1236 1135 1272 1185 et
1288 1125 1379 1185 bene
1397 1144 1476 1184 con·

190 1227 428 1290 sentientibus
452 1228 577 1292 animis
601 1249 700 1292 come
724 1231 854 1294 havete
880 1230 1103 1313 principiato,
1128 1240 1164 1292 et
1188 1230 1343 1312 supplite
1367 1231 1388 1292 l'
1407 1250 1477 1292 uno

189 1354 256 1416 per
281 1335 302 1397 l’
318 1336 410 1398 altro
434 1337 735 1400 amorevolmente
759 1358 865 1400 senza
889 1338 1082 1418 guardarla
1105 1336 1140 1399 in
1165 1337 1300 1418 sottile,
1325 1343 1352 1400 sl
1379 1358 1477 1399 come

190 1442 328 1504 ricerca
360 1442 395 1504 la
419 1462 526 1506 causa
550 1443 587 1504 di
610 1453 710 1507 tanta
733 1444 963 1527 importantia
986 1455 1022 1507 et
1046 1445 1075 1508 si
1098 1445 1314 1526 periculosa,
1340 1454 1376 1507 et
1399 1465 1476 1526 per·

190 1549 379 1612 suadetevi
403 1551 469 1612 che
493 1549 625 1614 Nostro
650 1549 804 1633 Signore
830 1552 921 1615 vede
945 1561 982 1615 et
1005 1551 1193 1616 considera
1217 1554 1250 1615 le
1274 1572 1395 1633 opere,
1427 1552 1474 1614 fa-

189 1657 287 1719 tiche
312 1666 349 1719 et
372 1657 480 1721 stenti
503 1657 633 1738 vostri,
667 1668 703 1722 et
727 1660 762 1721 di
788 1669 879 1721 tutto
904 1660 999 1722 tiene
1024 1668 1060 1721 et
1083 1659 1178 1722 terra
1201 1661 1297 1722 bono
1325 1658 1476 1722 ricorde.

281 1763 333 1825 La
366 1784 451 1826 cosa
481 1764 515 1826 di
541 1765 758 1828 Armestorff
779 1766 971 1830 cameriere
996 1765 1032 1828 di
1056 1765 1209 1830 Caesare
1233 1786 1299 1848 per
1322 1766 1346 1828 il
1372 1767 1477 1848 quale

188 1870 213 1932 il
240 1872 448 1933 contessore
472 1871 517 1933 ha
542 1871 685 1955 scripto,
711 1882 746 1934 et
770 1872 840 1953 voi,
865 1883 900 1935 et
924 1872 948 1935 il
974 1873 1249 1936 Prothonotario
1275 1881 1311 1934 et
1335 1874 1433 1953 tutti,
1458 1875 1476 1935 ὁ

188 1987 380 2057 assettata,
405 1977 540 2041 Perchd
565 1979 697 2042 Nostro
722 1977 876 2061 Signore
900 1979 924 2042 li
948 1981 994 2042 ha
1018 1980 1113 2042 facto
1138 1982 1268 2043 cedere
1291 1982 1325 2042 la
1349 2001 1475 2063 prepo-

189 2085 303 2147 situra
336 2086 382 2146 da
416 2086 535 2165 quello
569 2088 634 2148 che
665 2087 782 2150 havea
808 2088 941 2149 havuto
967 2088 999 2148 le
1024 2085 1200 2148 sententie
1225 2096 1260 2148 et
1284 2099 1475 2169 exequuto-

189 2191 269 2254 riali
293 2191 329 2253 in
346 2191 447 2253 Rota
470 2202 506 2254 et
529 2192 585 2254 chi
609 2193 630 2255 l’
648 2194 764 2255 havea
787 2192 927 2275 litigata
950 2193 1049 2256 molti
1074 2204 1110 2256 et
1131 2193 1231 2256 molti
1255 2196 1339 2257 anni
1362 2196 1477 2278 prima

184 2300 273 2383 *chel
297 2299 487 2362 Cardinale
512 2300 641 2381 Egidio
674 2300 885 2383 impetrasse
917 2303 950 2363 la
984 2322 1047 2363 sua
1080 2303 1227 2383 general
1252 2302 1388 2364 riserva
1412 2323 1477 2384 per

190 2409 317 2491 vigore
342 2409 437 2472 della
461 2410 565 2490 quale
589 2407 614 2470 il
638 2408 781 2470 fratello
806 2408 841 2468 di
867 2406 1084 2470 Armastorff
1096 2407 1126 2468 ci
1142 2409 1371 2488 pretendeva.
1408 2409 1474 2471 No-

189 2529 263 2578 stro
291 2514 444 2595 Signore
478 2515 525 2576 ha
557 2516 680 2577 voluto
713 2515 857 2596 allongo
890 2513 1091 2576 informarsi
1116 2516 1175 2577 del
1199 2524 1289 2577 tutto
1315 2528 1350 2577 et
1374 2525 1476 2578 trova

190 2624 268 2684 chel
295 2641 431 2703 povero
457 2620 623 2683 Cardine]
648 2619 778 2702 Egidio
803 2620 821 2683 ὲ
845 2630 1012 2682 accusato
1037 2642 1057 2683 a
1082 2640 1171 2702 gran
1197 2632 1289 2684 torto
1298 2671 1306 2701 ,
1339 2633 1374 2684 et
1398 2624 1476 2685 chel

191 2729 385 2792 cameriere
410 2730 446 2791 di
471 2729 601 2792 Cesare
627 2731 644 2792 ὲ
669 2730 779 2790 molto
805 2729 895 2790 male
920 2727 1110 2790 informato
1134 2729 1229 2792 della
1254 2750 1355 2808 cosa,
1381 2739 1416 2792 et
1440 2730 1475 2791 in

191 2857 327 2900 summa
359 2838 423 2899 che
449 2837 539 2898 deve
564 2835 649 2898 farsi
674 2835 891 2898 conscientia
916 2835 1011 2898 della
1034 2834 1179 2898 infamia
1203 2837 1269 2898 che
1293 2836 1327 2897 in
1350 2846 1476 2918 questo

192 2947 236 3006 ha
260 2945 346 3006 dato
371 2965 393 3005 a
417 2943 489 3007 Sua
513 2942 830 3006 Reverendissima
855 2940 1024 3024 Signoria
1047 2952 1083 3005 et
1107 2944 1220 3005 anche
1244 2945 1289 3006 ad
1314 2943 1473 3005 Henech·

193 3064 281 3114 wort
315 3071 416 3115 come
448 3051 476 3114 si
507 3051 612 3132 potra
641 3050 773 3133 meglio
806 3052 937 3112 vedere
968 3070 1033 3131 per
1063 3051 1098 3113 la
1128 3069 1214 3112 vera
1246 3050 1476 3113 instructione

193 3161 287 3223 della
312 3180 421 3223 causa
445 3168 482 3222 et
504 3161 581 3222 loro
605 3161 710 3222 lettre
735 3159 853 3222 chesi
878 3160 1121 3222 manderanno
1146 3159 1181 3221 di
1206 3160 1250 3222 la.

280 3266 505 3329 Nondirneno
529 3286 594 3348 per
618 3265 793 3329 sodisfare
817 3287 839 3328 a
863 3265 1016 3329 Caesare
1040 3268 1074 3328 al
1103 3265 1309 3328 confessore
1343 3265 1377 3326 di
1404 3265 1477 3327 Sua

194 3372 348 3453 Maesta,
383 3384 417 3435 et
447 3375 560 3436 anche
583 3375 617 3436 al
642 3373 850 3451 cameriere,
884 3375 989 3454 quale
1021 3373 1172 3435 scrivete
1198 3393 1294 3435 esser
1318 3375 1414 3434 bono
1440 3382 1475 3434 et

194 3481 369 3542 catholico
393 3479 649 3561 gentilhuom0,
673 3477 748 3542 Sua
771 3479 999 3543 Beatitudine
1030 3500 1095 3561 per
1125 3500 1243 3542 mezzo
1275 3481 1332 3541 del
1358 3480 1475 3542 Reve-

195 3587 402 3651 rendissimo
433 3585 455 3647 θ’
462 3587 555 3649 ancti
580 3587 731 3667 Quattro
762 3588 809 3648 ha
842 3586 996 3649 sforzato
1028 3586 1048 3648 l’
1062 3585 1269 3649 adversario
1300 3586 1476 3649 renitente

195 3704 227 3757 et
258 3694 440 3776 disperato
466 3716 486 3755 a
510 3694 712 3756 renuntiare
746 3695 780 3755 la
804 3694 900 3756 dicta
924 3694 1159 3775 prepositura,
1191 3704 1227 3756 et
1251 3703 1340 3755 tutte
1365 3696 1398 3756 le
1423 3715 1473 3755 ra-

194 3801 289 3883 gioni
313 3822 377 3864 sue
402 3801 435 3863 al
459 3801 601 3864 fratello
627 3800 662 3862 di
687 3821 767 3864 esso
792 3800 994 3865 Cameriere
1019 3811 1055 3863 et
1079 3803 1124 3863 ha
1148 3812 1354 3863 contentato
1381 3801 1475 3863 dicto

195 3909 398 3972 adversario
430 3928 496 3971 con
528 3929 598 3972 uno
631 3907 745 3970 offitio
778 3909 844 3971 che
875 3909 900 3971 li
931 3910 1043 3970 renda
1076 3918 1179 3970 cento
1214 3908 1333 3969 ducati
1362 3907 1395 3968 d’
1412 3928 1475 3969 oro

195 4016 213 4076 l’
229 4037 323 4078 anno
356 4016 479 4097 pagati
512 4015 597 4096 ogni
622 4036 717 4078 mese
743 4035 808 4096 per
830 4024 909 4077 rata
932 4014 1046 4077 finche
1072 4036 1110 4077 se
1134 4015 1157 4076 li
1182 4016 1228 4076 da
1252 4014 1475 4096 ricompensa

194 4121 226 4184 in
258 4121 428 4185 benefitii.
478 4124 623 4185 Potrete
654 4121 732 4185 fare
755 4121 941 4184 intendere
967 4122 990 4183 il
1015 4131 1106 4184 tutto
1130 4124 1163 4184 al
1188 4123 1247 4184 Re
1272 4125 1305 4184 al
1330 4121 1474 4184 Confes-

195 4249 271 4292 sore
296 4240 332 4292 et
356 4251 377 4292 a
400 4229 490 4291 ditto
515 4229 719 4309 cameriere,
744 4229 841 4292 accio
866 4231 931 4292 che
956 4229 1150 4291 intendano
1175 4230 1240 4291 che
1264 4229 1414 4309 rispetto
1439 4228 1475 4289 di

196 4335 264 4399 Sua
288 4337 429 4399 Maesta
459 4358 497 4399 se
531 4337 554 4399 li
580 4338 674 4398 dona
706 4335 939 4398 liberamente
964 4337 998 4397 la
1024 4335 1249 4418 prepositura
1276 4337 1342 4397 che
1367 4345 1474 4413 cert0,

194 4462 255 4522 per
285 4453 419 4525 quanto
437 4443 567 4506 Nostro
590 4440 744 4525 Signore
769 4444 815 4505 ha
839 4445 962 4506 voluto
986 4443 1183 4522 intendere,
1209 4463 1278 4504 non
1304 4443 1334 4504 ci
1360 4444 1474 4504 havea

195 4550 340 4630 ragione
372 4553 498 4612 alcuna
531 4552 574 4613 ne
606 4550 629 4612 il
656 4548 846 4613 Cardinale
871 4550 1017 4632 Egidi0,
1052 4550 1156 4632 quale
1180 4570 1245 4630 per
1269 4571 1339 4611 non
1364 4550 1473 4611 incor-

195 4677 270 4719 rere
295 4656 330 4719 in
355 4659 389 4720 le
414 4678 561 4720 censure
579 4666 614 4720 et
631 4657 921 4720 excommuniche
939 4656 1023 4719 delli
1040 4656 1298 4738 exequutoriali
1316 4657 1474 4720 intimate

194 4763 311 4827 aSua
343 4763 528 4848 Signoria,
561 4777 643 4849 post
676 4785 749 4827 rem
781 4764 971 4827 iudicatam
1003 4765 1098 4825 dallo
1130 4764 1336 4825 adversario
1371 4763 1475 4825 cessit

1283 4869 1314 4922 6*
