3330 5580
553 942 664 1043 Epist
694 827 934 1023 Tridentiriiti·
953 941 1125 1024 Clementi
1152 943 1231 1025 VIL

733 1090 791 1164 (Ep.
809 1090 896 1164 prino.
915 1088 966 1148 m
986 1088 1053 1158 tot)

772 1207 825 1276 (²3·
846 1210 912 1274 Junt
936 1213 1022 1275 1524·l

347 1351 567 1432 Quamquam
592 1364 710 1414 vestra
735 1351 925 1414 Beatitudo
950 1352 994 1413 de
1014 1372 1180 1414 successu
1196 1351 1292 1415 diete
1308 1353 1550 1433 provincialis

260 1458 362 1519 huius
385 1459 571 1521 comitatus
596 1461 718 1540 procul
751 1459 859 1520 dubio
895 1478 960 1540 per
988 1457 1168 1521 nunctium
1199 1479 1300 1522 suum
1323 1461 1422 1541 apud
1450 1481 1547 1524 sere·

260 1564 438 1628 nissimum
463 1564 661 1647 principem
685 1575 851 1645 agentem
875 1565 921 1626 sit
945 1564 1142 1645 admonita,
1176 1585 1310 1629 memor
1339 1577 1462 1630 tamen
1489 1589 1548 1631 eo-

259 1692 335 1733 rum
361 1692 429 1753 que
454 1683 558 1735 antea
584 1673 627 1734 de
653 1692 707 1734 me
732 1670 850 1734 futura
875 1671 990 1734 eidem
1004 1670 1299 1753 significaveram,
1323 1674 1450 1755 putavi
1466 1695 1548 1757 pre·

259 1787 378 1840 sentes
402 1800 498 1841 meas
523 1779 659 1841 litteras
691 1779 757 1840 sibi
783 1778 972 1840 mittendas
997 1799 1076 1841 esse
1108 1790 1145 1841 ut
1177 1779 1395 1861 intelligeret
1426 1781 1548 1864 ipsum

260 1898 472 1948 conventum
497 1886 744 1966 provintialem
771 1895 851 1966 post
876 1884 1061 1947 diuturnos
1085 1886 1227 1949 labores
1252 1898 1287 1949 et
1311 1887 1404 1950 inter
1435 1889 1547 1970 pluri-

260 2014 334 2054 mas
358 1993 437 2055 hinc
463 2002 499 2055 et
521 1993 603 2055 inde
628 1991 885 2069 contentiones,
910 1992 1053 2055 tandem
1078 1990 1183 2055 finem
1207 1992 1392 2068 habuisse;
1418 1994 1548 2079 inquo

260 2120 459 2181 quanquam
475 2120 608 2162 summe
622 2098 860 2181 provinciales
878 2099 1125 2161 contenderint
1141 2109 1177 2162 et
1200 2099 1420 2165 incessanter
1446 2104 1549 2166 enixi

260 2206 393 2268 fuerint
418 2228 460 2269 ea
484 2205 654 2287 consequi
678 2225 743 2287 per
767 2225 836 2286 que
861 2205 1093 2268 sacerdotalis
1121 2205 1276 2288 dignitas
1307 2209 1549 2274 labefactare·

263 2322 319 2375 tur
344 2324 379 2374 et
404 2313 546 2376 omnino
571 2311 848 2393 opprimeretur,
873 2332 995 2375 omnes
1020 2322 1138 2376 tamen
1169 2314 1363 2377 eorundem
1394 2327 1552 2379 conatus

260 2431 381 2501 preter
405 2441 509 2501 quam
534 2419 569 2481 in
587 2429 753 2504 quattuor
776 2417 933 2480 articulis
950 2418 1039 2482 irriti
1063 2418 1149 2482 facti
1174 2431 1271 2494 sunt;
1296 2441 1448 2501 quorum
1472 2425 1549 2506 qui·

262 2530 342 2590 dem
367 2527 549 2590 concessio
575 2526 714 2589 tametsi
739 2525 871 2589 Sedem
896 2527 1142 2607 Apostolicam
1165 2547 1317 2609 gravare
1342 2539 1378 2590 et
1401 2530 1550 2594 liberta-

263 2649 331 2697 tem
368 2635 647 2698 ecclesiasticam
683 2634 841 2697 nonnihil
879 2634 1102 2715 supprimere
1135 2635 1313 2715 videatur,
1344 2637 1552 2717 putaverim

262 2742 296 2804 in
322 2740 593 2805 serenissimum
609 2741 811 2823 Principem
829 2762 872 2804 eo
889 2742 1037 2804 consilio
1063 2752 1097 2804 et
1122 2741 1320 2805 intentione
1344 2743 1553 2808 huiusmodi

262 2851 480 2912 concessisse
505 2851 599 2930 quod
625 2849 816 2929 aliquando
840 2848 995 2912 futurum
1012 2861 1133 2930 speret
1149 2852 1273 2913 eadem
1289 2851 1365 2913 tolli
1383 2872 1493 2934 posse
1513 2868 1552 2916 et

266 2978 323 3019 res
348 2960 392 3020 ad
418 2957 613 3038 primevum
639 2964 779 3035 statum,
803 2956 1015 3019 auctoritate
1039 2957 1188 3019 consilio
1213 2957 1402 3038 studioque
1426 2971 1554 3024 vestre

264 3064 460 3128 sanctitatis
485 3065 691 3144 accedente,
715 3063 931 3143 redigendas
956 3084 1044 3126 esse.
1093 3064 1225 3126 Verum
1254 3065 1418 3128 nunctius
1447 3087 1554 3131 meus

265 3193 368 3252 quem
393 3192 472 3233 meo
498 3170 639 3233 nomine
664 3171 698 3231 in
732 3169 829 3232 dieta
857 3170 965 3233 habui
994 3182 1099 3233 antea
1130 3192 1176 3232 ex
1205 3191 1260 3233 me
1295 3171 1461 3249 monitus,
1487 3176 1552 3237 ubi

264 3281 329 3341 hee
354 3289 520 3360 quattuor
543 3277 688 3340 rescivit
717 3278 835 3358 palam
868 3288 1056 3340 attestatus
1081 3287 1134 3340 est
1148 3327 1156 3357 ,
1190 3278 1359 3341 adhibitis
1384 3280 1552 3359 testibus,

263 3408 341 3449 sese
366 3406 444 3448 meo
469 3385 610 3448 nomine
639 3383 724 3446 nihil
748 3395 936 3465 acceptare
962 3385 1055 3466 quod
1082 3382 1167 3447 Sedi
1192 3385 1402 3465 Apostolice
1427 3386 1475 3449 sit
1501 3388 1551 3450 in-

265 3495 398 3555 decens
426 3502 462 3554 et
492 3490 648 3577 libertati
681 3490 921 3553 ecclesiastice
955 3491 1187 3569 contrarium,
1212 3491 1257 3552 de
1289 3512 1359 3572 quo
1392 3504 1555 3558 vestram

265 3600 489 3662 sanctitatem
514 3598 774 3661 admonendam
800 3619 878 3661 esse
902 3598 1035 3680 putavi,
1069 3608 1106 3660 ut
1131 3618 1237 3678 quum
1265 3611 1372 3661 antea
1401 3600 1553 3681 scripse-

266 3708 331 3769 rim
356 3728 411 3769 me
426 3706 523 3786 nihil,
549 3714 716 3787 quantum
741 3704 776 3766 in
802 3726 857 3768 me
886 3716 972 3781 erat,
1001 3714 1269 3786 acceptaturum
1302 3707 1398 3785 quod
1423 3707 1554 3772 durum

269 3814 473 3895 iniquumve
503 3813 618 3875 ordini
653 3812 864 3874 sacerdotali
897 3812 1022 3874 haberi
1053 3825 1194 3892 posset,
1229 3812 1299 3874 iam
1331 3812 1556 3895 intelligeret

267 3932 432 4003 agentem
464 3939 579 3982 meum
611 3918 740 3981 fecisse
766 3920 859 3999 quod
891 3918 1023 4000 potuit,
1055 3939 1099 3980 ne
1131 3919 1215 3999 quid
1249 3921 1338 3991 tale,
1373 3940 1554 3985 consensu

268 4049 347 4091 meo
372 4029 576 4091 conclusum
602 4025 792 4088 videretur.
852 4026 967 4106 Quum
996 4036 1114 4087 autem
1147 4025 1202 4087 his
1226 4025 1368 4107 scriptis
1392 4029 1554 4092 nondum

269 4146 386 4198 tamen
412 4134 629 4215 obsignatis,
659 4132 858 4212 acceperim
887 4132 1023 4194 litteras
1052 4153 1073 4193 a
1107 4131 1211 4194 Sermo
1237 4132 1421 4214 Principe,
1455 4135 1552 4198 volui

269 4242 407 4323 copiam
433 4261 553 4303 earum
577 4239 631 4301 his
655 4237 861 4320 adiungere,
885 4251 924 4300 ut
947 4240 1042 4321 quod
1066 4239 1111 4300 de
1128 4238 1283 4301 articulis
1299 4239 1367 4302 illis
1384 4250 1556 4321 quattuor

270 4347 431 4428 superius
448 4346 584 4428 scripsi,
602 4347 636 4407 id
653 4345 702 4407 ita
720 4365 797 4407 esse
815 4355 1092 4426 cognosceret..
1113 4399 1117 4408 .
1150 4345 1205 4407 Ex
1230 4345 1401 4409 Tridento
1420 4347 1555 4410 XXIII

271 4455 328 4517 die
352 4454 434 4533 Julii
459 4452 659 4515 MDXXV.
