3330 5580
702 490 951 555 &qvae-0

192 639 373 704 vesaniam
410 650 445 702 et
477 639 729 704 contumatiam
765 650 800 703 et
835 641 1109 704 obstinationem
1148 643 1303 705 addente
1339 644 1384 704 ad
1410 662 1474 705 nos

191 747 394 811 necessario
426 746 587 810 defertur
622 746 817 810 necessitas
848 747 1069 820 vindicandi;
1105 769 1186 819 nam
1222 758 1258 811 et
1293 747 1473 812 interitum

191 855 249 918 vel
274 854 438 917 minimae
472 853 550 916 ovis
584 874 630 917 ex
658 873 771 937 grege
808 866 929 917 nostro
966 875 1044 918 cunr
1081 856 1204 918 dolore
1239 856 1402 936 ferimuS,
1437 866 1473 920 et

190 982 330 1044 poenae
365 959 626 1024 animadversio
665 962 926 1024 mansuetudini
971 972 1113 1025 nostrae
1152 964 1383 1027 vehementer
1419 974 1474 1027 est

191 1068 401 1133 contraria“.

281 1174 382 1256 Quae
405 1177 534 1239 verba!
559 1194 664 1257 quam
688 1175 831 1238 diversa
853 1179 900 1238 ab
926 1175 1029 1239 editis
1053 1175 1265 1240 lutheranis!

281 1284 332 1346 At
344 1303 415 1345 non
432 1283 573 1346 diversa
586 1292 722 1346 tantum
735 1285 798 1345 sed
812 1293 847 1346 et
856 1283 1044 1364 contraria,
1056 1283 1091 1346 in
1108 1284 1338 1365 sequentibus
1355 1305 1473 1347 occur-

191 1402 289 1453 runt:
311 1391 473 1469 „Testem
486 1390 600 1453 Deum
618 1390 897 1473 omnipotentem
919 1402 954 1452 et
969 1400 1064 1453 tuam
1077 1389 1300 1454 nobilitatem
1313 1390 1471 1472 facimus,

193 1519 257 1560 nos
281 1498 351 1560 iam
376 1500 422 1560 ab
446 1497 546 1560 initio
571 1517 650 1560 cum
677 1497 823 1560 Martini
847 1497 1013 1578 Lutheri,
1048 1517 1152 1580 quem
1181 1496 1290 1561 filium
1320 1498 1473 1580 amplius

192 1615 351 1668 nostrum
376 1623 505 1667 vocare
530 1624 601 1666 non
625 1624 813 1686 possumus
837 1652 845 1667 .
871 1652 878 1667 .
904 1652 911 1666 .
942 1603 1073 1667 diutius
1106 1624 1185 1668 esse
1217 1625 1343 1687 passos
1366 1624 1471 1685 quam

191 1712 351 1774 forsitam
368 1711 559 1793 pastoralis
575 1732 680 1774 curae
695 1710 882 1792 vigilantia
903 1713 1122 1793 postulabat;
1151 1712 1216 1774 sed
1240 1732 1283 1774 ea
1306 1731 1370 1792 spe
1393 1731 1472 1774 csse

191 1839 318 1901 passos
340 1820 435 1900 quod
456 1818 553 1881 illum
574 1819 619 1880 ad
637 1817 893 1899 poenitentiam
917 1817 1077 1881 converti
1102 1828 1138 1882 et
1159 1825 1253 1882 luam
1268 1817 1472 1882 nobilitatem

192 1947 261 1989 nrm
290 1924 423 2012 offlndr'
451 1925 660 2007 optavimus.
714 1923 773 1988 Sic
806 1925 898 1989 enim
929 1924 1105 1989 communi
1133 1925 1287 1989 wantiam
1321 1947 1474 1990 sermone

186 2031 450 2119 pracdt'cobafur
479 2031 544 2095 lz'br'
567 2030 667 2095 illum
699 2032 840 2095 chorum
863 2037 1098 2117 acceptumque
1121 2053 1200 2115 csse,
1224 2038 1347 2116 tuoque
1371 2032 1471 2097 illum

187 2139 383 2225 patroctm'o
407 2137 516 2224 arogis
539 2139 704 2227 confisum
728 2160 829 2222 quo-m
853 2140 1028 2223 oportebat,
1052 2142 1117 2203 hos
1141 2150 1260 2203 tantos
1284 2139 1352 2202 sibi
1376 2161 1470 2204 arro·

191 2247 336 2330 gantiae
361 2245 506 2327 spiritus
529 2247 795 2330 assumpsisse“.

259 2354 357 2417 Haec
383 2357 495 2416 verba
520 2353 662 2416 omnino
686 2353 865 2416 contraria
890 2363 971 2416 sunt
992 2353 1157 2417 laudibus
1173 2353 1355 2418 Friderico
1379 2355 1472 2418 datis

192 2482 257 2544 pro
282 2461 459 2524 constanti
483 2461 753 2543 oppugnatione
779 2461 935 2540 Lutheri,
959 2481 1024 2542 pro
1047 2461 1180 2524 reiecta
1204 2461 1280 2524 eius
1294 2460 1471 2525 familiari·

191 2579 276 2648 tate,
292 2589 358 2651 pro
373 2568 544 2632 fidelitate
561 2580 627 2632 etc.
661 2569 801 2631 Nemini
819 2569 927 2648 igitur
942 2569 1086 2631 dubium
1104 2570 1187 2650 quin
1205 2569 1233 2631 si
1252 2589 1322 2631 una
1335 2569 1473 2632 sincera

193 2687 258 2755 est,
272 2677 385 2738 altera
396 2675 539 2738 omnino
552 2676 673 2758 spuria
695 2676 739 2738 sit
754 2677 935 2747 habenda;
950 2696 1030 2738 nam
1047 2695 1116 2738 uno
1134 2675 1192 2738 die
1209 2678 1300 2738 duae
1314 2676 1364 2738 sic
1381 2675 1472 2740 inter

191 2805 230 2846 se
255 2794 459 2865 pugnantes
484 2782 657 2865 epistolae
682 2782 835 2866 scriptae
866 2782 1065 2864 missaeque
1095 2804 1173 2846 esse
1204 2803 1275 2846 non
1306 2793 1471 2865 possunt;

192 2911 263 2953 una
287 2910 373 2971 ergo
398 2889 489 2952 falsa
513 2899 584 2961 est;
609 2890 672 2952 sed
696 2892 893 2971 quaenam?

281 2996 373 3059 Illud
412 2997 675 3059 observandum
714 3017 801 3079 prae
841 2996 991 3060 caeteris
1029 2997 1125 3078 quod
1163 2997 1246 3058 dum
1285 2996 1473 3060 lutherana

193 3103 347 3186 epistola
392 3124 483 3185 quae
530 3104 670 3167 Romae
715 3103 1008 3167 circumferentur
1047 3124 1155 3166 voces
1202 3104 1361 3184 ignorat,
1414 3125 1471 3166 va·

191 3211 311 3274 ticana
334 3221 370 3273 et
393 3212 578 3293 cognoscit
602 3222 638 3274 et
662 3211 906 3275 reminiscitur.
966 3211 1181 3274 Resciverat
1212 3209 1414 3273 Fridericus
1452 3232 1473 3272 a

192 3318 385 3381 Valentino
404 3320 448 3382 de
459 3318 648 3381 Deitleben
667 3318 782 3400 „quod
791 3318 933 3401 publica
951 3317 1045 3380 fama
1062 3315 1263 3380 affirmabat
1280 3317 1472 3380 Lutherum

191 3429 238 3489 ab
263 3426 341 3508 ipso
377 3426 434 3504 ali,
466 3425 580 3489 foveri
617 3437 652 3490 et
683 3426 876 3488 clementer
909 3425 1066 3504 haberi“‚
1098 3425 1217 3506 itaque
1251 3424 1285 3487 in
1321 3423 1473 3505 epistola

192 3533 358 3596 vaticana
374 3534 448 3596 Leo
473 3533 596 3595 scribit
620 3533 783 3596 electori:
812 3532 1005 3613 „communi
1022 3532 1175 3595 omnium
1192 3551 1355 3594 sermone
1371 3551 1472 3612 prae·

192 3640 378 3702 dicabatur
412 3641 603 3702 Lutherum
641 3639 706 3701 tibi
739 3641 884 3702 charum
915 3652 1171 3720 acceptumque
1207 3659 1306 3717 esse,
1339 3648 1472 3720 tuoque

190 3747 288 3809 illum
303 3747 502 3829 patrocinio
518 3748 583 3809 hos
596 3756 713 3809 tantos
729 3746 795 3808 sibi
809 3747 1036 3828 arrogantiae
1049 3746 1194 3826 spiritus
1206 3744 1472 3828 assumpsisse“.

282 3854 326 3916 Et
349 3855 468 3937 logica
496 3865 531 3916 et
554 3854 701 3917 historia
724 3854 839 3935 magis
862 3854 943 3916 huic
968 3853 1202 3932 conveniunt,
1236 3872 1341 3933 quam
1377 3852 1472 3934 stylo

191 3961 354 4024 mendaci
396 3982 466 4043 quo
505 3960 673 4024 asseritur
708 3961 845 4023 Ducem
887 3959 1067 4024 Saxoniae
1117 3979 1276 4042 „semper
1313 3957 1472 4021 infensos

191 4069 358 4132 habuisse
389 4067 584 4149 iniquitatis
613 4066 676 4131 filii
708 4066 852 4129 Martini
887 4067 1032 4130 Lutheri
1065 4069 1244 4129 conatus“.
1303 4065 1348 4127 Et
1382 4067 1471 4128 haec

191 4197 258 4258 pro
282 4195 409 4256 magna
433 4174 723 4257 praesumptione
748 4185 873 4237 contra
897 4173 1136 4236 sinceritatem
1162 4173 1336 4254 epistolae
1360 4172 1471 4235 luthe-

191 4303 300 4346 ranae
325 4283 490 4344 habenda
514 4291 685 4345 tenemus.

282 4388 371 4469 Sed,
405 4409 556 4470 quaese,
588 4391 767 4470 quomodo
800 4398 941 4470 poterat
972 4388 1155 4450 Alcander
1190 4383 1376 4466 epistolam
1400 4383 1471 4446 diei

193 4497 318 4578 8Julii
343 4498 539 4578 ignorare?
586 4495 663 4558 Nec
688 4516 815 4558 revera
838 4494 1034 4578 ignoravit;
1068 4493 1193 4575 ignota
1226 4491 1276 4553 illi
1310 4491 1376 4554 fuit
1400 4489 1469 4572 epi·

191 4607 283 4668 stola
309 4627 328 4668 a
353 4602 548 4666 lutheranis
571 4602 701 4666 deinde
725 4601 837 4675 edita;
864 4601 963 4664 novit
988 4600 1165 4683 apprime,
1189 4598 1319 4677 retulit,
1343 4597 1379 4660 in
1402 4599 1469 4660 col-

193 4711 346 4776 lectione
370 4732 435 4773 sua
458 4710 657 4792 composuit
682 4709 870 4791 epistolam
902 4709 1113 4771 vaticanam.
1172 4706 1271 4769 Haec
1304 4723 1391 4785 ergo
1423 4703 1471 4766 in·

192 4819 397 4882 dubitanter
421 4819 578 4899 sincera,
610 4838 695 4880 vere
719 4817 844 4897 missa,
879 4815 982 4880 unice
1016 4813 1148 4895 scripta
1172 4813 1255 4884 fuit;
1289 4832 1355 4875 nec
1379 4810 1471 4873 inter
