3330 5580
722 482 950 538 0-4343ῦ-ο

189 627 223 688 d’
242 627 336 691 altri.
384 627 500 689 'santo
525 628 590 696 che
615 627 710 689 dicto
736 628 841 690 Mess.
867 628 1020 690 Michele
1045 628 1138 690 ando
1164 627 1280 691 subito
1306 628 1340 690 di
1370 649 1476 710 sopra

188 736 224 796 al
250 735 322 813 Re,
348 735 442 795 dove
468 754 529 796 era
553 733 763 797 Sedunense
788 756 808 796 a
833 737 1103 798 lamentarsene.
1152 735 1257 797 Dicto
1282 736 1388 798 Mess.
1414 736 1476 797 Mi·

189 844 293 904 chele
325 843 446 905 hebbe
478 842 616 920 grande
640 862 765 922 paura;
798 847 826 904 si
859 843 924 904 che
955 841 1071 923 questi
1095 841 1239 904 barbari
1264 863 1302 905 se
1327 852 1476 923 porteno

191 951 302 1011 molto
326 950 430 1011 male.
477 948 516 1011 In
543 948 726 1012 Vormatia
752 948 866 1010 XXII
890 949 968 1035 (sic)
993 948 1152 1030 Januarii
1176 948 1357 1012 MDXXI.

816 1379 865 1441 16.

515 1511 905 1592 vicecancellarius
933 1512 1151 1594 Aloandro.

606 1659 748 1729 (Nuntiet.
769 1659 894 1718 Germau
913 1659 943 1717 1«.
962 1658 1006 1718 rot
1024 1660 1071 1729 u)

262 1779 314 1842 (Ex
337 1781 404 1829 Palo
426 1780 579 1829 Portuensis
598 1779 727 1829 dioecesis
747 1779 788 1828 28.
809 1782 918 1844 Januur.
938 1806 971 1816 -
992 1780 1156 1828 Wormatiae
1176 1793 1200 1840 9.
1220 1781 1299 1829 Febr.
1323 1783 1406 1841 1521.)

410 1904 628 1967 Reverende
654 1913 756 1985 pater
783 1902 906 1965 Amice
931 1902 977 1964 mi
1005 1903 1209 1985 praecipue.

285 2029 337 2091 La
361 2031 489 2090 lettera
506 2039 542 2090 et
559 2048 668 2109 opera
690 2037 725 2090 et
741 2026 874 2091 fatiche
890 2039 1010 2090 vostre
1027 2048 1134 2110 sopra
1151 2048 1257 2091 causa
1274 2029 1477 2091 lutheriana

189 2157 282 2198 sono
307 2135 544 2198 accettissime
569 2155 590 2197 a
614 2134 745 2197 Nostro
770 2132 943 2215 Signme,
977 2134 1037 2215 qui
1061 2135 1285 2198 commendat
1309 2134 1343 2196 in
1370 2156 1412 2197 ea
1439 2155 1476 2196 re

188 2242 359 2319 studium,
384 2240 490 2304 fidem
513 2261 556 2303 ac
581 2241 806 2323 prudentiam
831 2251 995 2320 vestram,
1019 2243 1251 2323 hortaturque
1277 2241 1477 2322 perduretis

190 2360 226 2413 et
253 2370 335 2412 cum
360 2348 534 2412 modestia
559 2367 600 2410 ac
624 2347 797 2430 patientia
820 2348 954 2429 geratis
978 2348 1253 2430 sustineatisque
1279 2349 1406 2411 omnia.

284 2455 447 2519 Havrete
478 2476 544 2518 con
572 2465 697 2536 questa
728 2475 799 2518 una
830 2454 866 2517 di
897 2455 1036 2517 cambio
1062 2455 1096 2517 di
1122 2477 1186 2533 400
1211 2455 1340 2518 Ducati
1364 2456 1397 2516 d'
1415 2477 1477 2517 oro

189 2564 349 2626 drizzata
376 2585 397 2625 a
422 2562 610 2633 Foccheri;
644 2563 771 2625 usateli
795 2584 840 2625 ne
871 2562 1015 2644 bisogni
1042 2563 1152 2625 vostri
1178 2573 1213 2625 et
1237 2563 1331 2625 della
1356 2583 1476 2628 causa:

190 2693 263 2735 non
297 2671 459 2733 dubitate
492 2670 525 2732 vi
555 2689 592 2732 se
617 2669 725 2733 habbi
750 2691 771 2732 a
796 2691 979 2749 mancare,
1011 2673 1087 2733 solo
1112 2691 1150 2733 se
1175 2672 1210 2731 vi
1235 2669 1432 2732 advertisse
1458 2692 1478 2731 a

191 2777 376 2860 spenderli
402 2778 584 2841 utilmente
609 2790 645 2840 et
669 2798 739 2840 non
764 2777 800 2840 in
825 2798 909 2841 cose
934 2777 1122 2860 superflue,
1148 2798 1248 2841 come
1273 2797 1370 2840 semo
1391 2777 1478 2840 certi

190 2887 318 2949 farete.

283 2993 444 3056 Havrete
469 2993 626 3054 anchora
650 2994 719 3055 due
744 2994 839 3056 bolle
864 2993 1046 3075 piombate
1071 3004 1284 3057 novamente
1308 2992 1397 3056 fatte
1425 3013 1476 3055 so·

192 3121 258 3184 pra
282 3101 318 3163 la
342 3119 451 3162 causa
475 3098 511 3160 di
536 3099 680 3179 Luther,
704 3099 740 3161 in
765 3120 835 3162 una
859 3110 913 3163 est
937 3100 1089 3164 facultas
1113 3101 1349 3163 substituendi
1374 3122 1395 3162 a
1420 3120 1477 3162 vo·

191 3207 248 3271 bis
272 3207 401 3289 petitam
427 3208 597 3270 vederete
621 3207 642 3268 l'
658 3227 729 3269 una
754 3217 789 3270 et
813 3207 834 3269 l'
847 3210 940 3271 altra
963 3218 999 3272 et
1023 3208 1044 3271 i’
1060 3219 1200 3272 usarete
1224 3209 1419 3290 prudenter
1444 3218 1479 3268 et

192 3317 374 3395 modeste,
407 3334 473 3396 pro
505 3314 556 3377 rei
589 3315 856 3397 opportunitate
889 3326 923 3378 et
955 3316 1125 3398 temporis
1157 3316 1359 3386 commodo;
1395 3313 1430 3376 vi
1460 3314 1478 3377 ὲ

193 3424 308 3486 anche
341 3441 412 3484 uno
436 3421 554 3484 Breve
578 3442 599 3484 a
623 3420 753 3485 Cesare
781 3442 889 3504 super
913 3424 1039 3487 eodem
1064 3423 1219 3503 Negotio
1245 3432 1280 3486 et
1305 3441 1477 3504 appresso

191 3530 342 3593 insieme
376 3527 501 3591 XXV.
538 3528 641 3611 copie
676 3539 851 3612 stampate
886 3542 921 3593 et
956 3531 1197 3593 authenticate
1234 3531 1328 3593 della
1364 3529 1478 3611 prima

192 3638 301 3718 bolla,
327 3636 388 3718 poi
411 3636 447 3698 in
471 3657 542 3698 una
566 3656 667 3698 cassa
691 3635 726 3697 di
751 3637 887 3700 lattone
904 3657 1029 3719 grossa
1044 3638 1211 3719 parecchi
1227 3637 1327 3699 brevi
1343 3657 1364 3698 a
1381 3635 1477 3697 Prin·

193 3744 265 3825 cipi
298 3762 406 3824 sopra
434 3745 469 3805 la
493 3742 685 3805 medesima
709 3742 857 3805 materia
881 3745 1189 3807 commendandoli
1214 3744 1249 3806 di
1274 3754 1406 3824 quanto
1431 3741 1477 3804 fin

193 3851 254 3932 qui
287 3851 359 3912 han
391 3848 482 3911 fatto
515 3860 550 3911 et
582 3850 806 3913 exhortando
837 3850 872 3913 in
897 3851 1033 3924 futur03
1067 3853 1123 3913 evi
1154 3851 1209 3914 fra
1240 3852 1263 3912 li
1296 3851 1376 3911 altri
1408 3870 1478 3911 uno

194 3959 227 4019 al
246 3956 454 4019 confessore
468 3955 503 4017 di
519 3955 661 4036 Cesare‚
686 3959 794 4019 molto
819 3960 926 4037 b0n0‚
951 3960 1008 4022 nel
1033 3958 1139 4020 modo
1164 3958 1185 4018 l'
1204 3967 1308 4020 avete
1332 3956 1478 4032 chiest0,

194 4064 251 4126 evi
284 4084 355 4126 una
387 4073 507 4126 nostra
538 4063 644 4125 lettra
668 4084 689 4124 a
714 4061 789 4127 Sua
812 4064 952 4128 Maesta
985 4065 1020 4127 in
1054 4065 1216 4127 francese
1240 4085 1341 4127 come
1366 4064 1397 4125 ci
1422 4065 1477 4125 ha-

194 4183 278 4234 vete
308 4171 504 4250 ricercato‚
540 4172 687 4233 havrete
719 4172 754 4233 in
786 4173 843 4234 un'
871 4174 961 4235 altra
994 4183 1149 4235 cassetta
1183 4172 1217 4234 di
1254 4174 1388 4234 lattone
1419 4170 1478 4252 pih

196 4281 302 4340 bassa
328 4278 353 4339 il
389 4279 500 4339 breve
532 4296 599 4340 con
633 4279 667 4339 la
699 4277 831 4341 minuta
864 4300 885 4342 a
909 4278 1039 4342 Cesare
1074 4299 1138 4361 per
1170 4279 1432 4341 l'absolutione
1458 4300 1478 4339 o

196 4383 431 4466 suspensione
455 4406 476 4446 a
500 4384 659 4446 censuris
683 4405 782 4448 come
807 4406 874 4467 per
897 4387 996 4449 detta
1019 4387 1153 4449 minuta
1177 4387 1357 4448 vederete.

287 4491 339 4553 La
370 4492 496 4554 cedola
527 4502 648 4555 vostra
679 4491 715 4554 di
739 4492 878 4556 cambio
902 4513 968 4575 per
992 4515 1056 4571 400
1081 4492 1209 4556 Ducati
1235 4493 1254 4555 e
1279 4495 1373 4555 nella
1399 4492 1477 4554 Cas-

196 4608 289 4661 setta
320 4599 505 4680 maggiore
539 4619 606 4662 con
637 4597 662 4661 li
693 4596 795 4662 brevi
826 4602 922 4681 quali
947 4622 1034 4664 sono
1060 4601 1125 4664 XI.
1175 4601 1223 4662 Le
1250 4603 1338 4663 altre
1363 4600 1477 4681 provi-

196 4705 288 4767 sioni
319 4706 364 4769 de
393 4705 512 4787 quivi
536 4705 802 4788 bisogneranno
827 4707 962 4770 avisate
987 4709 1052 4770 che
1078 4728 1148 4770 non
1174 4707 1202 4769 si
1227 4707 1418 4769 mancherh
1443 4707 1478 4767 di

196 4833 281 4876 cosa
304 4814 447 4885 alcuna;
473 4812 649 4895 seguitate
674 4834 742 4897 pur
765 4813 800 4876 di
823 4817 919 4877 bono
944 4835 1060 4878 animo
1086 4827 1121 4878 et
1145 4824 1236 4877 tutto
1262 4814 1290 4876 si
1315 4814 1406 4877 faeci
1423 4825 1478 4876 tra
