3330 5580
691 450 937 513 edila&

163 614 289 671 turos:
327 602 422 689 quod
458 601 487 669 si
523 622 638 688 neque
675 625 744 688 ego
777 607 868 668 hanc
898 599 1093 669 molestiam
1129 597 1271 669 omnino
1301 607 1456 671 evadere

160 715 282 797 potui,
308 714 385 776 iero
410 713 457 793 id,
480 715 540 776 vel
564 715 610 775 ob
634 715 702 775 hoc
727 714 843 775 animo
868 713 1014 794 equiore
1040 717 1133 795 quod
1159 724 1276 776 certus
1300 736 1375 777 sum
1400 737 1456 778 me

160 836 206 884 et
231 834 373 884 ceteros
397 823 517 903 plures
550 818 655 884 Sedis
684 820 893 902 Apostolice
930 821 1080 882 devotos
1110 822 1200 882 haec
1233 821 1350 883 omnia
1381 823 1456 902 pati

161 942 367 1011 opportere
392 947 458 1010 pro
489 926 560 990 fide
593 937 628 989 et
660 927 858 989 devocione
888 947 974 1007 erga
1006 947 1044 988 se
1075 928 1319 1009 defendenda,
1352 949 1455 1010 quam

160 1055 238 1117 pro
265 1033 383 1097 virilia
406 1054 484 1096 mea
508 1034 600 1095 inter
624 1033 768 1096 alterius
792 1032 957 1095 factionis
980 1033 1140 1095 homines
1164 1034 1313 1097 viriliter
1337 1047 1374 1096 ut
1399 1037 1455 1097 de·

163 1142 244 1203 cuit
269 1151 403 1203 tutatus
436 1160 510 1202 sum
544 1151 579 1203 et
611 1143 754 1203 tutabor
785 1160 926 1220 semper
957 1140 1033 1201 sine
1064 1143 1136 1203 ulla
1171 1142 1278 1204 etiam
1311 1142 1456 1224 proprie

165 1248 245 1309 vite
270 1248 418 1310 ratione.
448 1246 527 1327 Que
551 1247 670 1309 omnia
694 1247 788 1309 volui
818 1248 925 1328 paulo
950 1247 1060 1309 lacius
1083 1246 1213 1309 Vestre
1240 1248 1456 1311 Beatitudini

167 1354 373 1434 explicasse
398 1365 434 1416 et
458 1353 572 1416 eidem
597 1374 662 1435 pro
687 1374 766 1416 mea
790 1373 878 1434 erga
902 1374 940 1414 se
965 1353 1195 1415 observantia
1215 1356 1395 1417 recordari
1419 1356 1454 1418 in

167 1461 226 1523 his
250 1464 358 1523 rebus
381 1461 439 1523 vel
464 1461 631 1523 sedandis
655 1463 710 1522 vel
737 1461 772 1522 vi
797 1460 1006 1523 cohibendis
1030 1461 1217 1541 plurimum
1243 1462 1301 1542 agi
1327 1464 1371 1523 de
1396 1465 1455 1525 ho·

172 1588 270 1647 nore,
295 1570 341 1631 de
364 1567 498 1649 gloria,
524 1569 568 1629 de
594 1568 760 1646 comod0‚
796 1570 840 1628 de
875 1568 989 1629 salute
1023 1587 1085 1629 sua
1119 1578 1154 1629 et
1184 1569 1316 1648 ubique
1341 1570 1455 1631 tocius

173 1675 306 1737 ordinis
330 1675 562 1738 ecclesiastici
587 1675 812 1752 defensione,
837 1683 872 1736 et
896 1673 1046 1755 proinde
1071 1675 1317 1737 necessitatem
1342 1676 1454 1757 ipsam

176 1785 356 1864 postulare
382 1794 417 1844 ut
449 1783 628 1844 examinet
659 1782 860 1863 perpendat
891 1791 926 1843 et
959 1782 1149 1863 prospit1at
1175 1795 1342 1862 quantum
1372 1803 1453 1845 con·

175 1890 280 1951 ducat
304 1890 496 1951 seditiones
520 1888 718 1951 huiusmodi
744 1888 777 1950 in
813 1888 891 1970 ipsa
916 1887 1107 1950 Germania
1137 1889 1298 1970 extingui
1330 1910 1375 1952 ne
1407 1893 1453 1952 ul·

175 1996 283 2059 terius
300 1997 594 2078 progrediantur;
612 2009 718 2077 atque
734 1995 814 2056 ideo
836 2007 873 2056 ut
890 1997 1052 2057 consulat
1067 1996 1256 2076 provideat
1272 1997 1455 2078 suppetias

178 2122 351 2185 opemque
375 2102 469 2165 ferat
493 2123 598 2183 quam
623 2103 788 2164 citissime
812 2112 950 2183 potest,
987 2102 1047 2163 ubi
1071 2117 1106 2164 et
1131 2104 1226 2184 apud
1250 2124 1339 2185 quos
1363 2125 1454 2189 opus

180 2229 256 2272 esse
275 2209 459 2291 intelligit;
484 2231 549 2293 per
573 2211 639 2271 hoc
665 2208 756 2272 enim
782 2219 819 2270 ut
844 2208 948 2271 video
973 2209 1124 2291 gloriam
1140 2209 1372 2273 immortalem
1397 2214 1451 2274 de·

176 2336 305 2398 cusque
330 2328 542 2398 perpetuum
566 2316 634 2378 sibi
658 2316 928 2397 comparaverit,
953 2316 1029 2378 fieri
1054 2336 1196 2397 quoque
1213 2337 1277 2398 pro
1294 2328 1453 2399 tempore

175 2423 304 2504 poterit
328 2436 366 2486 ut
390 2444 492 2486 omne
518 2423 744 2505 impendium,
769 2423 882 2486 omnis
906 2434 1066 2504 sumptus
1090 2444 1194 2504 quem
1219 2427 1263 2485 ad
1284 2427 1348 2487 has
1363 2445 1452 2487 com-

175 2530 353 2592 mociones
378 2531 611 2593 eradicandas
636 2531 835 2610 contulerit,
861 2533 989 2593 damna
1014 2551 1234 2613 quecumque
1256 2532 1322 2593 sibi
1338 2552 1452 2594 cumu-

176 2636 342 2698 latissime
367 2637 555 2715 resarciat,
589 2638 624 2699 id
659 2640 753 2719 quod
779 2641 837 2700 vel
862 2638 1052 2700 animosius
1077 2658 1201 2700 curare
1226 2638 1334 2700 debet
1358 2642 1451 2718 quod

178 2743 267 2805 idem
307 2744 561 2807 Serenissimus
602 2745 773 2826 Princeps
812 2748 880 2807 hoc
920 2745 1033 2825 ipsum
1074 2744 1132 2806 diu
1176 2758 1352 2826 noctuque
1399 2767 1451 2806 co-

176 2848 263 2930 gitat
285 2870 327 2911 ac
353 2851 439 2913 nihil
462 2852 635 2932 reliquum
661 2851 745 2913 facit
770 2862 807 2913 ut
841 2851 1066 2913 defendende
1098 2850 1281 2931 dignitatis
1313 2853 1451 2914 ecclesi·

176 2957 282 3019 astice
307 2961 472 3039 clypeum
501 2959 634 3037 induat,
666 2959 701 3020 in
733 2979 803 3039 quo
839 2957 1058 3038 permaxime
1090 2958 1284 3040 profecerit
1313 2961 1340 3020 si
1374 2960 1453 3040 ipsa

178 3063 240 3126 sibi
264 3085 368 3148 opem
394 3067 560 3128 attulerit.
609 3067 672 3127 Cui
705 3086 761 3128 me
792 3065 1049 3145 ecclesiamque
1080 3086 1177 3127 suam
1210 3066 1452 3127 Tridentinam

177 3173 401 3234 vehementer
426 3175 644 3235 commendo.

261 3277 314 3339 Ex
341 3279 464 3362 Rippa
488 3280 648 3342 'l'ridenti
674 3279 795 3342 ultimo
821 3280 903 3342 Maii
929 3280 1130 3343 MllXXV.

333 3386 372 3448 E.
401 3387 548 3449 Vestrae
573 3387 818 3449 Beatitudinis.

1085 3497 1165 3545 llum.
1185 3494 1310 3543 Cteatura

1043 3587 1072 3636 B.
1093 3587 1168 3648 lips.
1188 3586 1346 3633 iridem.

776 4076 851 4140 219.

352 4192 474 4272 Abbas
501 4214 527 4273 t.
557 4191 705 4271 Antonii
738 4191 946 4273 Viennensis
974 4192 1145 4273 clementi
1173 4193 1252 4274 VII.

628 4339 725 4413 (uest
745 4340 831 4413 peno.
849 4339 900 4398 m
919 4340 986 4411 145.)

686 4454 721 4515 (3-
741 4452 816 4517 Junii
839 4452 925 4519 1525·l

264 4576 364 4659 Quae
388 4577 423 4639 in
449 4577 597 4639 Alsatiis
622 4576 741 4638 divina
766 4575 989 4638 Lutheranae
1023 4577 1073 4639 illi
1096 4577 1188 4659 pesti
1212 4577 1299 4640 ultio
1322 4577 1450 4655 intulit,

174 4684 216 4749 V.
241 4683 277 4747 S.
302 4686 484 4766 explicare
509 4687 604 4765 quod
628 4702 793 4765 presumo
818 4702 889 4744 non
914 4694 984 4746 tam
1009 4683 1198 4747 temeritati
1230 4684 1313 4746 mihi
1345 4686 1448 4746 ascri·

173 4794 325 4857 bendum
350 4796 500 4856 obsecro
525 4813 629 4875 quam
654 4791 748 4872 quod
764 4809 898 4852 summa
922 4791 1000 4874 ipsa
1024 4812 1080 4855 res
1104 4811 1257 4856 summas
1274 4791 1317 4853 V.
1339 4792 1450 4876 ipsius
