3330 5580
723 479 781 533 0⁴3
821 481 855 534 85
894 478 952 531 spe

187 627 397 706 inhoneste,
429 645 496 707 pur
528 646 593 707 per
617 625 780 690 satisfare
804 624 973 689 aCesare
998 633 1033 686 et
1057 645 1078 686 a
1104 622 1159 686 voi
1187 621 1266 685 altri
1288 621 1478 685 voluntieri

188 743 283 796 tutto
309 733 339 795 si
363 735 381 795 ὲ
405 733 507 796 fatto.

282 841 382 903 Bene
408 840 547 903 Valete.

281 946 488 1011 Florentiae
511 946 616 1010 tertia
640 946 760 1009 Martii
784 945 970 1009 MDXXI.

1199 1031 1418 1101 vorlrrlnlrr.

1167 1123 1233 1172 Vice
1253 1123 1442 1172 Cancellarius.

282 1196 419 1279 (Tertia
443 1195 561 1259 Martii
592 1216 683 1276 ¹5²¹·
714 1197 792 1278 XI.)

730 1392 738 1402 ι’
742 1395 748 1405 1
753 1394 776 1405 -Ψ
780 1393 813 1405 l-*ae
817 1393 912 1407 1³!th
916 1394 931 1404 r.

807 1625 861 1690 34.

542 1741 674 1821 llutula
701 1740 879 1820 mittenda
908 1740 953 1820 ad
980 1739 1141 1821 Nuntios.

650 1888 734 1956 (Auta
751 1886 888 1947 wormat
906 1887 952 1946 tol.
970 1888 1022 1956 lt.)

284 2020 324 2081 ln
350 2017 473 2100 primis
497 2017 754 2080 advertendum
778 2015 919 2078 videtur
943 2017 1038 2097 quod
1063 2015 1156 2078 circa
1177 2017 1369 2079 adventum
1387 2018 1478 2078 Mar-

192 2127 256 2189 tini
281 2124 544 2207 respondeatur
564 2121 761 2186 Caesareae
776 2122 956 2185 Maiestati
980 2126 1076 2204 quod
1100 2125 1144 2185 de
1168 2122 1244 2185 iure
1269 2135 1402 2186 certum
1428 2134 1481 2186 est

193 2235 290 2316 quod
314 2253 385 2294 non
410 2233 560 2294 deberet
583 2229 696 2292 audiri
719 2250 783 2292 nec
809 2230 927 2292 dicere
952 2250 1094 2294 causam
1118 2230 1185 2293 nisi
1208 2231 1243 2293 in
1268 2230 1481 2315 carceribus,

194 2339 384 2424 presertim
408 2338 663 2400 condemnatus
687 2358 708 2398 a
724 2334 819 2400 Sede
836 2337 1047 2420 Apostolica
1071 2348 1107 2401 et
1130 2359 1231 2401 sacro
1248 2336 1382 2401 Senatu
1400 2339 1480 2401 Car·

194 2448 367 2511 dinalium
392 2456 428 2509 et
451 2443 624 2506 universis
648 2444 817 2526 praelatis
833 2465 971 2508 necnon
989 2445 1164 2529 religiosis
1180 2466 1480 2528 quorumcumque

195 2555 360 2618 ordinum
386 2551 494 2615 Urbis
518 2551 669 2614 Romae.
710 2551 814 2632 Quod
839 2552 868 2614 si
892 2562 1122 2616 revocaretur
1144 2553 1180 2614 in
1205 2552 1348 2615 dubium
1366 2564 1480 2615 utrum

195 2660 374 2727 sententia
390 2657 495 2722 Sedis
511 2657 742 2740 Apostolicae
766 2661 859 2722 bene
883 2662 941 2723 vel
965 2662 1057 2723 male
1079 2662 1362 2739 condemnasset,
1388 2673 1481 2724 esset

197 2769 318 2832 venire
344 2776 468 2830 contra
492 2765 749 2847 Hieronymum
773 2765 809 2829 in
833 2766 1004 2848 Epistolis
1029 2768 1074 2828 ad
1095 2767 1288 2829 Damasum
1313 2767 1373 2829 ubi
1398 2768 1482 2830 dicit

197 2899 233 2942 se
248 2884 393 2958 semper
408 2873 589 2936 remittere
612 2873 657 2935 ad
682 2872 847 2936 iudicium
863 2873 967 2936 Sedis
984 2874 1231 2957 Apostolicae;
1257 2885 1351 2937 esset
1375 2876 1480 2938 etiarn

197 2984 319 3047 venire
344 2991 469 3044 contra
493 2980 653 3060 concilia,
682 2981 890 3063 praesertim
916 2990 1040 3045 contra
1057 2981 1240 3063 Nicenum‚
1265 2982 1363 3045 cuius
1388 2983 1480 3065 capi·

198 3093 269 3153 tula
293 3088 482 3171 originalia
507 3087 614 3150 missa
637 3097 718 3150 sunt
741 3088 895 3151 Romam
920 3087 1105 3170 Silvestre,
1130 3099 1167 3152 ut
1191 3088 1302 3151 refert
1324 3089 1477 3151 Athana-

199 3198 267 3260 sius
291 3196 327 3258 in
353 3195 506 3278 epistola
529 3195 575 3256 ad
590 3193 749 3256 Marcum
770 3195 919 3277 Papam;
945 3205 980 3257 et
1004 3195 1189 3259 concilium
1214 3196 1481 3259 Calcedonense

200 3305 332 3368 rettulit
366 3323 404 3365 se
437 3302 481 3365 ad
514 3300 725 3365 sententiani
750 3302 894 3383 Leonis,
928 3305 1046 3384 quoad
1080 3324 1122 3367 ea
1152 3324 1244 3385 quae
1278 3313 1359 3366 sunt
1387 3303 1480 3367 fidei.

201 3412 310 3475 Multa
335 3419 415 3472 sunt
446 3408 572 3471 similia
605 3429 696 3490 quae
726 3419 874 3491 possunt
898 3410 1042 3484 adduci;
1075 3410 1163 3473 alias
1186 3411 1317 3473 frustra
1349 3410 1480 3473 dictum

200 3517 321 3580 luisset
335 3517 443 3579 Petro
468 3527 506 3577 ut
530 3525 695 3597 pasceret
718 3536 815 3595 oves,
840 3516 973 3580 frustra
997 3518 1104 3580 etiam
1130 3518 1308 3580 diceretur
1323 3517 1482 3580 Ecclesia

202 3624 294 3687 Petri
321 3622 496 3700 navicula,
520 3621 549 3683 si
567 3622 693 3684 Petrus
717 3620 765 3684 ibi
790 3623 876 3685 nihil
900 3624 1051 3687 haberet
1074 3624 1169 3705 iuris,
1194 3625 1325 3688 frustra
1348 3634 1383 3687 et
1399 3645 1482 3686 arca

201 3731 291 3810 Noe,
327 3729 392 3792 nisi
417 3728 495 3792 Noe
526 3740 621 3792 esset
645 3729 816 3792 dominus.
864 3730 997 3793 Videat
1021 3752 1108 3814 ergo
1134 3732 1288 3795 Cesarea
1311 3731 1482 3795 Maiestas

202 3841 262 3900 sub
287 3837 387 3899 cuius
411 3835 526 3918 clipeo
552 3847 623 3899 tam
641 3836 803 3899 Christus
826 3857 930 3918 quarn
956 3837 1031 3899 eius
1056 3837 1215 3900 Ecclesia
1232 3858 1270 3901 se
1287 3838 1482 3901 defendunt

201 3945 231 4008 in
262 3965 334 4028 quo
368 3945 447 4007 loco
477 3954 589 4026 ponat
613 3944 806 4007 Ecclesiam
839 3956 997 4007 sanctam
1022 3945 1089 4007 Dei
1115 3955 1151 4008 et
1174 3947 1269 4027 quod
1294 3966 1420 4008 nomen
1446 3947 1481 4008 in

202 4050 374 4134 principio
399 4049 559 4112 culminis
583 4049 776 4131 imperialis
800 4051 917 4114 sortiri
942 4051 1038 4114 velit.
1091 4052 1235 4113 Etcum
1260 4052 1311 4113 rei
1327 4061 1398 4114 tarn
1414 4054 1479 4114 cla·

202 4179 257 4223 rae
282 4168 319 4222 et
343 4157 506 4220 notoriae
530 4157 716 4221 differatur
733 4159 907 4240 executio,
932 4158 1067 4240 liquido
1084 4168 1235 4241 apparet
1252 4159 1287 4221 in
1305 4170 1481 4222 conventu

202 4264 457 4329 Germanorum
483 4265 612 4327 nullam
630 4285 707 4327 esse
725 4265 894 4328 intereos
911 4266 1146 4328 concordiam.
1183 4266 1360 4329 Advertat
1375 4266 1483 4348 igitur

202 4373 306 4437 Cesar
324 4372 439 4455 qualis
463 4372 496 4435 ei
520 4382 699 4454 prestetur
722 4371 927 4435 obedientia
952 4383 987 4436 et
1009 4377 1074 4436 sub
1090 4395 1160 4454 quo
1177 4372 1278 4435 freno
1296 4383 1393 4435 tenet
1408 4374 1480 4435 Ro·

202 4500 337 4543 manurn
355 4479 555 4562 Imperium,
580 4499 657 4540 cum
674 4479 854 4541 Maiestati
879 4500 963 4542 suae
988 4480 1022 4542 in
1049 4480 1224 4542 communi
1240 4480 1422 4542 Ecclesiae
1447 4492 1482 4542 et

202 4586 337 4669 imperii
367 4608 407 4648 ac
437 4586 590 4649 omnium
624 4585 894 4649 christianorum
926 4608 1033 4650 causa
1057 4597 1127 4650 tam
1152 4587 1376 4668 impudenter
1400 4587 1481 4649 resi·

202 4694 310 4757 stitur.
360 4691 399 4756 Si
422 4713 508 4756 vero
533 4714 579 4756 ex
604 4693 818 4756 Lutheranis
842 4692 949 4775 aliqui
974 4697 1039 4756 sub
1063 4702 1233 4776 pretextu
1256 4694 1481 4756 vitandorum

202 4801 446 4863 scandalorum
470 4801 620 4863 suadere
645 4802 767 4862 volent
782 4799 926 4862 Caesari
951 4801 1182 4863 differendam
1207 4823 1284 4864 esse
1304 4801 1481 4865 executio·
