3330 5580
665 404 910 465 ῢ-ΦΧῊΗ

146 560 230 623 dam
263 578 334 623 non
365 554 621 639 inelegantem,
660 560 723 621 sed
758 578 827 621 non
860 557 1003 621 omnino
1038 556 1073 622 in
1113 558 1276 623 omnibus
1305 576 1427 624 verum

146 687 347 731 sermonem
365 665 526 746 confecit,
557 687 659 748 quem
685 669 730 728 ab
748 667 931 729 Aleandro
963 666 1148 729 recitatum
1172 666 1285 748 finxit,
1310 689 1426 749 quem·

148 795 220 856 que
236 774 329 836 inter
341 774 553 836 documenta
569 773 707 835 sincera
732 773 860 856 Leplat
885 773 1005 853 edidit,
1031 773 1161 854 aliique
1186 788 1426 838 numerarunt.

146 880 292 963 Optima
325 882 413 942 haec
438 880 673 959 consuetudo,
706 880 925 960 temporibus
962 880 1191 961 Pallavicini,
1227 884 1428 946 habebatur

145 1008 330 1051 sermones
360 985 532 1067 effingere
565 998 602 1049 et
640 987 675 1048 in
715 1006 777 1049 ore
814 988 1002 1066 haeroum,
1046 988 1189 1068 ducum,
1228 990 1426 1072 principum

143 1115 299 1177 ponere;
331 1094 394 1157 sed
424 1096 469 1155 ab
500 1093 669 1155 historiae
703 1092 894 1156 severitate
918 1093 1089 1174 alienam,
1119 1116 1329 1178 quamquam
1358 1098 1426 1160 for·

144 1212 243 1265 tasse
265 1199 459 1263 lectoribus
475 1211 623 1281 gratam,
641 1220 732 1263 reor.
771 1200 848 1261 Hac
875 1220 961 1262 vero
983 1202 1170 1264 occasione
1188 1203 1427 1268 Pallavicinus

142 1329 212 1392 pro
236 1307 408 1370 sermonis
436 1309 565 1369 robore
590 1309 759 1369 nonnulla
784 1307 920 1369 addidit
944 1328 1053 1389 quae,
1090 1309 1119 1370 si
1152 1310 1267 1374 minus
1299 1333 1426 1394 oppor-

143 1428 234 1478 tuna
265 1412 414 1476 iudicari
445 1425 639 1494 nequeant,
673 1434 780 1495 quum
805 1434 874 1475 non
908 1434 1029 1476 coram
1054 1418 1232 1496 quoddam
1265 1419 1426 1501 principe

143 1522 296 1585 recitata
313 1520 393 1600 sint,
417 1522 480 1582 sed
504 1519 538 1582 in
562 1520 849 1601 frequentissimo
871 1520 1009 1602 imperii
1022 1523 1219 1605 principum
1239 1538 1428 1605 conventu,

141 1650 352 1713 germanam
394 1639 511 1691 tamen
548 1629 808 1710 simplicitatem
848 1650 918 1691 non
959 1642 1112 1696 servant.
1171 1632 1427 1696 Instructiones

142 1736 327 1819 Episcopo
358 1734 570 1817 Tergestino
603 1747 638 1797 et
668 1736 805 1814 Jodoco
838 1739 942 1799 datae
967 1757 1129 1799 severam
1154 1740 1331 1820 quandam
1355 1742 1427 1802 vim

141 1843 409 1927 praeseferunt;
443 1863 557 1924 neque
590 1843 755 1905 inornata
788 1843 903 1906 forma
927 1843 995 1906 illis
1020 1847 1141 1917 obest;
1177 1847 1308 1907 veritas
1334 1847 1425 1909 enim

142 1952 242 2014 nullo
277 1952 467 2012 verborum
500 1949 582 2012 fuco
620 1950 779 2012 involuta
811 1950 1011 2012 evidentior
1043 1952 1182 2013 exsistit
1213 1962 1249 2014 et
1281 1954 1426 2034 propria

140 2061 222 2121 luce
254 2057 380 2139 fulget.
428 2056 693 2119 Monumentum
727 2058 795 2119 hoc
828 2057 1047 2138 temporibus
1090 2058 1230 2121 diaetae
1264 2059 1425 2122 Worma-

140 2164 249 2229 tiensi
290 2163 527 2227 anterioribus
566 2163 835 2245 adscripsimuS,
872 2173 944 2225 tum
980 2163 1062 2243 quia
1109 2168 1240 2227 nullum
1275 2168 1319 2228 de
1350 2167 1426 2248 ipsa

144 2271 265 2335 diaeta
288 2270 477 2351 vestigium
501 2270 535 2331 in
560 2271 638 2351 ipso
663 2281 830 2352 apparet,
860 2280 932 2331 tum
962 2271 1045 2349 quia
1069 2282 1203 2334 tantum
1229 2274 1425 2336 Constanti·

139 2380 238 2441 ensis
280 2377 421 2440 diaetae
451 2377 547 2439 facta
581 2377 785 2455 innuuntur,
828 2377 1020 2457 ipsaequae
1051 2378 1302 2441 instructiones
1336 2383 1427 2443 tales

136 2497 223 2549 sunt
257 2506 350 2567 quae
381 2485 595 2547 desiderium
622 2485 740 2566 potius
768 2505 840 2546 non
864 2484 1016 2546 vocandi
1048 2487 1093 2547 ad
1119 2506 1246 2548 novam
1273 2488 1424 2550 diaetam

138 2594 340 2656 Lutherum
365 2593 570 2670 ostendant,
602 2613 706 2672 quam
740 2592 809 2654 iam
843 2591 961 2653 vocati
985 2603 1020 2653 et
1044 2592 1197 2654 convicti
1222 2594 1424 2656 obstinatio·

136 2720 222 2762 nem
247 2699 427 2761 damnent.

231 2804 309 2867 Nec
334 2804 436 2886 parvi
463 2806 631 2868 momenti
656 2815 736 2867 sunt
761 2805 912 2886 epistola
947 2827 967 2867 a
1001 2806 1306 2870 Vicecancellario
1345 2810 1424 2870 Ale-

134 2916 256 2977 andro
281 2914 365 2975 data
390 2913 447 2974 die
478 2934 524 2991 15·
549 2912 685 2993 Aprilis
715 2934 807 2991 1521,
835 2912 1010 2975 sententia
1034 2914 1247 2976 marchionis
1271 2917 1426 2978 Brande-

135 3019 344 3103 burgensis,
370 3021 552 3082 consilium
568 3020 765 3100 principum
781 3019 918 3100 imperii
945 3022 989 3080 de
1005 3021 1210 3101 l..uthero¹'),
1235 3024 1426 3086 relationes

139 3127 317 3193 Alcandri
344 3128 387 3188 de
413 3128 561 3208 privatis
586 3127 732 3190 Lutheri
757 3128 943 3209 colloquiis
967 3127 1001 3189 in
1028 3129 1133 3190 domo
1159 3131 1323 3192 electoris
1343 3131 1424 3193 'sre-

142 3234 314 3313 verensiS,
340 3235 456 3316 deque
482 3236 746 3297 lutheranorum
772 3235 969 3318 consiliis2),
994 3247 1030 3296 et
1055 3236 1252 3298 Cardinalis
1277 3238 1424 3317 Mogun·

147 3340 211 3403 tini
233 3342 275 3405 de
301 3352 394 3403 statu
419 3340 681 3422 Germaniael),
707 3342 858 3422 epistola
873 3342 1022 3404 Adriani
1042 3343 1102 3405 Vl.
1124 3344 1169 3405 ad
1187 3344 1425 3407 Archiducem

150 3447 408 3511 Ferdinandum
434 3470 527 3511 anno
567 3469 647 3526 1522
682 3450 765 3510 data
796 3449 891 3511 circa
920 3450 1200 3513 machinationes
1224 3453 1423 3515 lutherano-

148 3554 260 3642 mm‘).
302 3556 472 3636 Quamvis
491 3577 596 3617 unurn
613 3556 754 3617 missum
773 3556 817 3616 sit
832 3558 877 3617 ad
896 3556 1068 3618 Nuncium
1091 3559 1241 3620 sednon
1260 3557 1364 3621 Carlo
1381 3559 1424 3621 V.

142 3664 402 3747 consignatum,
423 3675 458 3724 et
475 3662 569 3724 aliud
594 3662 763 3744 scriptum
781 3665 843 3724 sed
862 3684 930 3726 non
947 3663 1101 3743 missurn,
1126 3665 1283 3745 pretiosa
1306 3678 1423 3728 tamen

138 3780 223 3834 sunt
246 3769 372 3832 brevia
397 3791 488 3851 quae
512 3771 578 3830 sub
603 3790 748 3831 numero
773 3791 815 3847 39
840 3781 875 3832 et
904 3792 961 3848 152
988 3771 1023 3832 in
1045 3772 1175 3834 nostris
1191 3773 1425 3836 monumentis

139 3878 302 3941 veniunt.
349 3877 448 3939 Haec
474 3888 590 3937 autem
616 3887 740 3938 contra
764 3876 1033 3957 impugnatores
1058 3878 1187 3941 Leonis
1213 3892 1248 3941 et
1267 3879 1422 3942 Clemen-

136 3986 184 4047 tis
217 3984 364 4048 faciunt.
414 3984 665 4046 Instructiones
697 3985 743 4044 ad
777 3983 933 4046 Nuncios
967 3986 1195 4065 Apostolicos
1219 4008 1312 4049 anno
1342 4008 1424 4065 1524

135 4095 248 4156 datae
274 4102 355 4154 sunt
379 4091 590 4174 prudentiae
616 4103 650 4152 et
675 4091 811 4153 consilii
836 4104 1098 4155 monumentum
1123 4093 1263 4175 insigne
1295 4107 1330 4157 et
1353 4116 1422 4158 non

134 4199 320 4263 minimum
344 4199 514 4261 historiae
539 4197 791 4278 adiutorium).

231 4306 333 4386 Quae
358 4305 475 4367 omnia
500 4316 534 4366 et
559 4305 628 4367 alia
653 4305 708 4366 hic
734 4326 803 4367 non
829 4318 1033 4379 memorata,
1059 4307 1219 4388 apprime
1234 4309 1424 4371 historicae

134 4412 284 4477 veritati
309 4412 514 4491 inserviunt,
540 4424 574 4473 et
601 4423 720 4472 nostra
749 4414 815 4473 hac
840 4422 976 4489 aetate,
1001 4413 1166 4475 eruendis
1190 4416 1424 4477 monumentis

217 4608 237 4669 ¹)
258 4611 370 4657 Docum.
392 4610 434 4668 63,
455 4612 497 4665 bu,
519 4621 561 4670 71.
797 4606 818 4674 Ι3)
840 4611 951 4660 llecum.
972 4621 1013 4671 54,
1034 4610 1076 4665 80,
1096 4621 1139 4667 (33.
1159 4624 1192 4673 94
1213 4618 1262 4661 etc,

214 4685 237 4755 ⁸)
258 4690 369 4738 Docum.
394 4702 450 4751 107.
796 4686 818 4752 ⁴)
840 4692 951 4741 Docum.
977 4702 1031 4747 12‘).

213 4770 235 4835 ι)
255 4772 367 4818 Docum.
391 4780 447 4834 134.
