3330 5580
705 496 953 553 censue*

188 649 226 704 et
249 640 397 705 comites
420 642 456 704 vi
480 642 634 715 aufferre
657 652 692 705 et
717 662 894 725 occupare
917 639 1063 706 indubie
1087 642 1293 720 tentabunt,
1319 639 1385 702 nisi
1410 639 1472 702 V'*

188 747 260 809 Bm·
283 748 322 810 P.
347 747 532 830 oportunis
555 748 721 813 remediis
753 748 821 812 hiis
855 749 957 813 malis
990 769 1094 830 quarn
1125 748 1278 810 celerius
1308 756 1473 809 occurrat

189 863 227 918 et
258 854 463 938 diligentius
498 858 594 939 apud
634 855 712 920 Ces.
741 855 856 938 ipsam
883 857 969 919 Mum
1001 854 1177 919 catholice
1208 865 1243 917 et
1274 852 1472 936 apostolice

188 960 350 1025 Ecclesie
366 964 580 1026 advocatum
605 972 700 1044 agat,
725 974 763 1026 ut
787 985 852 1028 sua
876 963 978 1028 Caes
1003 963 1068 1025 M⁸⁸
1098 971 1218 1024 vestre
1236 959 1472 1024 Beatitudinis

190 1068 324 1131 auxilio
349 1078 385 1132 et
409 1069 557 1133 consilio
588 1069 700 1133 fretus
723 1073 815 1133 hanc
838 1070 1077 1134 hereticorum
1101 1067 1333 1151 pertinaciam
1367 1087 1472 1130 manu

189 1174 273 1238 forti
305 1176 531 1258 comprimat,
561 1178 732 1240 honorem
764 1175 832 1239 Dei
857 1187 892 1240 et
916 1177 994 1242 Ca⁶⁶
1022 1174 1106 1238 fidei
1137 1184 1266 1238 statum
1290 1173 1472 1254 defendat,

190 1281 440 1365 publicamque
464 1302 607 1364 pacem,
631 1282 922 1365 tranquillitatem
954 1293 1109 1357 tueatur;
1144 1302 1226 1345 narn
1259 1284 1395 1363 absque
1429 1300 1472 1343 eo

191 1408 307 1472 neque
322 1389 526 1453 innocentia
549 1389 628 1472 ipsa
651 1389 686 1453 in
703 1393 879 1471 reprobos
903 1400 979 1454 tuta
1002 1390 1079 1454 erit.
1118 1389 1236 1470 Quare
1253 1389 1326 1450 V⁸¹¹¹
1342 1389 1411 1451 Βσω
1435 1398 1474 1450 ut

190 1515 362 1559 summurn
404 1506 440 1558 et
476 1517 563 1559 vere
603 1495 813 1560 Pontificem
854 1498 1054 1561 orthodoxe
1093 1494 1178 1560 fidei
1209 1504 1407 1559 curatorem
1438 1503 1475 1558 et

191 1598 227 1664 5¹
267 1602 365 1664 Petri
403 1622 644 1667 successorem
682 1623 748 1685 pro
795 1603 871 1667 eius
916 1606 951 1667 in
995 1603 1224 1667 christianam
1262 1602 1473 1686 religionem

193 1728 312 1771 amore
338 1718 374 1771 et
404 1708 538 1790 pietate
567 1719 603 1771 et
633 1708 827 1772 animarum
851 1711 1005 1774 omnium
1029 1713 1160 1783 salute;
1197 1709 1376 1773 humilime
1410 1728 1474 1771 oro

192 1835 237 1878 ne
261 1814 392 1877 diutius
415 1815 483 1878 hiis
514 1816 824 1878 turbulentissimis
854 1818 961 1880 rebus
992 1837 1132 1880 manum
1163 1836 1364 1899 apponere,
1392 1814 1473 1878 illis·

193 1942 261 2003 que
286 1933 436 2004 paterne
459 1920 594 1984 mederi
618 1922 770 2003 differat,
795 1944 874 1987 cum
898 1943 963 1986 nec
995 1923 1065 1988 alio
1095 1934 1156 1987 aut
1188 1923 1247 1986 via
1273 1933 1335 1986 aut
1369 1923 1474 1986 modo

192 2039 274 2111 post
308 2030 442 2110 Deum,
474 2049 578 2111 quarn
617 2049 682 2111 per
717 2028 857 2092 Cesaris
887 2030 1135 2094 auctoritatem
1159 2029 1235 2094 fieri
1260 2050 1366 2112 posse
1390 2028 1475 2092 mihi

190 2137 298 2218 plane
314 2136 529 2218 persuade0;
554 2156 635 2198 nam
659 2137 859 2218 pertinaces
874 2137 943 2220 ipsi
959 2139 1074 2200 nullas
1091 2137 1302 2200 monitiones
1318 2135 1476 2218 audiunt,

193 2244 580 2307 excommunicationes
602 2244 721 2306 rident
738 2254 774 2307 et
789 2264 892 2306 omne
909 2243 1093 2306 consilium
1110 2247 1155 2306 ab
1174 2265 1295 2307 eorum
1307 2242 1475 2326 opinione

193 2350 372 2413 diversum
388 2352 493 2431 plane
509 2360 756 2432 aspernantur.
797 2347 870 2412 Sed
893 2352 960 2413 hoc
983 2348 1104 2413 forsan
1128 2350 1269 2434 longius
1294 2371 1399 2432 quarn
1423 2369 1474 2412 sa·

192 2457 262 2520 tius
286 2477 371 2540 ago,
406 2476 476 2519 non
511 2457 604 2519 enim
634 2457 720 2519 satis
751 2456 933 2539 explicare
962 2477 1107 2538 possum
1132 2467 1301 2540 quantum
1326 2456 1476 2539 periculi

192 2564 378 2627 animabus
409 2563 536 2626 miselli
569 2563 692 2646 populi
723 2563 896 2645 simulque
920 2563 1083 2627 omnibus
1107 2564 1266 2627 Ecclesie
1291 2563 1476 2627 ordinibus

193 2671 384 2750 immineat,
401 2672 495 2733 unde
505 2670 576 2731 V⁸¹¹¹
590 2671 657 2732 B⁶¹¹¹
674 2672 739 2733 hec
754 2671 840 2733 boni
857 2672 1020 2733 consulat
1035 2671 1141 2734 etiam
1157 2682 1264 2753 atque
1278 2671 1384 2733 etiam
1401 2690 1476 2736 oro,

283 2779 455 2841 Preterea
487 2780 533 2839 ab
561 2777 603 2840 iis
638 2776 697 2859 qui
726 2776 761 2839 in
789 2779 878 2839 urbe
913 2798 992 2840 mea
1023 2777 1168 2858 negotia
1199 2788 1311 2859 agunt
1338 2777 1477 2859 accipio

194 2905 258 2948 nec
284 2885 366 2947 dum
392 2908 411 2948 a
436 2884 485 2945 V³
513 2885 558 2946 B⁴³
585 2905 629 2947 ne
654 2883 862 2964 impetrasse
894 2892 933 2946 ut
963 2883 1062 2947 iuxta
1085 2884 1241 2966 priorum
1266 2883 1477 2947 Pontificum

194 2991 348 3071 indulta,
383 3011 449 3073 pro
481 2991 683 3054 conditione
716 2999 828 3053 status
866 2991 935 3054 mei
973 2991 1129 3072 gratiose
1160 3011 1331 3055 concessa
1369 3011 1478 3073 super

195 3097 383 3161 collatione
407 3098 561 3161 omnium
590 3096 842 3160 beneficiorum
875 3100 940 3160 sub
973 3098 1204 3162 ecclesiarum
1236 3119 1392 3161 mearum
1425 3098 1477 3160 di-

196 3204 318 3268 strictu
333 3204 534 3268 vacantium
549 3205 591 3268 V.
616 3205 686 3267 Bm·
709 3204 749 3267 P.
774 3203 984 3268 confirmare
1008 3205 1162 3268 voluerit
1185 3206 1324 3288 (Rogat
1348 3225 1394 3268 ne
1420 3205 1475 3287 „in

198 3323 330 3375 retain
354 3311 493 3375 modica
517 3310 698 3374 difficilem
723 3331 761 3373 se
785 3309 1005 3396 praebeat“).

285 3437 369 3499 Dat.
394 3437 429 3499 in
455 3436 590 3519 oppido
614 3456 693 3498 meo
718 3434 815 3497 Halli
839 3434 897 3498 die
922 3435 1005 3500 XII.
1031 3436 1119 3501 Dec.
1142 3435 1342 3501 MDXXV,

939 3576 1073 3640 altinus
1092 3578 1171 3631 card,
1190 3579 1369 3642 Moguntinus.
