3330 5580
802 627 856 693 49.

524 752 846 833 vicecancell.
882 754 1133 837 Alcandro.

634 892 732 960 (liunt.
752 891 842 950 dern-
861 891 892 949 1¹·
911 890 956 951 iol
976 892 1028 962 31)

670 1001 761 1068 (1521.
774 1030 810 1039 -
829 1015 868 1063 19.
884 1001 992 1068 Martii.)

407 1128 634 1192 Venerabilis
658 1128 724 1190 Vir
748 1129 874 1192 Amice
898 1129 1029 1191 Noster
1052 1129 1255 1210 praecipue.

278 1247 441 1308 Havemo
475 1245 567 1306 visto
601 1255 635 1306 et
668 1247 759 1307 lecte
790 1255 845 1306 tre
879 1244 1000 1306 ultime
1024 1252 1144 1306 vostre
1169 1264 1237 1306 una
1263 1245 1321 1306 del
1348 1265 1387 1322 27
1415 1246 1475 1308 del

189 1363 334 1433 passato
366 1363 402 1414 et
434 1353 505 1413 dua
536 1353 594 1413 del
619 1373 637 1428 4
665 1352 721 1412 del
746 1360 930 1432 presente,
964 1371 1029 1432 per
1054 1353 1087 1413 le
1111 1351 1206 1432 quali
1232 1352 1475 1415 chiaramente

189 1463 340 1522 vedemo
373 1462 406 1522 le
439 1458 572 1520 fatiche
604 1468 764 1520 extreme
796 1460 862 1520 che
893 1460 1098 1520 substenote
1130 1459 1189 1520 del
1212 1458 1329 1521 animo
1355 1469 1391 1522 et
1415 1461 1475 1522 del

189 1587 299 1648 corpo
324 1567 418 1628 della
443 1585 591 1627 comune
609 1584 715 1628 causa
738 1565 834 1627 della
850 1564 1044 1646 Religione
1059 1584 1124 1645 per
1140 1565 1322 1646 adempire
1340 1566 1475 1630 lofficio

188 1685 319 1736 vostro.
368 1672 498 1735 Nostro
516 1670 669 1753 Signore
694 1673 740 1733 ha
764 1673 885 1734 voluto
910 1673 1058 1752 leggere
1084 1679 1120 1734 et
1144 1671 1370 1736 considerare
1387 1674 1475 1756 ogni

189 1801 284 1860 cosa,
303 1791 338 1842 et
353 1782 461 1842 molto
479 1780 688 1841 commenda
704 1778 728 1840 il
742 1778 860 1840 studio
877 1788 912 1841 et
925 1777 1114 1841 affectione
1129 1789 1249 1841 vostra
1262 1779 1357 1843 circa
1370 1783 1407 1844 di
1424 1783 1475 1843 tal

191 1907 308 1966 causa,
333 1897 368 1948 et
393 1887 472 1949 dice
497 1906 566 1948 non
584 1887 602 1948 ὲ
618 1905 683 1966 per
700 1886 948 1957 scordarsene;
974 1905 1044 1947 non
1063 1886 1097 1947 vi
1113 1888 1263 1949 exhorta
1280 1888 1474 1950 altrimenti

190 1996 235 2056 ad
260 2014 492 2076 perseverare
517 1993 703 2074 parendoli
728 1992 763 2054 in
788 2002 886 2055 tuoto
911 2013 1030 2054 essere
1055 1992 1233 2074 superfluo
1255 2014 1355 2057 come
1372 2016 1475 2078 aper·

189 2110 344 2164 tamente
374 2099 402 2161 si
427 2103 606 2162 demostra
631 2102 687 2162 nel
712 2100 867 2162 scrivere
892 2110 1028 2169 vostro:
1060 2110 1155 2162 resta
1178 2103 1253 2163 solo
1279 2102 1476 2165 advertirvi

190 2210 255 2269 che
279 2207 365 2269 tucti
400 2228 418 2269 e
452 2218 505 2269 tre
539 2206 689 2268 sacciate
719 2207 804 2288 ogni
837 2205 1004 2268 instantia
1036 2219 1071 2268 et
1095 2215 1224 2269 conato
1248 2227 1316 2269 con
1341 2207 1475 2271 Cesare

189 2315 255 2376 che
279 2313 308 2374 si
332 2312 441 2394 degni
467 2313 698 2375 abbracciare
723 2313 758 2375 di
784 2323 879 2375 sorte
905 2322 1031 2394 questa
1047 2313 1200 2394 impresa
1215 2315 1280 2375 che
1297 2335 1341 2376 ne
1358 2315 1476 2378 riesca

190 2441 257 2482 con
282 2422 418 2483 honore
443 2420 477 2481 di
502 2421 579 2498 llio,
606 2422 699 2482 della
715 2420 810 2483 Sede
827 2421 1037 2501 Apostolica
1063 2431 1098 2482 et
1123 2421 1158 2482 di
1175 2422 1248 2483 Sua
1263 2420 1412 2502 Maesta,
1437 2433 1476 2485 et

192 2527 419 2607 persuadiate
437 2529 482 2588 ad
502 2529 631 2608 quella,
664 2529 729 2589 che
748 2527 784 2590 in
802 2539 927 2608 questa
938 2549 1046 2590 causa
1063 2538 1163 2590 tanto
1182 2528 1383 2609 periculosa
1401 2531 1475 2592 alla

192 2633 312 2696 chiesa
334 2635 534 2696 universale
555 2645 591 2695 et
605 2636 639 2696 al
656 2655 719 2696 suo
737 2635 882 2716 proprio
901 2635 1053 2716 Imperio
1075 2647 1109 2697 et
1125 2644 1216 2698 stato
1223 2683 1232 2713 ‚
1259 2644 1294 2697 et
1315 2635 1350 2696 di
1370 2646 1474 2700 tanto

190 2742 359 2803 scandalo
380 2754 415 2802 et
433 2741 587 2821 infamia,
606 2743 928 2805 nonbastahavere
940 2743 961 2804 il
971 2745 1066 2804 bono
1077 2745 1198 2805 volere
1209 2763 1247 2805 se
1258 2763 1321 2805 sua
1331 2742 1475 2806 Maesta

190 2868 259 2909 non
285 2849 319 2909 lo
344 2850 474 2909 manda
498 2849 543 2909 ad
568 2848 791 2929 executione,
817 2860 851 2912 et
876 2869 945 2911 non
972 2851 1006 2911 lo
1031 2849 1184 2912 iacendo
1208 2849 1243 2911 in
1268 2850 1379 2912 veriti
1399 2872 1473 2914 non

188 2955 217 3016 si
241 2954 312 3035 pud
330 2974 513 3035 excusare,
538 2955 583 3017 ne
599 2965 732 3036 quanto
750 2977 770 3017 3
787 2956 866 3034 Dio,
892 2956 936 3018 ne
953 2968 1086 3037 quanto
1103 2958 1137 3018 al
1152 2959 1293 3037 mond0,
1318 2959 1474 3022 essendo

189 3062 307 3140 quella
332 3081 395 3141 per
420 3061 505 3124 tucti
531 3062 560 3123 e'
577 3061 673 3124 conti
697 3063 856 3144 obligata
881 3063 916 3124 di
940 3063 1030 3125 farlo
1051 3072 1086 3124 et
1101 3065 1266 3125 havendo
1284 3065 1472 3146 maggiore

190 3168 343 3248 Imperio
369 3179 404 3229 et
427 3169 600 3231 auctorita
625 3172 690 3232 che
715 3171 873 3232 habbino
898 3170 965 3231 mai
992 3172 1123 3231 havuta
1148 3170 1234 3232 tucti
1259 3170 1282 3232 li
1299 3171 1375 3233 suoi
1392 3192 1470 3253 pre-

190 3276 369 3338 decessori
393 3276 428 3337 in
443 3274 646 3352 Germania,
672 3287 706 3338 et
731 3276 938 3338 trovandosi
956 3274 1028 3338 Sua
1042 3276 1180 3339 Maesta
1199 3277 1233 3338 in
1251 3276 1347 3340 facto
1365 3288 1399 3340 et
1415 3279 1471 3341 ne'

190 3381 313 3463 luog'ni
338 3382 474 3463 proprii
499 3384 591 3444 dove
616 3384 634 3445 ὲ
659 3393 742 3445 nata
766 3385 801 3445 la
826 3383 934 3465 plaga
958 3385 1028 3445 alla
1048 3385 1152 3464 quale
1168 3384 1215 3445 lui
1231 3387 1308 3447 solo
1326 3386 1417 3447 deve
1435 3397 1471 3448 et

187 3491 258 3570 pud
291 3491 509 3569 provedere,
541 3489 639 3552 accio
672 3490 742 3572 egli
768 3510 836 3551 non
863 3489 971 3552 haubi
1004 3491 1048 3551 ad
1081 3511 1245 3553 mancare
1278 3493 1349 3554 alla
1373 3490 1470 3556 Sede

188 3596 400 3676 Apostolica
436 3597 471 3658 di
508 3599 588 3678 quel
624 3597 750 3660 favore
787 3609 821 3660 et
853 3597 1009 3678 presidio
1044 3618 1108 3679 per
1141 3598 1164 3660 il
1196 3601 1302 3679 quale
1334 3599 1358 3662 li
1392 3600 1469 3662 suoi

187 3703 404 3765 antecessori
438 3724 526 3766 sono
551 3705 633 3766 stati
658 3714 757 3767 tanto
781 3704 944 3766 honorati
970 3715 1005 3766 et
1029 3704 1159 3767 stimati
1183 3707 1229 3768 da
1254 3707 1352 3768 detta
1372 3703 1470 3770 Sede

190 3812 255 3871 che
287 3811 320 3871 lo
347 3810 499 3891 Imperio
524 3812 691 3874 Romano
716 3810 796 3874 non‘
811 3831 878 3891 pur
902 3832 923 3872 a
948 3811 1054 3874 Greci
1079 3822 1115 3874 et
1138 3812 1304 3875 Franzesi
1328 3834 1385 3875 ma
1409 3812 1470 3876 alli

187 3915 326 3978 Italiani
351 3927 386 3979 et
399 3918 555 3981 Romani
579 3918 725 4000 proprii,
750 3918 804 3980 ne’
820 3919 915 3999 quali
940 3939 1000 3980 era
1025 3939 1164 4000 sempre
1189 3931 1293 3999 stato,
1318 3922 1409 3982 tolse
1434 3930 1470 3983 et

188 4022 353 4085 transferi
377 4023 411 4086 in
437 4026 555 4105 quella
580 4025 724 4087 natione
748 4025 968 4106 germanica,
1004 4037 1039 4087 et
1063 4047 1131 4088 non
1158 4029 1234 4089 solo
1260 4028 1281 4088 l'
1295 4028 1469 4090 auctorita

188 4131 282 4191 dello
307 4130 471 4212 Imperio,
497 4152 553 4193 ma
577 4131 690 4194 anche
716 4134 810 4193 della
831 4133 1005 4195 electione
1021 4143 1056 4195 et
1072 4134 1304 4196 fundamento
1330 4135 1361 4196 d’
1377 4155 1468 4212 esso,

187 4240 232 4299 ad
258 4237 312 4299 cio
336 4236 371 4299 in
397 4240 472 4299 loro
497 4239 648 4300 havesse
673 4240 718 4300 ad
743 4247 879 4301 restare
902 4239 937 4300 in
958 4249 1152 4320 perpetuo:
1178 4261 1216 4303 se
1234 4241 1270 4303 di
1286 4243 1335 4303 tal
1352 4242 1470 4322 gratia

188 4354 223 4405 et
253 4343 367 4406 meriti
392 4346 486 4406 della
511 4346 596 4406 sede
621 4345 831 4425 Apostolica
861 4348 978 4426 quella
1002 4347 1127 4409 merita
1150 4349 1197 4409 da
1221 4346 1294 4411 Sua
1318 4349 1468 4429 Maesta,

188 4449 271 4512 dalli
302 4449 459 4531 Principi
494 4451 640 4513 electori
672 4461 706 4513 et
738 4454 784 4513 da
815 4461 912 4514 tucta
942 4455 976 4514 la
1010 4453 1162 4516 Natione
1196 4456 1310 4536 questi
1342 4457 1468 4537 premii

187 4569 330 4636 possete
360 4557 435 4619 dire
461 4559 526 4620 che
550 4560 583 4620 lo
608 4558 849 4638 considerino,
884 4571 920 4620 et
944 4559 1123 4623 iudichino
1150 4565 1243 4642 loro,
1277 4564 1343 4624 che
1368 4574 1467 4626 certo

188 4682 257 4724 non
292 4664 328 4724 fu
360 4664 427 4725 mai
460 4664 504 4726 ne
537 4664 635 4726 udita
667 4666 719 4726 ne
742 4665 937 4747 imaginata
965 4669 999 4728 la
1023 4669 1207 4749 maggiore
1232 4680 1268 4732 et
1291 4670 1350 4750 piu
1375 4669 1467 4733 inso-

188 4771 281 4832 lente
306 4770 570 4852 ingratitudine,
596 4781 630 4832 et
655 4773 706 4833 sel
730 4785 893 4853 respecto
919 4786 953 4835 et
978 4775 1103 4837 timore
1128 4776 1162 4836 di
1181 4777 1247 4838 Dio
1273 4789 1307 4838 et
1332 4779 1365 4840 la
1390 4777 1467 4840 loro
