3330 5580
792 487 1038 547 0-ὓῆἳὸῢο

274 658 372 700 amor
390 639 434 699 de
459 640 493 699 la
519 636 672 716 natione,
698 640 779 719 qual
805 641 897 702 vede
922 640 1099 721 pericolar
1122 641 1199 702 solo
1223 659 1289 721 per
1304 660 1503 703 mancanzn
1523 641 1568 702 de

274 744 383 806 buoni
409 744 635 825 predicatori,
662 766 699 806 se
725 744 889 808 offerisce
914 768 934 807 a
958 747 1124 827 predicar
1147 746 1262 829 prima
1289 746 1324 808 in
1349 749 1385 809 la
1410 768 1476 810 sua
1506 767 1567 828 pa·

274 852 341 913 tria
367 862 402 913 et
426 851 481 912 fra
505 851 610 932 pochi
636 853 722 914 mesi
747 855 904 915 anchora
936 853 972 914 in
1002 873 1119 915 mezzo
1154 853 1189 914 di
1222 853 1464 935 Nurenberga
1500 856 1568 915 che

275 957 348 1021 cosi
373 960 419 1019 ha
443 959 701 1021 intendimento
728 980 793 1021 con
828 980 897 1021 una
930 980 1019 1040 gran
1052 969 1154 1041 parte
1187 970 1222 1021 et
1252 959 1309 1021 dei
1338 960 1496 1042 migliori
1532 961 1567 1021 di

273 1067 391 1146 quella
407 1075 517 1134 terra:
544 1067 635 1128 onde
653 1066 701 1127 lui
718 1068 882 1129 havendo
901 1068 1074 1147 mogliera
1089 1068 1193 1147 quale
1212 1086 1315 1146 prese
1333 1066 1393 1148 gia
1412 1067 1567 1148 vergine

274 1184 309 1234 et
345 1175 478 1234 anchor
512 1192 581 1234 non
607 1194 651 1234 ne
680 1175 726 1235 ha
749 1173 914 1255 figliuoli,
941 1173 1101 1254 supplica
1133 1194 1154 1234 a
1179 1172 1222 1234 V.
1249 1172 1362 1235 51113
1393 1173 1423 1235 si
1451 1175 1567 1254 degni

276 1280 478 1340 concederli
503 1279 618 1357 gratia
644 1280 679 1340 di
703 1300 829 1360 posser
845 1279 1032 1361 predicare
1057 1300 1122 1342 con
1148 1280 1316 1360 dispensa
1341 1291 1376 1342 et
1401 1281 1462 1342 del
1495 1302 1566 1343 ma·

273 1385 437 1446 trimonio
463 1399 496 1445 et
522 1387 565 1446 de
600 1386 634 1446 la
668 1385 740 1447 vita
765 1389 938 1457 ¹seeolare;
969 1387 1178 1468 supplicone
1203 1389 1338 1449 anchor
1366 1386 1401 1449 io
1427 1400 1567 1469 quanto

273 1512 394 1573 posso,
425 1493 490 1553 che
520 1493 611 1553 vedo
645 1495 678 1553 la
709 1513 793 1555 cosa
818 1514 915 1555 esser
940 1493 975 1554 di
1000 1495 1136 1574 grande
1161 1506 1196 1556 et
1220 1495 1344 1556 ottimo
1369 1495 1565 1575 proposito

275 1608 309 1659 et
337 1600 401 1659 che
426 1599 487 1659 tali
513 1597 728 1660 offerendosi
757 1620 827 1660 non
860 1602 936 1661 solo
969 1600 1140 1662 meriteno
1172 1620 1270 1662 esser
1301 1601 1473 1663 accettati
1509 1623 1566 1664 ma

276 1705 407 1765 cereati
433 1717 468 1766 et
492 1725 558 1765 con
584 1705 723 1765 honesti
749 1705 873 1786 premii
899 1707 1074 1769 conciliati
1106 1707 1139 1768 in
1174 1707 1289 1787 questi
1321 1710 1442 1789 tempi.
1499 1709 1567 1771 Lui

273 1834 333 1873 era
358 1812 390 1872 in
418 1812 534 1873 animo
561 1811 745 1874 conferirsi
769 1813 804 1874 in
830 1814 949 1876 Roma
974 1835 1038 1895 per
1062 1834 1188 1895 posses
1203 1815 1334 1895 meglio
1352 1816 1560 1896 exprimere

272 1920 305 1980 la
331 1919 487 1980 divotion
515 1939 588 1980 sua.
638 1920 669 1980 A
695 1939 749 1981 me
775 1921 792 1982 ὁ
825 1940 932 2002 parso
958 1920 1225 1982 dissuadernelo
1254 1921 1353 1983 accio
1384 1922 1409 1983 li
1442 1924 1565 2001 emuli,

274 2028 369 2107 quali
394 2029 502 2087 molto
527 2026 550 2087 il
576 2036 727 2105 temen0,
753 2047 822 2089 non
847 2027 980 2088 habino
1004 2026 1064 2106 poi
1090 2026 1206 2087 subito
1232 2027 1419 2089 occasione
1435 2029 1473 2090 di
1491 2031 1562 2111 gri·

275 2135 361 2194 dare
393 2134 426 2194 al
456 2133 610 2213 popolo,
648 2135 713 2195 che
748 2137 941 2196 subornato
975 2134 1020 2194 da
1054 2133 1178 2212 premii
1210 2136 1303 2196 torni
1336 2157 1356 2196 a
1388 2137 1561 2216 predicar

271 2252 393 2303 contra
417 2241 452 2301 la
476 2239 559 2301 fede
584 2241 804 2320 evangelica,
829 2261 928 2303 come
953 2242 1007 2302 lor
1031 2241 1170 2302 dicano.
1218 2241 1261 2304 V.
1280 2241 1332 2302 S‘¹i
1349 2243 1465 2323 potra,
1486 2244 1562 2325 pia·

271 2347 430 2424 cendoli,
462 2346 663 2408 informarsi
688 2349 723 2407 di
748 2349 860 2411 costui
886 2349 931 2408 da
960 2346 1023 2411 M‘.
1048 2347 1183 2425 Jacobo
1209 2346 1344 2428 Zigler,
1377 2350 1460 2428 qual
1494 2371 1563 2431 per

272 2476 390 2516 essere
416 2455 549 2515 anchor
573 2453 621 2514 lui
645 2456 774 2515 huomo
800 2454 998 2516 dottissimo
1024 2466 1059 2515 et
1083 2457 1212 2531 buono,
1239 2475 1307 2515 non
1334 2455 1458 2516 dubito
1478 2459 1561 2519 chel

272 2561 324 2622 aia
348 2570 582 2641 cognosciuto
619 2562 662 2621 da
689 2561 729 2621 V.
757 2559 808 2621 Sd
832 2583 853 2623 a
887 2562 909 2623 li
938 2560 1036 2642 piedi
1067 2563 1111 2623 de
1136 2564 1170 2623 la
1195 2562 1298 2642 quale
1323 2563 1561 2627 humilmente

276 2690 329 2728 ine
356 2669 580 2744 riconiando,
617 2682 652 2728 et
688 2668 814 2749 priego
847 2669 915 2730 Dio
948 2672 982 2730 la
1010 2669 1173 2730 conservi
1204 2671 1431 2749 longamente
1457 2684 1496 2732 et
1522 2673 1557 2735 in

273 2776 375 2834 ieiice
402 2785 503 2835 stato.
553 2773 608 2833 vita
634 2773 862 2854 Onospaehio
888 2776 942 2836 nel
970 2774 1083 2836 XXV
1109 2775 1143 2834 di
1172 2774 1557 2855 ,iugustoMDXXV.

437 2880 477 2940 lai
506 2881 548 2940 V.
575 2879 636 2940 8¹¹³.

1011 2990 1205 3037 Huinillissinio
1226 2991 1357 3036 servitore

864 3078 903 3137 ln.
923 3077 1037 3138 ilberto
1058 3078 1205 3138 lerchasu
1224 3078 1253 3138 dl
1272 3077 1484 3151 urrunnun.

873 3560 948 3623 2231).

708 3675 918 3776 Campegius
947 3675 1119 3756 Sadoletn.

680 3822 820 3889 [Nuntiat.
846 3823 971 3882 German.
990 3823 1065 3881 ΜΠ.
1084 3823 1154 3892 120.)

767 3945 821 4005 (Ξῖ,
843 3945 956 4003 Augusti
982 3949 1064 4005 1535·1

363 4077 434 4138 Alli
460 4076 572 4138 XXV
579 4076 590 4135 1
616 4076 651 4136 di
676 4086 801 4156 questo
832 4098 850 4139 a
876 4088 973 4138 notte
998 4077 1106 4138 hebbi
1130 4079 1164 4139 le
1189 4078 1224 4140 di
1253 4078 1361 4155 isss.
1395 4081 1440 4141 de
1474 4082 1552 4144 XX

272 4205 337 4246 con
362 4186 396 4246 la
421 4185 523 4264 copia
548 4185 592 4244 de
618 4187 650 4244 le
676 4185 800 4245 lettere
827 4184 883 4244 del
909 4184 1139 4263 Tridentino,
1174 4187 1207 4254 le
1238 4185 1333 4265 quali
1370 4190 1440 4249 ben
1466 4190 1553 4251 lette

272 4303 306 4351 et
331 4291 572 4367 considerate,
604 4291 697 4352 circa
722 4293 754 4351 ie
788 4291 926 4371 regioni
963 4291 1028 4351 che
1064 4293 1096 4352 le
1133 4292 1320 4353 adducono
1355 4295 1488 4373 perche
1526 4296 1555 4356 si
1613 4309 1623 4331 ⁰

272 4400 390 4461 debba
415 4399 585 4460 mandare
611 4397 644 4458 la
670 4400 759 4459 oltre
784 4417 829 4458 un
856 4399 1006 4479 LegatO,
1033 4399 1187 4459 anchora
1213 4399 1279 4460 che
1302 4400 1336 4459 le
1360 4399 1491 4478 paiano
1517 4402 1553 4463 di

271 4508 421 4586 qualche
447 4505 637 4579 evidentia,
663 4525 729 4585 pur
753 4527 774 4564 a
798 4505 874 4567 dire
906 4505 1138 4567 liberamente
1162 4506 1197 4566 la
1229 4504 1397 4585 opinione
1428 4508 1499 4570 mia
1533 4531 1554 4571 a

271 4633 326 4674 me
352 4633 421 4674 non
447 4613 642 4675 satisfanno
668 4623 704 4673 et
728 4611 1001 4674 maximamente
1024 4620 1158 4692 quanto
1183 4632 1204 4672 a
1221 4613 1302 4693 quel
1319 4611 1553 4678 fondamento

271 4722 336 4781 che
361 4722 448 4781 hora
474 4721 506 4780 le
531 4740 613 4781 cose
639 4739 708 4780 non
735 4719 834 4780 sieno
859 4719 893 4779 in
920 4718 999 4799 quei
1024 4716 1126 4798 primi
1152 4719 1303 4797 termini,
1328 4739 1383 4781 ma
1401 4721 1468 4783 che
1485 4744 1553 4785 am·

275 4825 455 4886 niaestrati
480 4825 537 4905 gia
564 4826 644 4904 quei
669 4825 791 4906 populi
817 4827 863 4888 da
889 4827 921 4886 le
947 4824 1197 4887 incommodita
1227 4835 1262 4886 et
1286 4827 1394 4887 danni
1418 4829 1554 4908 passati
