3330 5580
704 474 951 531 &Mb-⁰

186 634 315 698 sapere
339 636 379 679 se
402 638 467 699 per
491 620 525 681 la
549 619 645 682 dieta
674 622 750 684 sola
782 623 827 685 de
857 620 1031 686 Possonio
1062 621 1105 686 N.
1135 619 1173 686 S.
1204 621 1306 687 voria
1339 622 1411 688 che
1444 620 1482 689 io

189 743 244 785 me
268 722 486 807 intertenghi
511 747 591 808 qua,
616 730 768 792 essendo
792 749 857 810 per
881 729 958 792 fare
982 739 1115 811 quanto
1140 728 1358 810 paternas,
1376 729 1481 802 Bne:

186 849 243 893 ma
266 850 332 913 per
357 847 490 912 quanto
515 854 622 915 posse
647 837 951 917 comprehendere
976 856 1046 901 non
1072 836 1176 899 stimo
1200 838 1267 901 che
1290 835 1316 900 li
1346 834 1480 903 arbitri

188 945 224 997 et
248 958 286 1000 re
311 938 346 1000 di
372 938 523 1002 Polonia
552 963 591 1003 se
625 941 649 1005 li
685 942 825 1006 trovino
859 942 895 1004 in
927 962 1082 1024 persona
1114 954 1151 1005 et
1185 941 1481 1011 messinamente

187 1045 252 1106 che
277 1047 390 1108 anche
414 1045 438 1108 il
463 1048 624 1130 principe
649 1050 708 1130 qui
733 1059 787 1114 est
810 1051 890 1113 loco
909 1032 1050 1115 cesaris
1073 1048 1109 1117 in
1127 1058 1254 1132 questa
1267 1047 1481 1115 differentia

187 1172 257 1214 non
282 1173 320 1214 se
345 1152 369 1214 li
393 1154 534 1216 trovera
560 1155 649 1218 com'
673 1156 708 1219 io
738 1157 998 1223 eredoanchor
1021 1158 1088 1221 che
1112 1154 1314 1223 innanzila
1336 1155 1479 1236 partita

188 1279 250 1320 soa
275 1279 319 1321 ne
344 1261 495 1340 pariassi
520 1281 586 1324 con
612 1261 648 1324 S.
674 1260 766 1325 sert*
791 1262 1060 1327 ricerchandola
1083 1284 1105 1324 a
1129 1261 1265 1327 venirci
1296 1272 1334 1327 et
1356 1262 1409 1327 mi
1433 1261 1478 1327 ri·

187 1368 383 1446 spondesse
409 1366 444 1428 di
468 1366 559 1431 fario
584 1377 619 1431 et
642 1372 794 1434 sarebbe
818 1391 883 1452 per
906 1370 983 1433 fare
1008 1368 1198 1435 voluntieri
1217 1370 1388 1435 havendo
1409 1370 1476 1435 las-

188 1481 264 1534 sata
295 1478 352 1553 qui
379 1476 583 1548 mandama3
615 1497 672 1539 ma
703 1476 871 1558 sogiunse
905 1478 1052 1541 credere
1086 1478 1152 1541 che
1183 1496 1255 1541 non
1290 1477 1478 1556 potrebbe

188 1577 363 1641 ritornare
398 1579 433 1642 in
466 1588 537 1644 cosi
570 1585 682 1645 breve
712 1593 833 1664 tempo
865 1584 1057 1667 pendendo
1091 1592 1217 1665 questo
1244 1582 1383 1651 ritomo
1408 1602 1478 1651 suo

189 1685 283 1749 dalle
308 1706 390 1749 cose
415 1689 460 1750 de
485 1687 615 1751 Cesare
640 1688 675 1753 in
700 1691 812 1754 Italia.

278 1827 311 1890 S.
337 1828 499 1893 Serenitai
524 1838 615 1912 parti
642 1832 686 1894 de
711 1831 770 1914 qui
795 1834 826 1894 el
852 1832 887 1893 di
913 1831 1119 1913 dessignato
1151 1851 1252 1892 come
1282 1829 1318 1893 io
1351 1829 1476 1893 scrissi

191 1936 257 1998 che
282 1935 318 1997 fu
343 1937 403 1999 alli
429 1938 513 1999 VIII
540 1949 574 2000 et
598 1939 778 2002 trovavasi
802 1938 862 2003 alli
890 1939 983 2002 XIII
1006 1937 1042 2001 in
1066 1937 1181 2021 Lynz,
1211 1937 1306 2001 ende
1336 1957 1410 2000 non
1438 1936 1476 1999 vi

188 2041 447 2106 intervenendo
471 2046 598 2109 alcuno
624 2047 668 2108 de
693 2046 717 2108 li
741 2046 829 2108 detti
853 2045 888 2108 in
913 2065 1067 2127 persona
1091 2064 1203 2126 penso
1234 2044 1302 2107 che
1326 2043 1475 2107 bastard

189 2148 212 2210 il
239 2150 379 2214 liarone
405 2162 439 2214 et
464 2154 528 2215 che
553 2174 617 2236 per
642 2164 767 2234 questo
792 2175 861 2216 non
887 2153 940 2215 sia
964 2152 1167 2215 necessario
1192 2151 1245 2213 ch'
1262 2151 1297 2212 io
1322 2151 1411 2213 resti
1436 2150 1473 2213 in

190 2258 306 2338 quelle
342 2259 434 2338 parti
474 2270 509 2321 et
544 2281 615 2322 non
648 2260 682 2323 di
713 2280 816 2323 meno
851 2267 942 2322 tutto
973 2259 1114 2321 rimetto
1145 2258 1179 2320 al
1208 2255 1475 2339 sapientissimo

186 2363 311 2444 juditio
337 2373 372 2427 et
396 2367 518 2430 volere
543 2367 578 2428 di
609 2365 644 2430 S.
675 2366 728 2429 St*
763 2369 833 2429 alla
869 2369 972 2448 quale
1006 2368 1087 2428 saro
1123 2382 1264 2444 sempre
1299 2383 1403 2426 corne
1439 2361 1474 2426 io

190 2471 309 2533 debbo
334 2475 653 2556 obsequentissime
679 2484 714 2537 et
746 2473 1047 2537 obedientissimo.
1099 2469 1186 2535 Solo
1220 2470 1387 2534 desidero
1420 2490 1473 2533 sa·

190 2596 275 2657 perc
300 2591 420 2660 presto
444 2582 468 2643 ii
493 2584 615 2646 volere
641 2589 675 2645 et
700 2582 994 2645 comandamento
1018 2579 1054 2641 di
1079 2576 1116 2641 S.
1141 2578 1203 2640 ΒΜ
1237 2576 1323 2640 Feci
1347 2596 1473 2640 recon-

191 2704 269 2746 zare
294 2685 316 2746 il
342 2688 551 2767 soprasritto
576 2690 611 2751 al
635 2690 736 2750 Duce
762 2687 865 2750 Cario
891 2687 926 2749 di
959 2683 1116 2749 Saxonia
1146 2685 1212 2746 che
1244 2685 1362 2746 dovea
1393 2684 1474 2747 dire

192 2789 359 2872 Georgio,
381 2796 511 2873 perche
536 2795 606 2859 cilo
624 2796 758 2858 arbitro
781 2793 817 2857 in
842 2802 966 2876 questa
991 2812 1098 2855 causa
1114 2800 1151 2856 et
1167 2790 1187 2855 ὲ
1204 2793 1313 2854 molto
1338 2790 1474 2874 meglio

191 2918 256 2980 per
281 2920 399 2962 essere
425 2904 518 2964 buon
546 2903 748 2982 christiano,
774 2913 808 2964 et
832 2902 852 2963 l’
870 2902 961 2963 altro
985 2909 1076 2963 tutto
1100 2899 1125 2962 il
1150 2898 1340 2964 contrario

280 3042 385 3106 I⁴'initi
411 3047 465 3107 col
492 3047 589 3108 detto
607 3066 696 3128 gran
712 3045 871 3107 Maestro
896 3043 920 3105 li
943 3042 1047 3125 primi
1070 3040 1333 3126 regionamenti
1356 3040 1474 3105 entrai

191 3169 236 3211 ne
261 3150 293 3211 le
319 3170 401 3214 cose
427 3154 610 3216 lutherane
635 3162 670 3214 et
694 3150 834 3214 dolsimi
857 3151 903 3212 de
927 3151 1045 3231 quella
1077 3151 1174 3213 bolla
1204 3148 1294 3211 fatta
1318 3149 1366 3211 da
1390 3150 1475 3233 quel

192 3277 255 3318 suo
274 3277 427 3321 vescovo
445 3259 654 3323 Sambiense
671 3269 705 3320 et
723 3257 1035 3340 particolarmente
1059 3254 1129 3319 feci
1153 3257 1299 3338 querela
1323 3256 1361 3319 di
1381 3264 1475 3320 tutte

193 3365 309 3444 quelle
334 3367 597 3429 exhorbitantie
623 3378 658 3428 et
681 3365 824 3446 impieti
851 3365 916 3427 che
941 3361 1106 3426 contiene
1131 3381 1201 3424 una
1225 3381 1290 3443 per
1320 3382 1409 3441 una,
1441 3372 1477 3429 et

192 3480 291 3533 tanto
316 3473 468 3536 detestai
493 3476 558 3536 che
577 3473 597 3535 ’l
622 3475 774 3536 lassasse
799 3492 844 3534 un
870 3472 919 3532 tal
943 3490 1007 3532 suo
1033 3470 1166 3551 luogho
1183 3477 1326 3532 tenente
1341 3468 1377 3533 in
1393 3490 1476 3553 pre·

192 3577 307 3640 sentia
330 3581 374 3642 de
399 3590 452 3643 tre
476 3583 604 3663 grandi
628 3579 785 3644 huomini
810 3580 854 3640 de
878 3579 913 3640 la
937 3597 999 3638 soa
1022 3575 1196 3658 religione
1230 3586 1266 3639 et
1289 3575 1366 3639 suoi
1390 3596 1476 3641 con·

192 3684 326 3767 siglieri
350 3687 403 3747 ch’
419 3687 454 3750 io
477 3688 524 3750 mi
548 3687 650 3769 parvi
675 3688 820 3749 vederlo
845 3693 936 3748 tutto
965 3702 1181 3763 commosso,
1213 3682 1394 3747 facendoli
1428 3705 1478 3748 un

193 3791 381 3875 gagliardo
407 3794 565 3858 discorso
590 3796 655 3857 che
680 3794 831 3857 sarebbe
855 3794 964 3855 molto
988 3792 1097 3873 lungo
1114 3811 1135 3853 a
1153 3789 1354 3873 replicarlo,
1380 3792 1478 3855 onde

193 3899 240 3961 mi
263 3919 445 3981 promesse
481 3901 517 3964 di
551 3901 627 3964 fare
664 3899 748 3983 ogni
781 3919 892 3983 opera
924 3898 1057 3982 perche
1087 3896 1130 3961 N.
1155 3892 1191 3962 S.
1225 3897 1379 3960 andasse
1402 3900 1479 3963 ben

195 4016 363 4070 contento
388 4007 423 4069 di
446 4009 509 4085 lui,
540 4017 575 4071 et
605 4029 670 4090 per
695 4007 904 4069 dimostrare
934 4026 955 4067 a
978 4003 1060 4067 tutti
1083 4002 1150 4068 che
1173 4003 1270 4066 fosse
1293 4004 1415 4066 buono
1441 4014 1480 4069 et

195 4110 300 4174 fidele
325 4113 516 4178 christiano
541 4114 729 4197 Principe,
761 4123 796 4176 et
827 4115 885 4176 nel
909 4111 1021 4194 partir
1046 4130 1109 4174 suo
1133 4120 1261 4193 sponte
1285 4130 1349 4173 sua
1374 4110 1477 4175 strin-

197 4218 366 4301 gendomi
391 4221 425 4282 ia
456 4241 561 4283 mano
589 4220 808 4303 replieommi
832 4222 897 4283 che
922 4218 957 4281 in
981 4238 1021 4281 re
1044 4219 1232 4280 lutherana
1247 4215 1356 4280 faciet
1380 4220 1480 4299 quod

197 4325 301 4388 decet
325 4328 478 4391 maxime
502 4327 731 4391 christianum
754 4327 966 4410 principem,
998 4337 1033 4389 et
1057 4324 1174 4387 subito
1198 4323 1323 4407 giunto
1347 4344 1370 4386 a
1393 4344 1480 4388 casa

197 4431 276 4494 fece
312 4433 466 4496 scrivere
501 4415 537 4497 in
572 4435 694 4518 lingua
729 4436 902 4498 thodesea
934 4435 968 4496 al
1004 4434 1103 4495 detto
1134 4451 1198 4493 suo
1233 4429 1406 4514 episcopo
1443 4441 1481 4496 et

199 4539 413 4602 mandommi
436 4562 457 4603 a
481 4551 653 4604 mostrare
677 4544 712 4604 la
735 4541 854 4605 littera
878 4542 921 4603 de
946 4543 981 4603 la
1005 4540 1110 4622 quale
1133 4538 1213 4601 fece
1240 4535 1480 4619 interpretare

200 4667 270 4709 uno
295 4648 481 4731 essempi0,
505 4650 540 4712 lo
566 4651 669 4731 quale
693 4647 774 4710 sarri
798 4668 865 4711 con
890 4656 1033 4729 queste,
1058 4655 1094 4708 et
1118 4642 1174 4707 chi
1196 4644 1218 4707 l'
1235 4645 1283 4708 ha
1304 4642 1479 4728 interpre-

200 4763 274 4817 tata
299 4755 344 4817 mi
369 4755 448 4820 dice
472 4757 537 4821 che
561 4756 597 4818 in
620 4755 743 4845 lingua
768 4755 785 4817 ὲ
810 4755 919 4822 molto
944 4761 1070 4820 ornata
1094 4760 1129 4817 et
1153 4749 1312 4816 efficace.
1359 4750 1481 4818 Vede·
