3330 5580
779 469 989 527 0534&

866 634 887 698 2

530 743 664 825 Salvus
693 744 888 825 conductus
916 742 1023 821 datus
1051 741 1239 821 Alcandro.

668 874 751 944 (Acta
768 872 983 930 vammum
1000 871 1048 930 lul
1068 871 1104 940 3.)

759 975 815 1041 (20.
833 974 900 1039 Julii
923 970 1011 1042 15200)

334 1085 407 1146 Leo
432 1083 631 1165 Episcopus
655 1079 788 1145 Servus
805 1079 998 1143 Servorum
1017 1080 1096 1158 Dei,
1115 1079 1301 1141 Universis
1318 1089 1354 1140 et
1375 1079 1527 1159 singulis

245 1193 291 1253 ad
315 1211 403 1272 quos
426 1201 636 1272 praesentes
660 1189 900 1271 pervenerint,
925 1189 1074 1250 salutem
1099 1196 1135 1250 et
1163 1186 1395 1268 apostolicam
1420 1189 1527 1248 bene·

245 1297 446 1360 dictionem.
494 1297 580 1359 Cum
606 1296 772 1358 dilectum
796 1295 905 1357 filium
930 1294 1185 1375 Hieronymum
1211 1294 1431 1355 Aleandrum
1456 1292 1526 1354 No-

244 1404 370 1467 tarium
405 1415 440 1467 et
464 1403 780 1466 Bibliothecarium
811 1411 969 1464 nostrum
1001 1404 1048 1463 ob
1073 1402 1185 1462 ardua
1209 1409 1245 1463 et
1268 1400 1374 1463 fidem
1399 1399 1525 1462 Catho-

244 1511 348 1573 licam
383 1521 582 1592 statumque
614 1509 835 1572 Christianae
860 1507 1042 1570 Ecclesiae
1078 1507 1329 1569 concernentia
1364 1505 1526 1587 negocia,

245 1619 290 1680 ad
311 1618 552 1680 charissimum
569 1617 604 1679 in
626 1616 766 1679 Christo
790 1614 899 1677 filium
923 1623 1081 1676 nostrum
1098 1613 1263 1676 Carolum
1280 1613 1527 1675 Romanorum

246 1734 281 1786 et
305 1724 556 1806 Hispaniarum
580 1742 703 1803 regem
728 1721 948 1785 Catholicum
972 1721 1006 1782 in
1022 1721 1277 1801 Imperatorem
1303 1721 1465 1800 electum,
1491 1729 1527 1781 et

143 1865 145 1869 ⁷
245 1832 384 1914 aliquos
397 1831 485 1894 alios
499 1829 709 1892 christianos
726 1828 907 1909 principes
921 1827 1095 1890 Nuncium
1114 1837 1150 1890 et
1166 1836 1342 1889 oratorem
1359 1826 1527 1889 Nostrum

246 1938 432 2017 mittamus,
466 1936 692 2001 devotionem
718 1946 873 2000 vestram
899 1946 934 1998 et
957 1945 1115 1997 vestrum
1143 1934 1303 2015 singulos
1334 1936 1526 2015 hortamur,

245 2045 396 2108 subditis
428 2065 514 2106 vero
546 2043 676 2106 nostris
709 2052 745 2105 et
777 2043 936 2123 gentium
969 2042 1224 2121 armigerorum
1258 2041 1456 2121 capitaneis
1490 2052 1526 2102 et

246 2151 452 2213 ductoribus
466 2172 530 2213 nec
552 2172 620 2214 non
641 2150 809 2212 militibus
830 2151 875 2212 ad
887 2148 1017 2211 Nostra
1037 2160 1071 2210 et
1081 2148 1135 2209 8²⁹
1145 2147 1332 2209 Romanae
1343 2147 1527 2210 Ecclesiae

246 2258 424 2339 stipendia
433 2257 674 2337 militantibus,
687 2260 751 2319 sub
764 2256 1019 2338 indignationis
1033 2266 1175 2317 nostrae
1188 2275 1306 2336 poena
1318 2255 1527 2317 mandamus

245 2375 284 2427 ut
307 2365 528 2446 praedictum
544 2365 800 2446 Hieronymum
825 2384 904 2426 cum
928 2363 999 2425 suis
1024 2363 1211 2424 comitibus
1234 2362 1467 2424 familiaribus
1492 2373 1527 2424 et

246 2471 492 2550 servitoribus,
527 2492 592 2533 nec
625 2492 694 2533 non
720 2471 792 2533 suis
817 2469 944 2533 Salmis
970 2482 1004 2532 et
1032 2468 1162 2549 bulgiis
1188 2468 1321 2531 valisiis
1353 2480 1389 2532 et
1419 2471 1527 2531 rebus

246 2577 324 2639 aliis
355 2599 420 2660 per
453 2598 575 2639 omnes
607 2577 768 2640 civitates
798 2588 913 2640 terras
937 2586 1065 2658 pontes
1089 2596 1216 2657 passus
1240 2587 1363 2657 portus
1388 2587 1424 2637 et
1447 2577 1527 2638 loca

247 2683 428 2764 quaelibet
447 2694 518 2745 tam
536 2694 656 2746 nostra
685 2705 790 2765 quarn
815 2694 945 2760 vestra,
970 2686 1105 2765 absque
1130 2682 1278 2745 alicuius
1302 2683 1394 2744 dacii
1419 2683 1526 2764 peda-

247 2790 295 2870 gii
327 2793 491 2869 gabellae
521 2792 734 2853 bulletarum
757 2791 906 2873 portorii
930 2790 1136 2852 fundinavis
1160 2801 1220 2852 aut
1243 2790 1388 2853 alterius
1416 2789 1526 2851 cuius-

247 2897 300 2959 vis
324 2896 448 2959 indicti
472 2899 529 2958 vel
553 2897 732 2960 indicendi
758 2897 876 2960 oneris
907 2897 1096 2968 solutione;
1131 2897 1182 2958 ire
1215 2897 1345 2959 morari
1376 2896 1527 2958 transire

245 3004 433 3085 redireque
466 3024 590 3067 secure
615 3005 797 3086 libereque
822 3003 1047 3086 permittatiS,
1073 3005 1277 3085 nullumque
1302 3003 1417 3067 eidem
1442 3004 1525 3065 Hie·

246 3131 395 3192 ronymo
421 3121 457 3173 et
480 3111 552 3174 suis
576 3112 768 3192 praedictis
792 3112 827 3173 in
852 3131 1006 3192 persona
1031 3111 1106 3173 sive
1130 3111 1233 3173 bonis
1253 3113 1449 3173 molestiam
1466 3112 1526 3173 im·

247 3217 487 3299 pedimentum
521 3219 596 3282 sive
628 3220 792 3284 damnum
827 3219 953 3299 quovis
985 3221 1091 3281 modo
1124 3218 1285 3282 inferatis
1316 3239 1377 3280 seu
1403 3218 1526 3280 inferri

247 3324 474 3405 permittatis;
509 3325 592 3406 quin
624 3325 693 3388 imo
724 3326 769 3387 de
798 3325 934 3388 itineris
958 3326 1149 3388 securitate
1173 3326 1380 3406 viarumque
1405 3326 1525 3387 ducto·

247 3432 355 3510 ribus,
380 3431 408 3494 si
427 3452 515 3513 opus
531 3431 637 3494 fuerit
653 3443 688 3493 et
705 3433 955 3514 requirendum
980 3433 1133 3514 duxerit,
1158 3433 1207 3495 ita
1230 3433 1387 3514 benigne
1412 3453 1525 3513 prom-

248 3547 380 3620 pteque
403 3539 633 3619 provideatis,
660 3549 698 3601 ut
715 3561 735 3601 a
759 3539 861 3602 nobis
877 3537 1081 3620 Sanctaque
1104 3540 1171 3600 hac
1196 3536 1291 3601 Sede
1317 3540 1527 3621 Apostolica

247 3646 390 3726 possitis
418 3646 542 3709 merito
571 3646 820 3709 commendari.
868 3648 999 3709 Datum
1022 3646 1163 3710 Romae
1188 3649 1282 3728 apud
1308 3647 1344 3711 S.
1370 3649 1526 3729 Petrum,

247 3773 340 3814 anno
354 3753 612 3816 Incarnationis
623 3753 831 3815 Dominicae
843 3754 1029 3816 Millesimo
1044 3753 1327 3835 quingentesimo
1342 3755 1525 3828 vicesimo;

247 3859 492 3922 tertiodecimo
517 3861 588 3922 kal.
615 3860 779 3940 Augusti.
809 3859 1041 3922 Pontificatus
1066 3861 1176 3922 nostri
1201 3882 1294 3924 anno
1319 3873 1457 3925 octavo.

1154 3976 1241 4037 talu.
1262 3977 1296 4038 la
1315 3978 1419 4038 Pirria.

868 4245 888 4309 3

587 4351 653 4429 Leo
682 4351 724 4432 X.
753 4296 967 4451 Hieronymo
996 4353 1183 4434 Alcandro.

662 4481 747 4548 (Acta
765 4480 899 4538 warnae
918 4480 963 4540 lul
982 4482 998 4540 3
1017 4485 1118 4555 tergo.)

762 4581 818 4647 (16.
837 4583 903 4646 Julii
927 4583 1012 4645 1520.)

338 4687 411 4749 Leo
444 4688 561 4770 Episc.
596 4688 729 4750 Servus
760 4686 904 4751 Servor.
930 4691 1011 4769 Dei,
1044 4692 1175 4753 dilecto
1208 4691 1280 4753 filio
1305 4692 1526 4775 Hieronymo

249 4795 432 4856 Alcandro
467 4795 676 4875 Praeposito
713 4795 895 4859 Ecclesiae
931 4797 1053 4859 Sancti
1088 4798 1236 4876 Joannis
1275 4800 1526 4878 Evangelistae
