3330 5580
697 433 944 487 0435le

178 570 305 634 tiorem
330 573 533 654 reddendo,
558 577 709 637 studebo
734 599 875 660 semper
899 576 1168 655 diligentissime
1194 584 1362 656 quantum
1398 572 1463 634 erit

178 678 216 739 in
245 700 301 741 me
334 690 371 742 ut
402 681 520 743 omnia
550 694 705 763 prestem
740 705 961 766 quecumque
994 706 1015 746 a
1050 682 1258 744 fidelissimo
1289 679 1463 742 servitore

178 796 329 866 possunt
353 788 547 868 expectari,
573 789 680 870 idque
705 793 762 852 vel
788 794 833 853 ob
857 792 924 853 hoc
941 791 1146 867 diligentius
1170 809 1294 851 curare
1319 806 1463 868 possum

179 903 369 973 postquam
407 894 503 956 evasi
539 895 608 958 iarn
640 896 729 991 illud
765 899 958 979 periculum
997 898 1091 979 quod
1116 895 1216 977 quasi
1241 895 1403 956 incautus
1428 902 1464 954 et

180 1020 227 1060 ex
251 998 446 1081 improviso
480 1001 605 1064 diebus
639 1005 881 1085 superioribus
910 1004 1102 1066 incideram
1140 1022 1244 1082 quum
1280 1021 1336 1063 me
1360 1010 1394 1061 et
1419 998 1464 1060 ci-

179 1106 325 1169 vitatem
362 1109 451 1169 hanc
488 1098 715 1171 tridentinam
750 1111 890 1173 Rustici
920 1113 1044 1172 borum
1077 1108 1266 1171 confinium
1297 1117 1332 1169 et
1356 1105 1463 1168 alieni

179 1224 215 1275 et
238 1213 306 1275 mei
331 1234 376 1276 ex
400 1213 581 1297 insperato
605 1215 947 1279 circumvolaverant
972 1218 1052 1278 dum
1079 1214 1341 1297 presensissent
1366 1212 1460 1292 quod

179 1321 275 1382 Ser¹¹¹
295 1319 466 1402 Princeps
490 1322 722 1384 constituerat
746 1345 790 1386 ex
817 1326 883 1385 hoc
910 1328 987 1386 loco
1003 1323 1104 1384 sicuti
1122 1321 1307 1383 commodo
1324 1338 1462 1380 sumere

179 1427 348 1489 ultionem
373 1429 544 1490 adversus
568 1433 756 1492 nonnullos
780 1431 936 1512 ipsorum
963 1441 998 1492 et
1022 1431 1089 1492 iam
1114 1431 1182 1491 huc
1207 1428 1361 1509 cepisset
1385 1445 1461 1508 pre·

178 1534 318 1597 mittere
344 1535 479 1615 aliquot
504 1536 661 1616 pedites,
689 1537 787 1599 cuius
808 1539 858 1600 rei
884 1559 990 1600 causa
1010 1559 1113 1618 quam
1140 1538 1327 1598 voluerant
1354 1533 1462 1594 iidem

180 1641 300 1703 rustici
312 1642 538 1723 praevenire;
553 1644 615 1705 sed
630 1664 750 1705 eorum
766 1656 913 1706 conatus
924 1644 1012 1707 irriti
1022 1644 1173 1706 fuerunt.
1188 1642 1305 1704 Unum
1314 1660 1383 1702 non
1394 1659 1460 1700 om·

180 1747 314 1810 mittam
339 1748 383 1810 de
407 1769 477 1829 quo
508 1770 563 1810 me
587 1751 771 1830 praeteriti
796 1753 964 1813 tumultus
989 1763 1023 1813 et
1048 1750 1241 1812 seditiones
1266 1748 1459 1809 admonent

179 1855 371 1936 plerosque
395 1857 601 1918 sacerdotes
625 1856 680 1919 bis
711 1858 798 1939 ipsis
830 1858 1065 1920 seditionibus
1097 1855 1251 1918 irretitos
1287 1853 1396 1916 luisse
1428 1863 1462 1912 et

180 1960 292 2023 debiti
317 1961 368 2023 sui
393 1981 518 2042 parum
543 1982 717 2025 memores
748 1963 867 2045 ignem
901 1984 1087 2025 accensum
1121 1983 1190 2024 non
1221 1972 1357 2023 tantum
1392 1980 1460 2020 non

180 2067 376 2131 extinxisse
400 2089 521 2130 verum
548 2069 654 2130 etiam
679 2081 716 2131 ut
740 2070 856 2131 acrius
888 2072 1164 2133 succenderetur
1195 2068 1342 2144 favisse,
1375 2065 1458 2127 nihil

179 2195 325 2256 prorsus
349 2173 507 2237 omisisse
532 2177 711 2256 loquendo
737 2189 772 2238 et
796 2177 986 2239 scribendo
1013 2177 1107 2257 quod
1132 2177 1176 2238 ad
1202 2196 1318 2238 rerum
1343 2172 1459 2235 interi-

180 2294 251 2345 tum
277 2292 313 2344 et
336 2282 524 2363 pernitiem
549 2283 700 2363 faceret,
735 2295 858 2346 contra
893 2305 980 2365 quos
1005 2287 1097 2346 bene
1122 2284 1337 2344 conduceret
1362 2279 1459 2362 quip-

180 2388 273 2471 piam
306 2388 434 2449 remitti
464 2389 509 2450 de
540 2410 583 2451 eo
619 2391 712 2469 quod
750 2391 905 2471 alioquin
943 2391 1019 2453 iura
1057 2400 1253 2453 sanxerunt
1289 2389 1460 2450 adversus

179 2495 384 2557 sacerdotes
408 2496 531 2557 horum
558 2497 699 2575 noxios,
724 2509 761 2558 ut
787 2499 899 2577 magis
924 2498 1168 2578 temporaliter
1191 2495 1298 2578 plecti
1323 2493 1460 2576 possint

181 2623 284 2683 quam
310 2602 553 2682 spiritualibus
578 2603 703 2683 poenis
728 2604 867 2683 subiici,
893 2626 984 2685 quae
1010 2603 1164 2666 criminis
1188 2601 1364 2665 atrocitati
1391 2621 1459 2662 non

180 2708 265 2769 satis
297 2711 593 2789 correspondent;
628 2711 722 2790 quod
750 2710 798 2770 Vt
826 2711 871 2771 ΒΟ
908 2711 1020 2786 magis
1054 2711 1152 2772 cordi
1187 2711 1329 2785 habeat,
1355 2707 1459 2769 velim
1532 2782 1536 2791 1

181 2815 274 2877 illam
301 2834 371 2876 non
396 2817 507 2877 latere
533 2817 624 2878 inter
647 2819 712 2878 bos
739 2818 876 2897 pedites
904 2818 963 2898 qui
995 2817 1051 2879 bic
1087 2817 1229 2879 fuerunt
1260 2836 1326 2897 pro
1358 2813 1460 2876 casti-

180 2921 384 3002 gationibus
416 2924 538 2984 horum
573 2924 793 2985 subditorum
832 2935 867 2986 et
905 2927 994 2987 sernli
1024 2924 1194 3005 principis
1230 2932 1265 2985 et
1303 2941 1460 2985 meorum

181 3042 382 3109 compertos
405 3029 514 3091 luisse
540 3032 632 3091 ultra
662 3041 802 3093 centum
838 3034 1030 3094 monachos
1061 3041 1097 3092 et
1132 3032 1310 3092 seculares
1346 3047 1458 3089 sacer-

180 3136 282 3198 dotes
307 3135 366 3217 qui
399 3137 502 3198 huius
537 3137 668 3199 saeculi
705 3137 862 3201 militiam
901 3138 1046 3200 coelesti
1082 3137 1345 3218 preponendam
1382 3154 1461 3196 esse

182 3243 368 3315 duxerunt,
393 3254 431 3304 ut
455 3264 544 3324 opus
569 3265 647 3305 esse
672 3263 836 3306 censeam
861 3257 921 3304 v⁸¹¹¹
946 3248 992 3307 bm
1020 3246 1214 3325 prudenter
1247 3254 1281 3304 et
1310 3245 1461 3305 solerter

181 3350 368 3410 advertere
392 3350 437 3410 ad
463 3370 582 3411 curam
595 3350 771 3412 Dominici
796 3351 928 3432 gregis,
946 3351 1102 3430 alioquin
1119 3349 1306 3431 plurimum
1331 3368 1459 3411 vereor

181 3456 276 3537 quod
312 3458 356 3517 de
381 3456 572 3518 Germania
603 3477 748 3538 prorsus
773 3458 838 3518 erit
863 3459 1146 3538 desperandum,
1182 3456 1211 3517 si
1240 3476 1379 3518 erorres
1411 3454 1460 3517 illi

184 3562 315 3624 diutius
346 3562 479 3624 fuerint
504 3564 703 3644 supportati
834 3564 886 3625 Ex
924 3563 1094 3625 Tridento
1127 3564 1264 3625 decima
1294 3562 1461 3626 Octobris

181 3668 382 3732 MDXXV.
