3330 5580
733 914 807 979 237.

554 1029 687 1110 dubus
715 1029 886 1110 clementi
914 1031 992 1111 llll.

182 1169 294 1239 (Pontii
312 1172 409 1246 imper.
427 1173 515 1241 toltit,
527 1174 637 1233 Erunt
656 1178 709 1235 eto.
729 1176 875 1250 epistolam
894 1179 969 1234 Am
989 1177 1104 1235 mn.
1123 1178 1156 1235 tt.
1175 1179 1196 1236 t
1215 1178 1260 1237 lot
1279 1178 1350 1249 230.)

641 1293 694 1364 (²5·
714 1297 781 1361 Julii
804 1297 890 1361 15²5·)

220 1423 307 1487 Post
330 1428 452 1490 oscula
475 1430 605 1509 pedum
630 1433 816 1492 beatorum
848 1429 901 1492 sui
935 1430 1162 1493 humillimam
1192 1434 1411 1495 commenda·

76 1546 80 1551 ·
127 1528 272 1594 tionem.
320 1533 431 1595 Miror
462 1536 668 1615 plurimum,
695 1535 905 1599 Beatissimo
945 1538 1071 1617 Pater,
1104 1538 1187 1619 quid
1217 1550 1412 1601 remoretur

128 1638 188 1699 vel
213 1636 249 1702 S.
276 1640 314 1702 T.
340 1643 396 1703 vel
427 1642 496 1703 Rm.
528 1643 751 1706 Cardinalem
786 1644 877 1705 tituli
908 1641 1119 1706 Sanctorum
1152 1656 1412 1728 coronatorum,

128 1764 193 1806 cur
207 1745 322 1809 minus
338 1749 556 1812 subveniatis
574 1750 667 1829 mihi,
693 1751 912 1812 subveniatis
937 1772 1064 1813 causae
1083 1751 1177 1831 fidei,
1194 1753 1413 1815 subveniatis

129 1853 257 1915 honori
271 1851 376 1918 Sedis
390 1856 632 1938 Apostolicae,
646 1877 724 1919 cum
738 1857 975 1938 inquisitionis
988 1879 1077 1920 onus
1088 1858 1193 1920 michi
1208 1881 1229 1920 a
1247 1859 1367 1921 Leone
1379 1859 1417 1921 X

131 1960 176 2024 se.
190 1981 239 2023 re.
254 1961 447 2025 iniunctum
462 1964 558 2026 iussu
572 1962 676 2026 Sedis
687 1964 919 2045 Apostolicae
933 1965 1041 2043 legati
1054 1965 1124 2026 Rm¹
1142 1965 1284 2028 Domini
1299 1966 1418 2028 Cardi-

130 2068 222 2131 nalis
239 2070 284 2132 (le
300 2068 505 2152 Campegiis
529 2081 653 2133 contra
670 2070 930 2153 Wolfgangum
948 2071 1195 2154 Woeckinger
1221 2075 1418 2136 luteranum

132 2176 364 2241 exercuerim.
412 2177 522 2258 Rogo
540 2176 706 2240 obnixius
722 2180 877 2260 supplex
894 2175 930 2239 S.
949 2178 991 2242 V.
1017 2178 1184 2259 dignetur
1208 2180 1299 2241 tueri
1322 2180 1419 2242 facta

132 2303 212 2345 mea
242 2284 435 2346 secundum
465 2283 655 2349 iussionem
687 2284 831 2347 Domini
863 2285 975 2365 legati
1008 2284 1127 2366 potius
1160 2306 1263 2366 quam
1296 2285 1419 2350 favere

132 2389 234 2452 fratri
252 2390 432 2468 haeretici,
452 2391 507 2452 cui
524 2391 584 2453 ille
601 2391 637 2452 in
654 2391 814 2453 fraudem
833 2391 939 2454 cessit
956 2412 1000 2454 ne
1025 2391 1054 2454 is
1078 2392 1169 2474 legis
1189 2413 1306 2474 poena
1325 2394 1419 2457 affici

132 2496 256 2581 possit.
303 2496 384 2560 Non
413 2497 487 2560 scio
510 2500 591 2578 plus
616 2497 747 2577 dicere,
779 2497 865 2559 satis
894 2518 1072 2580 superque
1104 2498 1182 2561 aliis
1215 2500 1341 2562 litteris
1371 2501 1419 2562 in-

132 2604 249 2666 dicavi
274 2605 367 2666 mala
392 2614 427 2665 et
453 2604 622 2665 scandala
647 2624 737 2685 quae
762 2604 923 2666 oriuntur
948 2625 993 2666 ex
1025 2605 1086 2668 illa
1117 2605 1348 2687 impeditione
1383 2617 1418 2670 et

132 2711 212 2794 quis
237 2722 291 2774 est
314 2720 539 2792 contemptus
563 2711 622 2774 Se.
649 2712 718 2791 Ap.

224 2817 444 2882 Seditionem
476 2817 685 2879 rusticorum
720 2829 850 2879 motam
888 2820 1019 2880 dudum
1051 2818 1251 2902 significavi
1291 2821 1419 2882 litteris

132 2927 221 2991 meis
246 2924 283 2989 S.
307 2926 367 2997 T.;
393 2944 484 3006 quae
509 2944 650 3005 semper
674 2924 904 3004 incrudescit,
937 2925 1020 2988 licet
1048 2926 1083 2987 in
1112 2926 1230 2989 multis
1263 2926 1350 2988 locis
1375 2926 1420 2988 sit

133 3035 269 3113 sedata,
295 3033 344 3094 uti
369 3051 435 3113 pro
460 3052 539 3093 mea
564 3032 598 3093 in
632 3029 726 3092 Sede
753 3033 964 3113 Apostolica
996 3044 1030 3095 et
1060 3034 1096 3098 S.
1121 3034 1160 3096 T.
1191 3033 1419 3097 observantia

133 3146 171 3206 in
196 3142 328 3204 scheda
346 3140 402 3202 hic
424 3137 625 3218 conscripta
645 3138 861 3207 transmitt0;
879 3139 1085 3220 diligentius
1099 3140 1191 3202 enim
1211 3141 1328 3222 quoad
1342 3139 1418 3203 fieri

134 3249 250 3334 potuit
275 3247 392 3309 omnia
417 3245 643 3326 consignavi:
669 3245 822 3307 restituti
848 3259 929 3308 sunt
945 3247 1113 3329 Episcopi
1132 3247 1418 3328 Argentinensis,

135 3355 326 3441 Spirensis,
340 3352 624 3435 HerbipolensiS,
636 3365 671 3414 et
682 3353 968 3434 bambergensis,
982 3355 1045 3416 sed
1055 3356 1170 3416 adhuc
1184 3354 1324 3435 spoliati
1339 3364 1419 3416 sunt

136 3464 368 3539 BrixinensiS‚
380 3460 617 3537 Tridentinus,
632 3471 667 3520 et
681 3460 953 3541 salzburgensis
971 3461 1167 3523 cardinalis
1188 3460 1371 3522 obsidetur
1381 3461 1415 3522 in

135 3591 229 3636 arce.
254 3569 532 3648 Princepsmeus
547 3566 758 3628 Wilhelmus
777 3565 869 3628 misit
886 3566 1030 3630 fratrem
1046 3588 1145 3630 suum
1164 3568 1290 3629 ducem
1301 3567 1413 3629 Ludo·

135 3681 250 3741 vicum
284 3678 329 3737 ad
359 3674 643 3757 componendum
675 3672 862 3753 negocium
894 3674 985 3735 inter
1017 3674 1241 3736 t'ardinalem
1273 3683 1309 3735 et
1337 3676 1414 3736 sub·

135 3784 229 3848 ditos
254 3797 289 3846 et
313 3784 429 3845 adhuc
454 3800 566 3862 parva
591 3800 673 3862 spes
698 3789 752 3841 est
775 3780 892 3860 pacis,
929 3781 1094 3862 quoniam
1126 3782 1249 3843 nolunt
1284 3781 1415 3843 subditi

136 3912 261 3974 pacem
286 3902 487 3971 acceptare,
513 3887 578 3948 nisi
604 3885 793 3948 cardinalis
817 3888 921 3948 cedat
945 3887 1117 3967 regimini,
1143 3899 1178 3950 et
1203 3886 1343 3968 publice
1368 3886 1415 3949 ia·

135 4011 255 4062 tentur
278 3997 414 4059 incolas
438 3995 624 4056 comitatus
644 3993 779 4074 Tyrolii
804 3993 855 4055 eis
880 3994 1084 4073 promisisse
1108 3994 1288 4057 auxilium.
1336 3993 1416 4056 Non

136 4108 265 4169 desunt
289 4103 347 4186 qui
372 4112 574 4183 suspectum
599 4101 755 4161 habeant
780 4099 1005 4162 archiducem
1034 4101 1132 4162 velut
1156 4100 1310 4162 dominia
1334 4099 1415 4163 Car-

137 4211 264 4276 dinalis
289 4222 324 4272 et
347 4208 608 4290 Episcoporum
636 4216 894 4288 reppetentem,
918 4206 1008 4268 sicut
1032 4217 1068 4268 et
1084 4206 1229 4269 Fiessen
1246 4207 1416 4288 oppidum

136 4317 305 4402 Episcopi
331 4314 533 4398 Augustani
558 4313 756 4394 occupavit,
782 4315 875 4393 quod
892 4313 953 4375 vix
980 4313 1098 4376 credo.
1145 4312 1344 4376 Miserrima
1360 4335 1417 4375 res

138 4425 350 4491 Germaniae
381 4435 416 4486 et
440 4423 531 4483 iusta
564 4420 632 4483 Dei
661 4420 730 4491 ira;
765 4440 830 4500 per
863 4420 1014 4482 rusticos
1041 4419 1173 4502 passim
1203 4420 1417 4482 monasteria

138 4534 266 4611 diruta,
307 4529 479 4593 ecclesiae
512 4530 775 4609 prophanatae,
815 4536 1018 4589 sanctorum
1056 4525 1226 4606 reliquiae
1264 4526 1417 4590 ludibrio

138 4640 293 4719 habitae,
320 4637 497 4700 abiectum
522 4635 726 4698 venerabile
751 4645 1008 4697 sacramentum
1024 4632 1278 4715 Eucharistiae,
1303 4635 1418 4697 clerus

139 4746 321 4829 spoliatus.
368 4745 408 4807 ln
433 4744 637 4806 civitatibus
660 4740 913 4823 imperialibus,
944 4743 1004 4804 ubi
1025 4762 1093 4804 non
1117 4750 1199 4803 sunt
1214 4740 1417 4822 seditiones,

138 4864 315 4937 augentur
337 4863 456 4914 tamen
480 4853 666 4927 haereses,
690 4848 810 4911 divina
833 4860 975 4912 cessant
1010 4846 1145 4927 officia,
1184 4847 1347 4910 monachi
1382 4856 1418 4910 et

164 4979 246 5028 Beleu,
260 4979 402 5017 nocumenta
412 4977 549 5015 Lutbmne.
1223 4952 1258 5005 3⁸2
