3330 5580
711 429 958 486 t²435&sp-o

194 578 262 657 fui;
287 581 351 644 sed
377 580 458 664 quia
482 578 596 643 visum
621 589 674 643 est
697 579 781 642 mihi
805 581 851 643 ad
876 578 1031 644 officium
1054 599 1168 643 meum
1194 593 1230 643 et
1252 575 1361 642 fidem
1374 597 1485 661 quam

195 687 335 751 Christo
372 687 519 768 eiusque
544 687 687 750 Vicario
722 688 858 767 debeo,
896 687 1097 769 pertinere,
1134 696 1173 748 ut
1196 687 1296 750 R¹¹¹¹⁸¹n
1320 687 1414 749 D¹¹‘¹¹¹
1438 685 1484 749 V.

196 793 538 858 commonefacerem
563 795 607 856 de
631 793 674 855 iis
698 793 1029 857 inconvenientibus
1051 804 1087 857 et
1101 793 1279 857 scandalis
1303 813 1399 876 quae
1432 812 1484 855 se-

193 902 254 984 qui
270 922 376 983 posse
390 901 497 964 video
511 900 539 964 si
550 897 630 963 S¹¹¹¹¹⁵
643 901 686 963 D.
700 901 743 963 N.
755 921 820 982 per
834 899 1094 982 impositionem
1107 900 1238 964 silentii
1252 901 1297 963 de
1311 920 1383 983 qua
1408 898 1483 981 agi-

194 1030 279 1089 mus,
297 1008 500 1072 hominibus
516 1007 661 1070 istarum
677 1007 831 1090 partium
852 1007 1076 1070 occasionem
1092 1006 1233 1069 dederit
1249 1005 1484 1069 existimandi

193 1136 292 1178 suam
327 1113 560 1178 Sanctitatem
596 1126 690 1177 stare
727 1134 793 1196 pro
828 1114 976 1177 Erasmo
1012 1115 1127 1197 (quem
1163 1116 1273 1177 multa
1304 1133 1484 1195 perversa

193 1223 378 1303 scripsisse
403 1222 635 1286 certissimum
659 1221 724 1304 est)
749 1221 920 1284 adversus
945 1221 1024 1284 illos
1041 1242 1190 1303 quorum
1207 1242 1319 1304 opera
1342 1220 1480 1283 factum
1510 1255 1514 1276 ι

193 1340 247 1392 est
272 1338 308 1392 et
332 1330 490 1411 quotidie
513 1328 553 1391 fit
576 1339 615 1390 ut
638 1328 850 1391 Lutheranis
882 1348 953 1391 non
987 1327 1032 1390 sit
1056 1328 1206 1391 liberum
1229 1328 1265 1391 in
1288 1327 1345 1390 his
1369 1328 1482 1410 parti·

192 1439 259 1499 bus
284 1437 402 1517 (prout
426 1437 461 1498 in
486 1435 604 1498 multis
628 1435 718 1518 aliis)
743 1455 864 1498 omnes
888 1438 1097 1498 subvertere
1133 1445 1169 1499 et
1200 1436 1235 1498 in
1260 1436 1481 1498 sententiam

192 1563 268 1605 sum
292 1544 482 1605 attrahere.
530 1541 662 1604 Credat
685 1541 769 1603 mihi
793 1541 869 1604 R¹²¹⁸
893 1541 1097 1604 Dominatio
1114 1542 1158 1605 V.
1183 1561 1254 1605 non
1279 1562 1360 1604 esse
1385 1544 1481 1604 adeo

191 1651 321 1712 multos
345 1649 380 1711 in
405 1648 460 1710 his
483 1649 645 1730 partibus
669 1648 729 1729 qui
757 1647 970 1711 Lutheranis
998 1669 1037 1711 se
1065 1648 1180 1711 libera
1202 1669 1292 1711 voce
1318 1649 1481 1711 obiicere

192 1757 305 1820 velint
329 1767 365 1819 et
388 1755 425 1818 id
448 1755 708 1819 rationabiliter
732 1755 880 1837 possint,
906 1765 943 1817 ut
959 1755 1212 1837 imponendum
1235 1756 1280 1817 sit
1295 1755 1479 1818 silentium

191 1862 319 1945 iisqui
343 1864 481 1926 adhoc
505 1863 580 1944 apti
612 1871 648 1924 et
671 1862 861 1925 voluntarii
895 1862 1133 1944 inveniuntur,
1168 1863 1479 1945 certissimumque

195 1979 249 2033 est
281 1991 351 2033 non
387 1990 494 2052 posse
528 1990 599 2032 non
632 1968 835 2050 improbare
869 1970 977 2032 multa
1014 1969 1150 2033 Erasmi
1186 1968 1245 2055 (de
1277 1969 1479 2032 intentione

100 2089 109 2107 ·
192 2077 270 2140 eius
294 2097 365 2139 non
389 2078 533 2159 loquor,
558 2096 662 2157 quam
687 2096 793 2158 spero
818 2078 948 2139 bonam
973 2078 1063 2156 esse)
1100 2097 1163 2140 eos
1197 2075 1257 2158 qui
1287 2097 1479 2158 synceram

190 2184 298 2247 fidem
322 2206 363 2247 ac
388 2184 599 2265 religionem
622 2186 788 2265 probant.
835 2183 940 2264 Quod
956 2184 985 2246 si
1009 2184 1059 2245 ita
1083 2195 1146 2260 est,
1172 2183 1274 2246 sicuti
1289 2184 1478 2247 verissime

191 2300 254 2372 est,
280 2311 342 2354 cur
365 2312 499 2372 quaeso
523 2292 760 2353 claudendum
784 2300 839 2353 est
863 2311 903 2353 os
927 2291 996 2354 illis
1020 2291 1081 2373 qui
1105 2311 1148 2354 ea
1173 2291 1207 2353 in
1232 2291 1371 2354 Erasmi
1394 2293 1475 2354 scri·

190 2399 261 2481 ptis
286 2400 470 2479 damnant,
495 2418 587 2481 quae
611 2400 657 2460 ab
681 2397 843 2460 Ecclesia
875 2407 911 2459 et
941 2419 962 2459 a
993 2398 1144 2460 veritate
1176 2399 1339 2461 damnari
1367 2399 1474 2462 mani·

189 2505 320 2568 festum
343 2514 414 2579 est;
440 2514 476 2568 et
499 2525 570 2568 non
595 2504 713 2586 potius
742 2524 865 2567 omnes
894 2504 1124 2587 permittendi
1155 2504 1214 2591 (ne
1248 2505 1365 2569 dicam
1397 2528 1473 2591 pro·

191 2610 358 2698 vocandi)
383 2623 421 2674 ut
445 2612 521 2675 sine
551 2622 718 2693 respectu
754 2631 986 2693 personarum
1021 2612 1222 2692 veritatem,
1258 2634 1365 2694 quam
1399 2635 1472 2677 sen-

189 2719 292 2801 tiunt,
316 2721 450 2802 populo
474 2719 711 2782 annuncient?
767 2718 841 2780 Aut
872 2739 964 2801 quae
996 2718 1087 2781 ratio
1118 2719 1210 2782 sinat
1241 2730 1279 2784 ut
1312 2720 1407 2784 falsa
1439 2733 1473 2784 et

190 2827 386 2908 pernitiosa
421 2826 456 2888 in
493 2826 571 2889 aliis
606 2827 836 2905 damnentur,
874 2846 945 2887 non
982 2828 1193 2889 damnentur
1228 2827 1262 2890 in
1298 2828 1472 2892 Erasmo?

192 2933 399 2997 Animamus
423 2933 600 2995 hominem
624 2934 670 2994 ad
695 2931 921 2994 scribendum
947 2944 1070 2996 contra
1096 2934 1307 3008 Lutherum;
1343 2948 1378 2999 et
1402 2937 1470 3001 iam

190 3040 296 3104 audio
335 3061 414 3104 eum
451 3050 575 3102 contra
612 3037 928 3120 Oecolampadium
966 3040 1010 3102 de
1045 3039 1267 3104 Eucharistia
1303 3045 1472 3126 scribere,

190 3150 253 3211 sed
277 3147 384 3210 timeo
409 3149 504 3229 quod
528 3149 637 3229 longe
662 3147 791 3210 melius
811 3157 905 3209 esset
922 3167 1001 3209 eum
1014 3148 1199 3211 dehortari
1213 3170 1258 3212 ne
1282 3151 1471 3233 quicquam

192 3258 286 3319 ultra
308 3255 491 3334 scriberet,
516 3254 583 3316 nisi
607 3252 700 3316 forte
717 3253 834 3315 omnia
850 3274 951 3316 saera
975 3264 1010 3316 et
1032 3275 1183 3336 syncera
1200 3277 1278 3319 esse
1295 3259 1472 3323 credimus

191 3383 281 3445 quae
305 3364 364 3425 vel
388 3364 433 3424 de
458 3360 702 3439 confessione,
735 3362 793 3422 vel
829 3360 874 3422 de
911 3359 1023 3423 libero
1054 3363 1219 3443 arbitrio,
1255 3366 1313 3427 vel
1338 3367 1384 3429 de
1410 3388 1472 3430 esu

189 3469 346 3532 carnium
382 3479 417 3532 et
453 3477 631 3551 potestate
666 3487 729 3529 seu
772 3466 808 3529 vi
842 3459 1074 3531 humanarum
1110 3471 1401 3537 constitutionum
1438 3485 1472 3537 et

190 3575 360 3639 similibus
384 3576 568 3657 scripsisse
593 3574 758 3638 cernitur.
807 3573 911 3654 Quod
941 3574 971 3637 si
996 3575 1088 3639 forte
1114 3577 1172 3639 alii
1196 3578 1300 3641 aliter
1333 3582 1379 3642 de
1411 3583 1470 3645 ho·

189 3683 291 3746 minis
315 3683 456 3765 scriptis
480 3681 652 3761 sentiunt,
682 3700 751 3767 ego
786 3682 853 3742 hoe
882 3682 997 3744 sentio
1022 3685 1118 3763 quod
1146 3685 1233 3766 dixi,
1266 3696 1374 3768 atque
1403 3691 1471 3752 hoc

191 3790 267 3851 sine
291 3789 498 3852 circuitione
530 3790 648 3852 clarae
672 3788 762 3850 R¹¹¹t⁰
782 3789 840 3849 D¹¹i
865 3788 908 3850 V.
940 3790 1116 3871 expressi;
1149 3811 1241 3872 quae
1271 3793 1347 3857 sive
1379 3798 1470 3860 haec

190 3917 268 3958 mea
304 3897 436 3978 scripta
470 3895 677 3977 probaverit
712 3895 787 3958 sive
812 3916 893 3975 non,
929 3883 1062 3977 quaeso
1099 3907 1137 3959 ut
1174 3900 1290 3962 nullus
1323 3914 1470 3981 praeter

189 4003 303 4085 ipsam
328 4024 370 4065 ea
395 4002 526 4083 videat,
564 4003 593 4065 si
629 4011 748 4065 tamen
780 4002 815 4064 in
851 4002 906 4064 his
941 4003 1103 4084 partibus
1133 4005 1265 4069 habere
1290 4008 1470 4073 desiderat

188 4110 349 4173 homines
372 4110 433 4191 qui
456 4110 641 4173 veritatem
666 4129 817 4192 syncere
842 4120 878 4171 et
901 4111 976 4173 sine
1000 4111 1083 4174 fuco
1107 4114 1153 4174 ad
1168 4110 1300 4177 Sedem
1316 4115 1470 4197 Aposto-

189 4218 292 4280 licam
316 4217 488 4289 referant;
514 4238 603 4299 quos
627 4228 724 4280 certe
748 4216 979 4298 paucissimos
1002 4217 1193 4300 inveniret,
1220 4221 1285 4283 nisi
1310 4242 1354 4285 ea
1377 4245 1469 4305 quae

188 4326 279 4386 tales
304 4325 348 4385 de
372 4323 450 4423 aliis
474 4322 688 4404 scriberent,
720 4335 858 4387 secreta
889 4337 1124 4392 remanerent.
1173 4328 1213 4390 In
1238 4349 1373 4393 summa
1398 4353 1467 4414 ego

189 4430 224 4491 in
248 4428 318 4492 fide
342 4429 532 4510 probitatis
556 4441 591 4492 et
621 4431 816 4494 nobilitatis
848 4432 938 4494 R¹¹¹⁸e
961 4434 1004 4496 Ι).
1030 4433 1073 4496 V.
1107 4456 1162 4497 me
1198 4437 1277 4499 huic
1310 4441 1468 4520 periculo

189 4536 338 4619 exposui
364 4545 512 4619 propter
536 4535 710 4599 Christum
735 4538 881 4621 eiusque
905 4539 1022 4604 fidem.
1069 4539 1184 4624 Spero
1209 4546 1304 4625 quod
1328 4545 1405 4608 R¹¹¹⁸
1424 4548 1468 4610 D.

188 4644 232 4706 V.
257 4643 362 4706 fidem
386 4647 478 4708 hanc
502 4666 615 4707 meam
646 4667 715 4708 non
748 4647 855 4710 faciet
878 4649 1023 4712 irritam.
1075 4650 1139 4713 Cui
1168 4671 1223 4714 me
1252 4652 1378 4716 iterum
1407 4657 1464 4717 hu·

188 4750 316 4816 militer
340 4753 560 4818 commendo.
607 4752 732 4815 Leodii
757 4753 907 4817 XXVII
932 4753 1099 4819 Octobris
1128 4778 1219 4841 1525.
