3330 5580
704 464 951 526 wrote-³

188 613 313 677 saltem
347 612 524 677 contraria
560 613 663 678 dictis
701 617 789 681 meis
821 637 886 699 pro
921 613 1015 679 virili
1050 634 1312 699 persuasurum.
1370 613 1478 696 Quae

188 723 286 784 Deus
311 722 378 784 scit
402 743 471 784 non
497 743 543 785 ex
568 724 640 785 ulla
664 723 806 787 sinistra
830 745 909 787 mea
932 744 1020 806 erga
1044 743 1257 806 quemquam
1279 722 1478 786 affectione

190 830 254 891 sed
279 850 324 891 ex
349 832 426 892 solo
450 827 534 891 fidei
569 832 644 892 zelo
676 832 910 912 processisse,
946 830 1014 892 etsi
1043 832 1158 893 adhuc
1184 831 1368 895 dubitetur
1405 831 1477 893 utri

189 937 299 999 nostri
323 936 359 998 in
383 939 448 999 hac
473 937 621 999 materia
650 938 869 1019 potissimum
893 937 982 1001 fides
1007 938 1169 1001 adhiberi
1193 939 1343 1018 debeat,
1376 948 1477 1020 pet0‚

189 1055 227 1105 ut
251 1044 359 1106 tacito
383 1044 565 1124 utriusque
589 1045 741 1123 nomine,
767 1066 831 1108 nec
856 1056 998 1107 ostensa
1021 1046 1089 1106 hac
1113 1065 1193 1108 mea
1217 1045 1392 1126 epistola,
1427 1045 1477 1107 in-

189 1160 393 1233 terrogetur
416 1150 588 1213 Dominus
612 1152 877 1232 BrundusinuS,
914 1172 983 1234 quo
1007 1171 1110 1214 nemo
1129 1151 1252 1213 melius
1269 1149 1391 1214 omnia
1409 1151 1478 1213 ista

190 1258 306 1335 novit,
340 1257 424 1338 quid
460 1257 537 1339 ipse
569 1259 614 1320 de
647 1259 793 1321 Erasmo
827 1258 972 1341 eiusque
1001 1257 1141 1340 scriptis
1170 1259 1300 1333 sentiat
1326 1268 1362 1320 et
1386 1269 1478 1340 puto

190 1366 284 1446 quod
310 1365 500 1446 apparebit
524 1374 603 1427 uter
627 1376 785 1428 nostrum
808 1366 950 1428 veriora
974 1365 1112 1428 dixerit.
1171 1364 1380 1428 Dominatio
1413 1365 1477 1428 ita·

191 1493 260 1553 que
293 1483 413 1534 vestra
442 1482 544 1534 curet
572 1493 617 1535 ne
647 1493 702 1535 me
733 1473 833 1535 fallat
864 1493 946 1555 spes
977 1481 1013 1535 et
1036 1471 1167 1535 fiducia
1191 1492 1294 1553 quam
1325 1472 1371 1534 de
1399 1473 1478 1535 eius

191 1579 376 1642 nobilitate
400 1578 435 1640 in
460 1580 616 1641 tenenda
646 1581 713 1640 hac
745 1579 896 1660 epistola
927 1599 1004 1641 mea
1028 1578 1194 1659 concepi,
1225 1599 1331 1660 quam
1367 1578 1478 1642 etiam

191 1707 279 1768 rogo
305 1695 342 1748 ut
366 1698 534 1767 quantum
560 1687 594 1748 in
620 1686 697 1768 ipsa
722 1698 790 1766 est,
815 1687 924 1749 faciat
948 1687 1065 1749 omnia
1088 1686 1193 1749 fidem
1219 1686 1478 1749 concernentia

192 1806 226 1857 et
242 1793 450 1874 religionem
468 1804 503 1855 et
518 1793 553 1854 in
570 1794 635 1855 has
650 1792 816 1875 regiones
833 1793 1005 1856 mittenda
1027 1792 1249 1855 exactissime
1273 1794 1476 1855 examinari

190 1901 394 1982 priusquam
408 1900 600 1978 mittantur,
617 1920 661 1962 ne
673 1900 877 1962 scandalum
890 1900 1031 1981 pariant
1047 1910 1082 1962 et
1097 1898 1214 1981 potius
1231 1899 1352 1963 obsint
1368 1920 1476 1981 quam

191 2007 338 2088 prosint,
355 2007 446 2069 sicut
462 2027 531 2089 ego
545 2007 651 2069 timeo
663 2009 707 2068 de
725 2007 820 2069 dicta
835 2006 965 2069 silentii
981 2007 1206 2088 impositione
1223 2005 1391 2087 futurum,
1410 2007 1476 2069 nisi

190 2114 383 2177 remedium
408 2114 629 2177 adhibeatur.
678 2113 817 2176 Deinde
841 2134 999 2195 suggero
1024 2114 1138 2176 eidem
1159 2113 1203 2175 V.
1229 2115 1272 2177 D.
1297 2107 1477 2195 recogitet

191 2243 271 2284 num
297 2224 427 2284 bonum
453 2234 547 2284 esset
572 2221 727 2285 scribere
753 2242 859 2284 unum
884 2223 1001 2284 Breve
1033 2223 1078 2283 ad
1108 2221 1239 2283 dictam
1272 2221 1315 2283 D.
1352 2221 1476 2283 Archi·

191 2330 366 2392 ducissam
399 2350 468 2411 quo
500 2329 763 2391 collaudaretur
794 2331 890 2391 zelus
922 2349 1006 2390 suus
1037 2347 1140 2409 quem
1174 2347 1252 2388 cum
1288 2325 1376 2388 alias
1403 2337 1475 2388 tum

192 2436 382 2498 novissime
406 2435 440 2497 in
465 2434 596 2515 insigni
621 2435 832 2498 executione
856 2434 891 2497 in
910 2435 1099 2498 Hollandia
1125 2445 1248 2496 contra
1272 2433 1476 2494 haereticos

190 2544 286 2606 facta
311 2542 583 2619 demonstravit,
617 2542 902 2624 animareturque
936 2544 981 2605 ad
1014 2541 1172 2604 similiter
1204 2538 1409 2602 faciendum
1442 2539 1475 2600 in

192 2651 354 2712 omnibus
390 2650 478 2712 locis
512 2671 575 2710 suo
612 2650 772 2730 regimini
810 2670 852 2711 ac
889 2648 1044 2711 dominio
1080 2647 1249 2710 subiectis
1290 2647 1352 2708 ubi
1386 2667 1476 2727 opus

192 2779 270 2820 esse
296 2757 449 2833 videret,
475 2756 627 2818 maxime
653 2755 891 2837 Antverpiae,
924 2755 983 2818 ubi
1017 2765 1053 2816 et
1084 2764 1166 2815 ante
1191 2765 1227 2815 et
1250 2765 1332 2834 post
1358 2773 1473 2816 meum

192 2864 354 2942 reditum,
380 2866 487 2925 multa
512 2862 669 2926 enormia
698 2885 719 2923 a
744 2862 956 2925 lutheranis
992 2873 1062 2924 tam
1099 2860 1132 2921 in
1158 2859 1309 2941 publicis
1334 2860 1473 2940 praedi·

193 2971 393 3033 cationibus
418 2992 521 3052 quam
547 2970 582 3031 in
607 2969 755 3051 privatis
786 2968 1043 3031 conventiculis
1070 2968 1106 3028 in
1132 2966 1381 3028 contumeliam
1409 2967 1474 3028 Dei

194 3090 229 3141 et
253 3077 335 3138 fidei
365 3098 449 3138 suae
480 3086 685 3157 perpetrata
718 3088 808 3139 sunt.
862 3075 906 3137 Et
939 3077 1085 3137 alterum
1120 3074 1237 3135 Breve
1267 3074 1313 3134 ad
1343 3072 1476 3135 Rmum

194 3187 236 3247 l).
263 3184 497 3246 leodiensem
522 3204 591 3264 quo
616 3183 693 3263 ipse
718 3182 877 3244 similiter
900 3184 1106 3244 laudaretur
1135 3182 1179 3244 de
1204 3201 1246 3242 eo
1271 3180 1368 3261 quod
1395 3171 1475 3242 civi·

193 3303 301 3354 tatem
342 3312 440 3354 suam
479 3291 713 3353 leodiensem
748 3301 783 3352 et
820 3290 1029 3371 temporalia
1068 3287 1253 3350 Dominica
1292 3286 1477 3350 Ecclesiae

195 3400 383 3463 Leodiensi
409 3400 586 3475 subiecta,
618 3420 709 3480 quae
742 3397 904 3480 proiecto
936 3418 1006 3459 non
1037 3397 1176 3459 modica
1200 3405 1298 3472 sunt,
1330 3405 1404 3457 tam
1429 3395 1476 3457 in-

194 3507 468 3570 contaminatam
507 3505 703 3568 servaverit
736 3515 903 3586 quantum
941 3504 987 3565 ad
1021 3504 1260 3566 Lutheranam
1297 3502 1475 3565 haeresim

195 3613 349 3675 finitimis
374 3613 576 3675 civitatibus
595 3625 630 3674 et
647 3612 734 3674 locis
757 3631 827 3673 non
853 3631 977 3692 parum
1002 3609 1062 3671 illa
1086 3609 1244 3679 infectis;
1271 3620 1307 3670 et
1329 3608 1478 3691 insuper

195 3722 397 3782 hortaretur
433 3731 470 3780 ut
501 3720 618 3781 dictae
650 3719 825 3780 Dominae
854 3737 919 3799 pro
944 3716 1194 3797 prosecutione
1219 3715 1332 3777 sancti
1358 3717 1477 3797 operis

195 3829 240 3888 ab
266 3847 308 3887 ea
331 3826 481 3907 incepti,
518 3826 683 3902 consilio,
720 3824 924 3905 auxilioque
956 3824 1028 3886 suis
1061 3844 1126 3905 pro
1159 3822 1251 3884 virili
1283 3822 1476 3885 assisteret.

198 3934 389 3996 Crederem
419 3954 487 4014 ego
517 3937 604 3996 haec
629 3932 753 3995 brevia
778 3952 846 3993 non
873 3931 958 3993 nihil
990 3931 1072 3993 boni
1102 3940 1308 4011 operatura:
1336 3931 1382 3991 de
1406 3929 1477 4011 qui·

197 4044 262 4102 bus
298 4050 415 4102 tamen
452 4040 518 4100 D⁸¹⁰
547 4040 590 4103 V.
629 4059 694 4121 pro
729 4038 902 4100 arbitratu
937 4037 1021 4099 Rmi
1058 4037 1127 4098 Dni
1166 4037 1233 4098 mei
1268 4036 1404 4098 llatarii
1444 4051 1477 4097 et

198 4168 261 4209 suo
286 4146 403 4211 saciet.
451 4146 538 4209 Mihi
564 4158 618 4208 sat
647 4157 699 4207 est
730 4144 956 4207 admonuisse
987 4145 1031 4205 de
1065 4163 1108 4205 eo
1144 4145 1238 4224 quod
1273 4142 1355 4204 mihi
1396 4164 1474 4205 con·

198 4255 318 4316 venire
342 4253 531 4317 videretur.
557 4300 616 4316 ...

287 4378 411 4440 Leodii
438 4377 570 4439 XXVI
595 4376 761 4440 Octobris
791 4397 883 4455 1525.
