3344 5564
709 413 767 476 δῦ
806 411 858 476 etc
898 407 956 475 ic*

191 561 365 629 hactenus
389 565 555 647 gesseris,
580 576 713 647 quanta
737 565 820 629 item
846 567 1030 630 alacritate
1056 577 1091 629 et
1107 561 1212 630 animi
1237 556 1365 628 ardore
1381 573 1476 647 mag-

192 694 275 735 num
309 675 574 736 lutheranorum
607 670 776 736 librorum
810 694 993 736 numerum
1021 674 1166 755 publico
1191 674 1266 754 igni
1298 673 1334 736 in
1359 674 1475 743 medio

193 781 459 860 Antwerpiensi
492 781 569 845 foro
594 783 873 844 comburendum
906 803 1020 864 nuper
1050 781 1297 862 procuraveris
1306 829 1315 861 ‚
1352 790 1388 842 et
1419 780 1476 843 isti

193 887 396 950 executioni
430 887 628 951 Caesareae
656 887 855 951 Maiestatis
888 889 1027 951 nomine
1061 898 1097 952 et
1129 888 1224 951 iussu
1258 888 1410 971 ipsemet
1441 897 1476 950 et

193 994 394 1076 praefueris
419 1003 454 1057 et
478 995 521 1057 ad
540 994 646 1058 finem
670 1015 782 1076 usque
799 994 1089 1076 conflagrationis
1104 994 1317 1075 interfueris,
1342 995 1475 1077 optimo

194 1110 230 1164 et
254 1101 406 1164 maxime
427 1102 572 1164 salutari
589 1101 809 1183 simplicibus
827 1101 1010 1165 animabus
1032 1104 1207 1184 exemplo,
1248 1102 1477 1185 Quapropter

195 1229 265 1271 non
290 1229 477 1290 possumus
500 1229 571 1271 non
596 1208 660 1270 tibi
684 1209 853 1290 plurimas
877 1209 1012 1292 gratias
1036 1230 1163 1291 agere,
1188 1219 1295 1291 teque
1320 1219 1355 1271 et
1379 1218 1475 1272 tuum

194 1316 287 1378 istud
323 1316 582 1378 sanctissimum
617 1317 841 1398 propositum
876 1318 1125 1379 commendare
1170 1327 1205 1379 et
1240 1315 1335 1379 mille
1369 1319 1474 1379 bene-

196 1422 409 1485 dictionibus
433 1422 612 1505 prosequi.
660 1423 855 1486 Hortamur
879 1424 985 1486 etiam
1016 1433 1051 1486 te
1076 1425 1111 1486 in
1136 1424 1289 1488 Domino
1315 1433 1350 1485 et
1374 1443 1475 1505 roga·

196 1551 270 1592 mus
304 1540 342 1593 ut
366 1531 663 1613 quemadmodum
696 1531 822 1613 cepisti
850 1531 899 1593 ita
923 1533 1043 1594 facere
1076 1551 1303 1613 perseveres,
1339 1530 1475 1612 tibique

194 1639 412 1719 persuadeas
443 1647 587 1720 praeter
611 1638 804 1726 praemium
835 1641 931 1719 quod
956 1638 1020 1700 tibi
1050 1639 1108 1700 vel
1140 1640 1186 1700 ob
1217 1639 1308 1700 hanc
1333 1658 1476 1701 causam

194 1743 384 1805 maximum
416 1743 451 1807 in
477 1744 585 1806 caelis
617 1755 779 1825 paratur,
815 1744 889 1807 Nos
914 1756 1142 1826 sanctamque
1175 1745 1266 1807 hanc
1291 1745 1412 1807 sedem
1446 1743 1476 1805 si

195 1851 337 1932 quando
361 1870 426 1912 usu
451 1851 612 1930 eveniat,
638 1859 698 1913 tuo
722 1861 876 1932 tuaeque
899 1852 1055 1915 familiae
1080 1851 1206 1915 honori
1231 1852 1416 1914 commodo
1441 1858 1477 1913 et

195 1957 360 2037 dignitati
384 1978 606 2039 nequaquam
631 1957 825 2021 defuturos.
875 1961 956 2021 Dat.
981 1960 1121 2022 Romae
1147 1968 1212 2022 etc.

790 2421 862 2484 114.

514 2537 902 2619 vicecancellarius
930 2537 1148 2618 Alcandrc.

637 2676 779 2747 (Nuntiat.
799 2676 924 2734 German
942 2676 972 2734 1a
991 2676 1042 2745 lt.)

691 2799 725 2858 (3.
746 2797 860 2858 Augusti
884 2794 970 2862 1521.)

284 2920 446 2983 Havemo
471 2921 505 2982 la
521 2927 643 2982 vostra
660 2921 705 2982 de
721 2919 829 2986 XIX.
852 2922 911 2983 del
926 2932 1071 3002 passato
1096 2930 1131 2983 et
1146 2922 1237 2983 altro
1254 2942 1323 2984 non
1341 2922 1474 2985 accade

194 3048 231 3090 se
255 3049 326 3090 non
352 3028 505 3109 replicat
529 3027 553 3090 il
579 3030 777 3107 medesmo,
812 3028 887 3090 ciod
912 3031 1141 3091 commendat
1164 3049 1304 3109 sempre
1328 3029 1474 3110 l'opera

194 3144 229 3196 et
251 3135 287 3197 in
313 3135 435 3216 primis
459 3135 543 3197 fede
567 3145 603 3197 et
627 3144 819 3198 constanza
843 3145 973 3199 vostra.

282 3241 385 3304 Nelle
409 3263 491 3305 cose
516 3242 574 3305 del
599 3262 754 3305 vescovo
780 3241 815 3304 di
840 3243 998 3306 Traietto
1024 3244 1052 3306 si
1076 3244 1191 3306 scrive
1216 3245 1248 3306 al
1267 3244 1473 3307 Caracciolo

194 3358 228 3409 et
251 3348 295 3412 N.
320 3347 372 3409 8¹⁸
396 3369 457 3411 era
488 3371 509 3411 a
532 3359 624 3411 tutto
657 3348 914 3431 dispostissimo
946 3349 974 3413 si
1002 3372 1068 3432 per
1091 3361 1249 3432 respetto
1282 3353 1376 3414 della
1399 3353 1473 3433 giu·

194 3455 299 3534 stitia,
324 3460 351 3517 si
376 3476 441 3537 per
465 3477 564 3519 amor
588 3458 682 3519 della
699 3456 853 3519 Cesarea
872 3457 1009 3520 Maesta
1034 3460 1103 3520 3113
1127 3458 1231 3539 quale
1255 3479 1324 3521 non
1349 3459 1377 3520 si
1401 3461 1472 3540 pud

195 3561 253 3643 piu
288 3581 400 3642 negar
425 3583 508 3625 cosa
541 3564 678 3625 alcuna.
727 3563 772 3624 Vi
798 3563 826 3626 si
851 3567 1027 3628 mandano
1061 3566 1130 3627 due
1154 3565 1273 3644 brevi,
1310 3585 1379 3627 uno
1408 3586 1473 3646 per

194 3667 214 3729 l'
229 3668 431 3731 absolution
457 3670 491 3731 di
517 3670 598 3751 quei
624 3672 691 3731 due
716 3671 763 3733 da
783 3670 1028 3752 Norimberga,
1053 3672 1179 3734 l'altro
1203 3692 1268 3755 per
1292 3670 1473 3751 gratificat

196 3777 276 3856 quel
310 3775 401 3838 frate
435 3777 481 3838 da
505 3777 563 3838 voi
587 3780 916 3860 raccommandat0‚
954 3781 1018 3841 che
1051 3781 1164 3861 perho
1188 3778 1231 3841 N.
1256 3778 1308 3840 Sffl
1332 3799 1402 3841 non
1426 3780 1473 3841 ha

195 3884 314 3944 voluto
340 3884 625 3964 concederglielo
654 3903 719 3964 per
743 3884 802 3964 piu
828 3885 895 3948 che
918 3906 982 3966 per
1006 3906 1076 3947 uno
1101 3906 1194 3947 anno
1218 3894 1253 3947 et
1277 3906 1315 3946 se
1340 3884 1369 3946 si
1392 3905 1470 3967 por-

195 3989 268 4050 tera
302 3991 371 4051 ben
398 4011 555 4071 sempre,
588 3990 661 4053 Sua
685 3989 825 4053 Santita
860 3992 894 4054 di
919 4013 1012 4054 novo
1044 3995 1078 4054 lo
1104 3991 1341 4073 gratifichera.
1389 3993 1470 4056 Dat.

196 4117 239 4157 ex
263 4096 444 4159 Florentia
469 4097 519 4159 111
544 4099 698 4178 Augusti
723 4099 904 4160 MDXXI.
