3330 5580
857 903 931 968 216.

424 1020 584 1100 Glemona
612 1020 690 1100 VII.
719 1020 944 1100 Fordinando
972 1018 1373 1100 116111161111611116.

384 1168 477 1238 (016111.
496 1167 542 1225 Vl.
562 1168 649 1241 1111111.
670 1168 707 1226 111
724 1168 862 1241 1111111611
880 1183 931 1242 per
951 1166 1114 1225 1111161111
1132 1167 1257 1240 scriptae
1275 1165 1321 1224 111
1340 1167 1410 1237 151)
1443 1214 1446 1218 ,

776 1286 827 1354 (29.
850 1288 914 1336 Maii
938 1294 1023 1350 1525.)

346 1429 484 1492 Dilecte
508 1430 558 1491 fili
589 1441 654 1491 etc.
703 1430 820 1492 Lectis
852 1429 976 1492 litteris
1008 1431 1094 1509 tuis,
1130 1423 1223 1511 quae¹
1254 1431 1299 1492 de
1332 1429 1549 1492 tumultibus

261 1535 464 1619 agrestium,
490 1548 525 1599 et
549 1548 681 1617 quanto
707 1537 740 1598 in
768 1538 926 1619 periculo
941 1536 1117 1599 Nobilitas
1141 1547 1201 1599 tua
1218 1548 1422 1600 versaretur
1439 1536 1550 1598 nobis

256 1645 483 1723 nunciabant,
509 1665 593 1706 sane
612 1664 677 1725 pro
696 1665 749 1724 e0,
774 1643 864 1706 sicut
885 1645 1080 1722 debuimus,
1104 1646 1270 1707 commoti
1286 1644 1434 1714 fuimus:
1463 1666 1548 1707 nam

257 1763 292 1813 et
317 1751 500 1831 dignitatis
525 1761 631 1831 atque
657 1751 877 1813 auctoritatis
903 1764 984 1814 tuae
1009 1753 1234 1814 conservatio
1260 1762 1295 1815 et
1317 1755 1413 1815 salus
1433 1753 1548 1815 totius

256 1856 490 1920 Germanicae
512 1858 685 1938 Nationis,
711 1879 814 1939 quam
840 1861 1086 1940 prolabentem
1111 1870 1146 1921 et
1171 1862 1216 1921 ad
1241 1859 1420 1921 interitum
1447 1858 1546 1922 incli-

257 1977 375 2027 natam
393 1975 592 2027 sustentare
617 1967 732 2045 quoad
750 1987 935 2047 possumus
960 1986 1078 2028 sumus
1099 1966 1228 2047 cupidi,
1255 1985 1419 2048 magnam
1438 1965 1547 2028 nobis

257 2092 377 2135 curam
408 2072 623 2151 iniecerunt,
659 2084 696 2133 ut
728 2073 807 2134 ‘ribi
840 2094 908 2135 non
942 2077 1145 2136 deessemus
1178 2086 1299 2137 nostra
1330 2094 1401 2154 ope
1434 2083 1545 2156 atque

257 2179 401 2259 auxili0,
427 2188 534 2260 atque
559 2179 593 2240 in
618 2180 781 2242 maximis
806 2180 935 2242 nostris
960 2191 995 2242 et
1015 2179 1117 2243 Sedis
1133 2181 1365 2262 Apostolicae
1391 2180 1544 2243 difficul-

258 2285 401 2366 tatibus,
427 2307 515 2367 quas
539 2285 604 2347 tibi
629 2308 706 2348 esse
731 2287 930 2349 notissimas
955 2287 1098 2366 scimus,
1124 2286 1256 2368 aliquid
1281 2298 1399 2349 tamen
1426 2308 1545 2351 corra-

258 2394 431 2472 deremus,
456 2413 525 2474 quo
551 2404 587 2454 tu
612 2394 741 2456 amoris
766 2393 876 2455 nostri
901 2405 936 2456 et
960 2394 1067 2455 studii
1092 2395 1136 2456 de
1161 2405 1222 2457 tua
1246 2395 1359 2456 salute
1384 2395 1545 2457 testimo·

257 2501 352 2563 nium
384 2503 518 2563 habere
551 2502 717 2582 locuplex
749 2521 883 2582 posses
931 2501 969 2563 In
1010 2520 1080 2581 quo
1111 2500 1175 2561 tibi
1206 2500 1363 2563 subsidio
1397 2503 1545 2584 conqui-

259 2609 369 2670 rendo
393 2609 579 2689 praeclara
603 2608 768 2670 voluntas
783 2607 874 2669 Ven.
899 2607 1046 2669 fratrum
1063 2616 1261 2669 nostrorum
1282 2608 1317 2669 S.
1336 2609 1382 2669 R.
1401 2609 1441 2670 E.
1461 2608 1545 2672 Car·

259 2716 428 2778 dinalium
453 2713 580 2793 extitit,
605 2735 752 2795 quorum
775 2717 955 2777 assensum
973 2714 1107 2795 aliquot
1129 2735 1173 2775 ex
1195 2714 1339 2795 reliquis
1356 2716 1548 2779 ordinibus

259 2823 457 2902 consecuti,
495 2843 665 2884 summam
696 2824 873 2903 quandam
898 2821 1070 2903 pecuniae
1101 2824 1166 2884 sub
1190 2822 1260 2883 fide
1285 2832 1408 2883 nostra
1432 2823 1546 2886 liben-

260 2929 355 2992 tibus
380 2929 506 2992 animis
530 2928 755 2991 contribuere
779 2928 927 3010 polliciti
952 2940 1043 3008 sunt,
1068 2949 1183 3009 neque
1200 2929 1292 2991 enim
1308 2928 1412 2990 aliter
1436 2950 1546 3010 quam

260 3058 305 3099 ex
330 3038 464 3100 tributo
489 3045 525 3099 et
549 3046 668 3098 mutuo
685 3034 811 3098 confici
831 3057 889 3098 res
906 3036 1036 3117 potuit;
1055 3056 1098 3098 eo
1115 3038 1305 3099 deventum
1324 3046 1377 3098 est
1393 3050 1548 3118 propter

261 3143 480 3206 calamitates
509 3143 730 3225 superiorum
762 3155 977 3225 temporum,
1003 3154 1040 3204 ut
1069 3141 1186 3205 Sedes
1215 3143 1425 3223 Apostolica
1450 3165 1547 3226 quae

258 3262 340 3313 ante
365 3250 545 3332 oppressis
570 3250 697 3312 iniuste
720 3250 945 3331 Principibus
970 3250 1165 3312 liberaliter
1189 3250 1434 3328 subveniebat,
1460 3253 1545 3316 alie·

262 3379 340 3420 narn
367 3378 457 3419 nunc
483 3358 561 3438 ipsa
585 3378 689 3439 opem
714 3367 749 3419 et
774 3357 1023 3420 liberalitatem
1049 3368 1241 3439 expectare
1266 3369 1426 3440 cogatur.
1478 3359 1547 3423 Ita-

264 3486 331 3546 que
364 3464 542 3547 descripta
573 3476 652 3527 sunt
681 3466 848 3527 continuo
884 3465 962 3526 XX
1000 3465 1096 3527 milia
1136 3485 1323 3527 aureorum
1355 3485 1447 3545 quae
1480 3466 1547 3530 tibi

264 3573 342 3634 istic
367 3574 538 3635 solvenda
553 3572 797 3634 mandavimus
813 3572 870 3634 hic
886 3581 1011 3653 postea
1029 3572 1168 3635 Romae
1184 3592 1250 3652 per
1265 3592 1330 3634 nos
1346 3571 1547 3653 reddenda,

263 3679 540 3760 conabimurque
565 3679 698 3760 aliquid
731 3679 881 3761 amplius
911 3679 1016 3741 etiam
1046 3679 1174 3741 deinde
1205 3699 1332 3759 parare
1364 3679 1392 3741 si
1423 3691 1545 3744 tamen

262 3790 416 3869 probare
442 3797 477 3849 et
506 3788 696 3849 ostendere
727 3787 946 3868 potuerimus
976 3787 1029 3848 his
1061 3785 1120 3867 qui
1149 3786 1376 3848 contribuunt
1406 3807 1477 3849 non
1510 3788 1545 3850 in

262 3915 327 3957 nos
351 3894 447 3955 solos
471 3903 583 3955 totum
607 3914 696 3955 onus
727 3893 895 3956 reiectum
934 3914 1031 3972 esse,
1068 3895 1130 3954 sed
1163 3903 1197 3954 et
1222 3892 1350 3954 Nob¹⁴³m
1378 3903 1475 3956 tuam
1511 3908 1546 3957 et

262 4010 425 4063 coeteros
448 3999 662 4064 Germaniae
688 4001 872 4083 Principes
896 4021 961 4081 pro
987 4021 1049 4062 sua
1081 4002 1193 4062 salute
1226 4011 1260 4062 et
1285 4000 1460 4082 dignitate
1493 4023 1544 4065 re·

262 4109 407 4170 tinenda
436 4129 548 4188 aeque
573 4129 614 4169 ac
640 4129 703 4170 nos
728 4118 763 4170 et
787 4110 951 4170 laborare
976 4121 1010 4169 et
1035 4107 1207 4170 conferre.
1255 4107 1345 4170 Nam
1370 4109 1466 4189 quod
1491 4129 1543 4172 or·

263 4215 336 4278 dini
360 4216 602 4278 ecclesiastico
628 4215 662 4277 in
687 4215 763 4277 istis
796 4215 1002 4294 regionibus
1033 4214 1247 4296 periclitanti
1279 4215 1543 4295 subveniamuS,

263 4322 447 4384 videamur
482 4321 631 4384 forsitan
666 4342 741 4384 rem
778 4321 1004 4404 profligatam
1044 4321 1213 4391 curaturi;
1250 4321 1411 4384 audimus
1451 4323 1544 4386 enim

262 4429 393 4511 passim
409 4429 527 4491 omnia
542 4431 766 4490 sacerdotum
783 4429 869 4508 iura,
894 4429 1088 4507 commoda,
1114 4439 1332 4508 ornamenta,
1355 4429 1543 4511 impiorum

262 4535 380 4616 potius
404 4535 553 4597 avaritia
577 4555 681 4616 quarn
705 4535 797 4598 iusto
818 4536 911 4616 odio,
930 4537 1087 4616 praedae
1112 4545 1146 4597 et
1171 4535 1361 4616 direptioni
1379 4536 1545 4619 exposita

263 4643 383 4723 fuisse,
408 4642 442 4705 in
469 4663 538 4723 quo
563 4642 731 4705 mittimus
754 4642 917 4705 iniuriam
941 4641 1072 4704 factam
1101 4641 1334 4722 omnipotenti
1358 4642 1458 4723 Deo,
1488 4642 1542 4705 cui

263 4771 340 4812 cum
366 4753 411 4813 ab
436 4749 571 4831 ignaris
596 4750 701 4812 etiarn
731 4753 813 4813 dum
845 4770 952 4811 verae
982 4747 1065 4809 fidei
1098 4748 1265 4830 gentibus
1295 4747 1324 4810 is
1356 4751 1542 4828 coleretur,

263 4866 339 4920 erat
363 4868 479 4919 tamen
505 4854 610 4918 tertia
633 4855 709 4917 fere
733 4876 817 4937 pars
841 4856 1058 4918 terrestrium
1083 4875 1189 4936 opum
1214 4857 1249 4917 in
1275 4856 1371 4936 agris
1400 4865 1436 4918 et
1463 4876 1543 4938 pos·
