3330 5580
736 433 981 494 0-0277&

195 590 286 651 altro
310 585 480 666 remedio,
504 584 661 647 secondo
686 585 803 667 quello
828 605 941 666 pocco
966 588 1031 649 che
1056 589 1103 649 bo
1127 599 1275 669 possuto
1297 609 1476 672 compren-

195 697 281 758 dere
315 713 382 777 per
412 690 638 774 experientia
666 710 786 754 essere
820 694 1021 755 necessario
1053 697 1123 757 alla
1146 698 1234 758 total
1260 698 1475 781 extirpation

197 803 231 865 di
257 811 384 884 questa
408 798 558 878 heresia,
593 799 687 861 della
711 799 793 879 qual
819 800 953 862 anchor
977 802 1043 862 cbe
1072 800 1206 865 restino
1230 824 1296 885 per
1320 806 1403 885 ogni
1428 807 1474 868 lu·

195 931 262 972 oco
285 908 439 990 qualche
462 904 611 986 reliquie
635 905 695 987 piu
720 925 785 987 per
808 906 830 967 l'
844 905 927 969 odio
952 906 988 968 di
1011 907 1131 969 Roma
1155 918 1191 970 et
1215 910 1273 972 del
1288 911 1385 973 clero
1410 914 1475 975 che

196 1037 260 1098 per
283 1012 517 1095 savoreggiar
541 1032 562 1074 a
585 1012 729 1090 Luther,
754 1011 969 1075 nondimeno
994 1013 1079 1094 ogni
1104 1017 1139 1077 dl
1163 1016 1223 1097 piu
1249 1017 1279 1080 si
1304 1019 1475 1102 extingue

194 1142 259 1204 per
290 1122 325 1183 la
355 1118 472 1202 gratia
504 1120 548 1181 de
572 1118 642 1181 Dio
674 1120 806 1201 perche
839 1119 874 1182 in
908 1139 995 1182 vero
1019 1140 1090 1182 non
1115 1122 1133 1183 ὲ
1158 1123 1306 1204 possibil
1331 1126 1476 1189 resister

194 1229 254 1293 all'
279 1226 449 1291 auttorita
472 1224 670 1307 apostolica
694 1236 730 1288 et
753 1245 899 1290 cesarea
929 1226 1028 1289 unite
1058 1227 1203 1292 insieme
1227 1232 1414 1311 presertim
1437 1233 1472 1295 in

194 1356 303 1400 causa
325 1343 398 1397 tam
422 1343 556 1396 sancta.

285 1441 409 1523 Hoggi
431 1442 479 1504 ho
503 1440 620 1503 inteso
635 1459 733 1502 esser
757 1438 912 1502 arrivato
936 1460 1006 1502 uno
1030 1440 1136 1504 homo
1160 1445 1327 1506 mandato
1353 1446 1410 1508 dal
1434 1468 1473 1509 re

194 1551 230 1613 di
248 1549 459 1630 Portugallo
484 1567 550 1609 con
576 1547 703 1609 lettere
727 1546 784 1608 all'
809 1546 1002 1627 imperator
1027 1556 1062 1610 et
1086 1548 1109 1609 li
1133 1548 1284 1632 principi
1309 1551 1391 1614 dell'
1409 1553 1471 1616 Im·

192 1657 295 1740 perio
319 1664 444 1719 contra
468 1663 594 1736 questa
617 1652 767 1716 heresia.
814 1653 852 1717 Io
869 1656 982 1734 perhd
1007 1675 1077 1716 non
1102 1656 1122 1716 l'
1137 1657 1184 1717 ho
1207 1677 1316 1719 ancor
1340 1660 1472 1722 veduto

192 1765 325 1847 perche
349 1762 408 1845 gib
432 1770 487 1823 tre
511 1758 546 1822 dl
570 1758 674 1822 stomi
697 1759 733 1821 in
758 1779 842 1823 casa
866 1779 886 1821 a
910 1759 966 1822 far
981 1759 1183 1842 imprimere
1207 1762 1231 1825 li
1255 1766 1413 1827 mandati
1435 1766 1471 1829 in

191 1870 408 1952 fiammengo
439 1875 476 1929 et
509 1866 672 1929 francese
697 1874 733 1928 et
761 1865 817 1928 far
846 1866 981 1928 scriver
1009 1866 1149 1929 diverse
1173 1870 1412 1934 substitutioni
1437 1873 1472 1936 di

191 1976 304 2060 quelli
327 1977 393 2039 che
416 1976 511 2037 lasso
535 1994 600 2055 per
624 1973 791 2035 absolvet
815 1972 922 2054 quelli
946 1974 1013 2035 che
1037 1993 1213 2036 verranno
1237 1994 1258 2037 a
1274 1977 1472 2058 penitentia

190 2105 259 2167 per
281 2084 394 2147 havet
417 2080 494 2144 letti
518 2080 542 2142 li
566 2079 647 2142 libri
672 2078 707 2141 di
732 2080 865 2141 Luther
898 2100 919 2141 0
950 2080 1136 2161 prestatoli
1169 2081 1286 2161 favor,
1320 2094 1355 2146 et
1384 2087 1472 2167 perd

189 2211 281 2256 sono
304 2189 431 2252 irretiti
455 2188 490 2251 in
515 2208 663 2251 censure
687 2187 896 2268 gravissime
914 2197 949 2250 et
964 2209 1052 2250 sono
1069 2200 1167 2252 certo
1182 2190 1216 2251 in
1235 2193 1472 2271 grandissimo

190 2317 357 2370 numero;
382 2316 488 2378 spero
513 2297 640 2358 deman
666 2315 763 2371 esser
786 2315 852 2356 con
879 2295 977 2357 detto
1001 2297 1107 2357 homo
1132 2297 1177 2357 de
1191 2296 1411 2380 Portuga110‚
1437 2310 1471 2363 et

189 2403 219 2466 si
258 2402 462 2485 besognari
500 2401 556 2464 sar
593 2403 720 2464 alcuna
757 2421 858 2482 cosa,
897 2401 926 2463 si
961 2401 1048 2463 dara
1081 2403 1201 2465 debita
1232 2405 1471 2486 expeditione.

191 2511 236 2576 A.
261 2511 305 2573 V.
331 2508 369 2573 S.
394 2510 494 2573 lllma
517 2511 606 2571 baso
631 2510 664 2571 le
688 2509 794 2571 mani.

793 2980 866 3043 lll.

556 3096 882 3178 vicecancellarius
910 3097 1097 3178 Alcandrc.

626 3243 768 3313 mandet
788 3243 914 3303 German
933 3242 965 3300 Ῑι.
984 3243 1035 3311 la.)

700 3360 754 3430 (27.
773 3362 839 3426 Julii
863 3360 949 3429 1521.)

278 3488 441 3552 Havemo
465 3488 501 3549 la
523 3494 644 3549 vostra
668 3487 714 3549 de
737 3485 793 3548 IX
819 3485 877 3547 del
900 3485 1001 3548 Mese
1025 3487 1081 3548 col
1105 3487 1196 3550 libro
1221 3499 1344 3552 contro
1362 3490 1469 3554 Frate

190 3593 392 3658 Ambrosio
440 3592 483 3657 N.
509 3589 545 3655 S.
579 3592 788 3655 commenda
812 3592 846 3653 in
880 3600 971 3653 tutto
1002 3591 1026 3655 il
1051 3593 1182 3674 studio,
1222 3595 1409 3676 diligentia
1434 3608 1469 3660 et

188 3721 302 3784 opera
325 3709 447 3765 vostra
471 3719 571 3763 come
595 3703 641 3763 ha
664 3700 754 3762 fatto
779 3720 929 3783 sempre.
976 3699 1023 3762 Vi
1047 3699 1075 3762 si
1093 3703 1269 3764 mandano
1295 3705 1363 3766 due
1387 3703 1467 3767 altri

188 3808 269 3871 libri
294 3809 329 3872 di
355 3808 446 3871 frate
470 3807 662 3870 Ambrosio
687 3826 786 3868 corne
811 3805 989 3882 chiedete,
1019 3816 1054 3869 et
1078 3809 1196 3887 quello
1220 3809 1349 3873 havete
1373 3831 1466 3872 man·

189 3916 273 3979 dato
297 3915 326 3978 si
351 3914 370 3978 ἑ
396 3915 479 3976 dato
503 3934 524 3975 a
547 3913 606 3978 lui.
654 3913 890 3975 Perseverate
907 3911 1106 3975 virilmente
1131 3917 1287 3977 secundo
1312 3917 1346 3978 lo
1370 3916 1465 3979 insti-

190 4032 263 4085 tuto
287 4030 410 4084 vostro
434 4020 480 4083 fin
506 4021 573 4083 che
596 4028 688 4082 state
713 4019 748 4080 di
772 4018 807 4082 la
831 4018 866 4079 di
891 4018 1051 4099 extirpar
1079 4019 1112 4081 in
1138 4031 1230 4084 tutto
1255 4024 1374 4104 quella
1397 4045 1465 4086 ma·

189 4128 324 4192 ledetta
348 4127 481 4190 zizania
505 4126 604 4189 accio
628 4126 785 4207 possiate
801 4125 977 4205 riportare
993 4123 1028 4187 in
1046 4145 1116 4207 qua
1132 4128 1247 4190 solida
1264 4130 1308 4190 ed
1325 4130 1465 4210 integra

188 4235 339 4299 vittoria.
388 4234 433 4296 Et
464 4236 558 4297 bene
589 4234 716 4295 valete.
764 4231 967 4294 Florentiae
992 4231 1144 4296 XXVII
1172 4234 1254 4313 Julii
1282 4235 1464 4301 MDXXI.

722 4532 925 4544 mmmm
