3330 5580
709 468 766 529 es
805 468 858 530 rte
896 468 954 528 ee

192 618 379 685 elesiarum
403 639 444 684 ac
469 620 760 685 monasteriorum
786 623 990 686 eversiones
1015 642 1093 687 cum
1116 623 1290 687 bonorum
1311 619 1478 706 direptio·

192 729 295 791 nibus
310 728 431 790 utiam
449 749 551 791 omne
575 731 703 792 malum
729 750 794 811 pro
819 730 1092 811 uniuscuiusque
1108 731 1255 794 libidine
1279 743 1317 794 et
1334 731 1485 794 sceleris

192 856 306 917 genus
330 857 376 897 ex
401 836 470 898 illis
495 836 702 917 regionibus
726 837 884 899 auditum
908 836 1014 899 fuerit
1039 850 1074 899 et
1098 837 1211 902 indies
1235 839 1423 918 audiatur,
1447 850 1484 900 et

192 945 361 1026 precipue
386 944 422 1006 id
447 945 541 1025 quod
565 945 610 1005 ad
641 942 881 1005 ecclesiastice
916 943 1099 1025 dignitatis
1131 946 1233 1008 simul
1262 959 1299 1008 et
1328 946 1483 1009 auctori·

193 1051 276 1113 tatis
301 1051 570 1131 oppressionem
594 1050 782 1111 manifeste
806 1050 937 1131 tendit,
962 1051 1045 1132 quin
1070 1051 1175 1115 etiam
1205 1055 1300 1134 quod
1327 1053 1486 1135 amplius

193 1170 246 1221 est
271 1168 306 1219 et
329 1157 470 1219 minime
494 1159 688 1219 verendum
714 1168 810 1236 erat,
842 1159 967 1220 eadem
992 1158 1119 1220 seditio
1143 1158 1309 1240 idemque
1334 1163 1486 1222 morbus

192 1264 343 1345 patriam
368 1264 470 1327 istam
496 1275 531 1326 et
556 1264 759 1327 comitatum
789 1265 1021 1346 Tyrolensem
1054 1265 1243 1329 novissime
1278 1264 1415 1329 invasit
1449 1279 1486 1329 et

193 1371 300 1432 veluti
327 1392 373 1434 ex
398 1374 550 1452 quadam
576 1370 693 1433 subita
717 1372 981 1452 conspiratione
1012 1392 1124 1453 usque
1148 1374 1193 1435 ad
1218 1372 1332 1453 ipsam
1358 1373 1485 1435 civita·

192 1490 262 1540 tem
287 1478 531 1540 'fridentinam
557 1478 790 1558 permanavit,
817 1479 861 1540 de
886 1499 956 1559 qua
980 1490 1078 1541 certo
1102 1499 1227 1560 parum
1252 1479 1370 1542 abfuit
1398 1500 1485 1561 quo·

193 1585 305 1647 minus
330 1585 537 1647 audirentur
561 1605 629 1666 que
654 1584 739 1646 alibi
771 1593 911 1665 patrata
943 1584 1155 1650 referuntur.
1203 1586 1326 1649 Voluit
1359 1597 1485 1650 tamen

195 1692 291 1752 Deus
316 1689 550 1772 Omnipotens
575 1691 642 1753 mei
668 1701 702 1753 et
727 1713 884 1755 meorum
909 1693 1090 1773 aliquanto
1114 1692 1272 1755 misereri
1297 1705 1337 1755 ut
1361 1714 1486 1774 neque

194 1800 288 1878 apud
313 1818 437 1859 omnes
460 1798 689 1862 Tridentinus
713 1820 756 1861 ea
781 1802 881 1862 labes
905 1801 1158 1878 invalesceret,
1190 1819 1305 1879 neque
1330 1801 1487 1862 ulterius

198 1924 307 1985 usque
333 1906 437 1966 modo
462 1916 633 1986 serperet,
658 1909 703 1968 ad
728 1927 832 1987 quam
857 1907 1157 1988 comprimendam
1182 1906 1272 1968 sicut
1287 1904 1484 1969 Serenissi-

195 2032 271 2073 mus
282 2012 453 2094 Princeps
462 2032 607 2095 operam
624 2033 742 2076 curam
761 2025 796 2075 et
809 2034 912 2076 omne
924 2014 1076 2076 studium
1092 2033 1192 2075 suum
1207 2013 1487 2095 diligentissime

196 2139 337 2200 semper
369 2119 506 2181 navarit
539 2119 588 2182 ita
616 2121 924 2201 impresentiarum
958 2122 1140 2183 oculorum
1170 2120 1324 2183 maxime
1358 2123 1486 2184 studet

193 2234 299 2306 atque
313 2227 506 2306 contendit,
534 2230 624 2290 adeo
649 2237 686 2290 ut
706 2249 812 2309 quum
837 2228 1121 2310 religiosissimus
1145 2238 1180 2290 et
1204 2227 1304 2290 simul
1331 2227 1482 2309 pientis-

191 2336 299 2395 simus
323 2354 463 2415 semper
486 2334 592 2396 fuerit
619 2333 793 2416 Sedisque
824 2335 1032 2416 Apostolice
1069 2334 1363 2413 studiosissimus,
1402 2336 1481 2398 iam

194 2441 346 2502 maxime
361 2440 480 2521 cupiat
493 2441 642 2523 intelligi
657 2463 735 2504 sese
749 2442 843 2505 vires
857 2462 1014 2523 quasque
1024 2463 1106 2504 suas
1120 2441 1305 2504 intendere
1319 2434 1366 2504 ad
1385 2443 1485 2505 hanc

194 2547 404 2609 seditionem
430 2548 716 2610 labefactandam
750 2561 785 2610 et
809 2550 1065 2622 cohibendam,
1098 2549 1148 2611 sic
1177 2549 1371 2611 arbitratus
1402 2549 1485 2612 fieri

193 2663 230 2714 ut
263 2652 471 2716 beneficium
498 2675 602 2734 quam
633 2655 822 2717 maximum
853 2655 939 2716 Sedi
970 2656 1180 2736 Apostolice
1212 2665 1247 2717 et
1275 2654 1485 2719 Christiane

196 2761 378 2841 religionis
403 2783 424 2823 a
448 2783 486 2823 se
511 2763 674 2824 collatum
703 2784 780 2824 esse
806 2773 1002 2825 censeatur.
1037 2763 1123 2843 Quis
1139 2762 1231 2825 enim
1247 2763 1343 2824 haud
1369 2762 1484 2843 videt,

194 2868 361 2929 comitatu
410 2868 597 2950 Tyrolensi
651 2871 884 2931 tumultuante
939 2884 973 2932 et
1019 2870 1073 2931 his
1111 2869 1196 2951 ipsis
1242 2867 1485 2932 seditionibus

194 2977 461 3053 succumbente,
493 2975 576 3036 inde
606 2974 697 3037 viam
727 2976 857 3057 aperiri
891 2977 937 3037 ad
973 2996 1130 3057 quasque
1163 2976 1344 3058 proximas
1375 2975 1484 3039 Italie

194 3091 313 3162 partes
338 3081 397 3142 ubi
423 3101 550 3162 nempe
576 3102 682 3144 cause
708 3084 832 3144 eedem
856 3086 912 3144 vel
939 3082 1090 3144 maiores
1114 3082 1194 3144 illos
1211 3084 1407 3164 populares
1434 3084 1482 3145 ad

193 3187 385 3250 seditiones
408 3188 607 3250 huiusmodi
632 3189 863 3267 suscitandas,
888 3201 925 3250 ut
949 3191 1044 3267 alibi,
1068 3189 1218 3251 invitare
1234 3191 1408 3269 possunt?
1442 3189 1482 3251 Si

197 3295 337 3374 quidem
364 3294 398 3356 in
424 3295 518 3357 omni
543 3296 646 3373 malo,
672 3306 707 3357 et
732 3296 766 3357 in
792 3297 859 3357 hoc
884 3296 1057 3373 maxime,
1082 3315 1146 3357 usu
1175 3295 1273 3357 venit
1301 3305 1338 3356 ut
1362 3295 1482 3375 primo

195 3402 396 3463 inchoatum
422 3402 593 3464 coaluerit
618 3413 653 3464 et
676 3402 886 3483 pauxilatim
909 3412 980 3464 tam
1006 3403 1114 3484 longe
1138 3404 1280 3482 lateque
1305 3403 1482 3482 serpserit

194 3519 232 3569 ut
265 3508 334 3570 iarn
367 3520 478 3570 totam
512 3506 739 3571 Germaniam
773 3508 968 3571 Christiane
1009 3509 1203 3592 reipublice
1223 3502 1375 3590 'partem
1407 3529 1480 3571 non

195 3615 368 3677 modicam
385 3615 549 3677 infecerit
564 3626 599 3677 et
615 3619 659 3677 ad
677 3615 778 3678 Italie
795 3614 884 3678 fines
899 3635 1010 3696 usque
1035 3616 1080 3677 sit
1103 3625 1348 3697 pervagatum.
1397 3615 1481 3697 Ego

194 3741 280 3783 vero
305 3723 388 3802 quid
414 3722 449 3783 in
473 3723 538 3783 has
562 3722 732 3802 temporis
758 3723 976 3784 calamitates
1008 3722 1241 3803 prestiterim,
1266 3723 1480 3804 curaverim,

198 3828 422 3909 maximoque
448 3849 526 3891 meo
551 3840 691 3909 sumptu
716 3828 928 3909 profecerim
953 3830 1169 3910 opponendo
1195 3849 1250 3890 me
1275 3828 1401 3911 ipsum,
1426 3851 1478 3892 re·

196 3935 353 3996 sistendo
390 3935 546 4017 nihilque
582 3935 877 4015 pretermittendo
906 3947 943 3998 ut
975 3938 1039 3997 hos
1066 3935 1244 3998 sevientes
1266 3935 1419 3998 rusticos
1445 3948 1480 3999 et

196 4043 435 4103 debaccantes
460 4042 606 4103 lenirem
631 4052 866 4122 temperarem
901 4053 937 4103 et
967 4041 1188 4120 cohiberem,
1223 4043 1329 4105 mallo
1362 4042 1399 4104 id
1431 4063 1478 4105 ex

196 4149 272 4210 aliis
297 4159 452 4210 vestram
478 4146 721 4228 Sanctitatem,
748 4169 850 4229 quam
877 4169 922 4211 ex
948 4169 1002 4210 me
1026 4149 1116 4228 ipso,
1133 4149 1187 4211 cui
1204 4149 1239 4211 in
1259 4149 1314 4210 his
1329 4150 1479 4232 gloriari

196 4275 266 4317 non
292 4255 383 4329 licet,
409 4255 626 4335 intelligere;
652 4256 720 4317 hoc
744 4238 971 4318 unum'inter
994 4267 1113 4318 cetera
1138 4256 1278 4336 gaudeo
1303 4276 1359 4318 me
1384 4257 1479 4320 curis

197 4373 232 4424 et
256 4363 407 4423 assiduis
432 4362 518 4423 meis
543 4363 726 4424 laboribus
755 4362 833 4424 Deo
865 4363 999 4443 optimo
1032 4362 1256 4442 maximoque
1287 4363 1479 4426 adiuvante

196 4468 232 4529 id
257 4490 335 4530 esse
360 4477 560 4530 assecutum
584 4478 622 4529 ut
646 4488 752 4549 quum
776 4468 937 4551 plerique
966 4490 1031 4551 per
1055 4464 1282 4532 Germaniam
1306 4489 1372 4550 per
1396 4491 1479 4534 suos

196 4575 340 4636 sedibus
364 4575 436 4637 suis
460 4575 552 4656 pulsi
577 4575 656 4653 sint,
682 4576 759 4657 ipsa
783 4596 839 4637 me
864 4576 990 4639 civitas
1002 4576 1210 4639 Tridentina
1238 4577 1374 4639 crebris
1399 4598 1478 4640 cum

198 4680 329 4742 nuntiis
354 4693 426 4742 tum
451 4681 563 4743 literis
584 4682 788 4763 interpellat
812 4693 847 4743 et
870 4692 976 4763 rogat
1001 4685 1045 4745 ad
1068 4684 1231 4764 reditum,
1255 4683 1478 4765 pollicentes,

198 4788 363 4869 quicquid
389 4791 436 4867 ad
459 4787 585 4852 fideles
609 4790 769 4851 subditos
795 4789 919 4853 attinet
936 4811 1015 4854 sese
1032 4790 1321 4874 diligentissimos
1343 4805 1476 4876 presta-
