3330 5580
710 442 768 497 ὣς]
807 445 859 498 309
898 442 956 498 &⁰

189 589 411 653 atrocissime
437 589 651 652 maledicunt
675 608 716 651 ac
731 589 940 667 traducunt,
972 596 1107 650 tantum
1139 591 1243 652 abest
1275 601 1313 652 ut
1345 590 1473 652 vellem

190 697 329 761 Erasmi
362 697 477 777 glorie
508 705 569 758 aut
599 694 751 758 nominis
792 695 884 758 vehi.
947 695 1068 759 Meror
1100 706 1154 758 est
1187 696 1271 758 mihi
1305 706 1340 757 et
1370 696 1475 759 timor

188 806 225 868 in
249 804 418 868 laudibus
442 803 528 879 mei,
552 802 720 885 gaudium
753 821 839 865 vero
873 811 907 862 et
937 804 1108 864 securitas
1143 802 1178 865 in
1210 802 1407 865 maledictis
1439 813 1474 865 et

188 909 433 991 blasphemiis.
481 907 521 971 Si
552 911 642 972 haec
666 919 747 970 sunt
771 908 918 971 Erasmo
943 908 1132 986 mirabilia,
1165 908 1251 972 nihil
1275 909 1394 989 mirer,
1426 910 1472 972 di·

187 1026 266 1080 scat
291 1016 486 1095 Christum,
512 1026 548 1078 et
572 1014 773 1078 malefaciat
806 1017 982 1082 humanae
1015 1014 1245 1096 prudentiae,
1283 1025 1318 1077 et
1350 1036 1473 1078 verum

191 1121 321 1186 sentiet
345 1143 425 1186 esse
448 1124 544 1204 quod
568 1123 660 1186 dico.
702 1123 874 1185 Dominus
892 1120 990 1185 illum
1011 1123 1125 1186 iuvet:
1150 1143 1229 1186 eum
1246 1124 1351 1186 etiam
1369 1124 1473 1186 alium

187 1229 300 1293 faciat
324 1229 438 1292 virum
462 1250 508 1293 ex
521 1230 679 1310 Erasm0,
703 1239 740 1292 et
763 1248 886 1291 omnes
910 1249 976 1292 nos
1000 1229 1103 1292 simul
1120 1240 1250 1308 servet,
1275 1239 1311 1291 et
1327 1240 1472 1310 augeat;

191 1339 258 1400 hoc
283 1346 371 1419 opto
396 1356 442 1398 ex
466 1335 601 1415 animo,
638 1344 805 1417 quantum
831 1337 984 1398 donatur
1008 1346 1144 1417 optare.
1191 1335 1283 1398 Vale
1315 1336 1361 1399 mi
1385 1336 1473 1400 Con-

186 1445 295 1524 rade,
319 1453 356 1506 et
379 1442 573 1523 Erasmum,
597 1442 628 1505 si
649 1442 793 1524 patitur,
822 1443 937 1505 saluta
961 1442 1102 1506 nomine
1128 1462 1222 1515 meo;
1246 1442 1334 1507 nihil
1358 1443 1393 1505 in
1418 1465 1474 1507 me

193 1560 246 1614 est
258 1550 390 1632 asperi,
414 1551 478 1612 sed
495 1569 602 1612 verae
618 1548 895 1627 misericordiae,
919 1568 1023 1630 quam
1039 1548 1068 1611 si
1084 1550 1288 1630 contemnit,
1310 1560 1345 1612 et
1360 1550 1474 1632 magis

192 1657 284 1722 forte
309 1667 441 1741 sperat,
466 1677 557 1738 quae
581 1656 659 1738 ipse
680 1655 827 1738 cogitat,
851 1656 967 1718 libens
986 1656 1177 1737 perdidero
1201 1666 1238 1719 et
1258 1657 1326 1718 hoc
1341 1665 1473 1719 votum.

281 1764 568 1846 Wittembergae
592 1763 705 1845 prima
729 1761 897 1828 Octobris
926 1782 1018 1840 15²3·

946 1893 1023 1955 tuus
1042 1893 1182 1956 luttuu
1200 1894 1313 1958 litter.

732 2055 937 2068 Mum

797 2216 870 2281 134.

499 2331 597 2414 Geni
625 2332 860 2434 lioguutinus
886 2333 1059 2412 Clementi
1085 2332 1164 2413 m

630 2479 729 2554 <bid
745 2480 902 2553 effidem
918 2481 954 2538 n
973 2481 1037 2552 ub)

659 2597 696 2667 (9.
715 2601 870 2649 Decembris
893 2601 978 2662 1⁵2³.)

282 2733 391 2798 Orbis
414 2732 605 2796 Christiani
629 2732 865 2795 calamitatem
889 2742 971 2815 post
993 2733 1039 2796 fe.
1064 2753 1114 2796 re.
1140 2733 1289 2796 Adriani
1315 2734 1365 2796 VI
1389 2755 1473 2815 pon·

197 2840 296 2904 tificis
320 2839 465 2902 maximi
488 2839 563 2902 sata
586 2860 628 2903 ac
648 2839 1042 2902 Reverendissimorum
1072 2841 1292 2903 dominorum
1316 2861 1473 2904 meorum

197 2946 231 3011 S.
254 2948 302 3011 R.
327 2946 366 3009 E.
391 2945 630 3009 Cardinalium
653 2946 688 3008 in
715 2945 798 3008 novi
821 2945 978 3008 Romani
995 2946 1178 3010 Pontificis
1202 2947 1376 3010 electione
1400 2948 1473 3011 diu-

195 3065 332 3118 turnam
357 3073 490 3116 moram
514 3073 556 3115 ac
580 3053 947 3135 procrastinationem,
972 3055 1136 3115 dolenter
1161 3073 1298 3116 mecum
1323 3055 1473 3117 subinde

195 3161 310 3225 auimo
340 3162 549 3239 revolvens,
584 3171 824 3241 quantumque
855 3160 890 3222 in
915 3180 1029 3242 nuper
1057 3172 1266 3243 expugnata
1297 3170 1473 3243 captaque

194 3269 309 3333 insula
331 3269 441 3332 Rodo
472 3267 708 3349 perfidissimo
733 3267 922 3330 Christiani
951 3266 1103 3329 nominis
1136 3267 1229 3346 hosti
1255 3268 1472 3331 'surcharum

195 3387 348 3459 tyranno
372 3375 497 3438 virium
523 3374 724 3454 accesserit,
749 3383 784 3435 et
808 3373 944 3436 miseris
968 3373 1178 3436 christicolis
1194 3374 1323 3436 mutuis
1342 3374 1376 3436 in
1394 3394 1473 3437 sese

195 3483 307 3547 versis
330 3482 437 3545 armis
468 3492 505 3544 et
527 3481 670 3563 iugibus
693 3479 1013 3543 conflictationibus
1037 3481 1172 3543 iacture
1201 3489 1237 3543 et
1260 3481 1472 3544 incommodi

196 3590 330 3654 illatum
353 3590 414 3668 sit,
436 3598 472 3652 et
495 3588 648 3670 denique
672 3607 776 3669 quam
801 3609 822 3650 a
847 3587 949 3650 nobis
972 3575 1059 3670 ipsis
1082 3586 1389 3668 perniciosissimis
1413 3608 1471 3650 no·

197 3697 414 3762 novitatibus
446 3695 732 3776 luthereanisque
757 3695 941 3757 heresibus
973 3714 1043 3757 non
1068 3694 1182 3757 minus
1209 3693 1398 3756 infeliciter
1430 3714 1472 3756 ac

197 3804 387 3875 crudeliter
418 3803 534 3865 anime
567 3822 671 3883 quam
695 3822 717 3863 a
740 3800 878 3883 perfido
902 3802 1004 3864 hoste
1028 3801 1170 3881 Thurca
1203 3799 1472 3862 christianorum

197 3932 347 3994 corpora
369 3911 566 3992 perdantur
588 3909 865 3991 iugulenturque
887 3909 1125 3989 perpendens,
1149 3905 1411 3969 Beatitudinem
1429 3907 1472 3970 V.

197 4040 217 4081 a
232 4020 310 4082 Deo
331 4016 465 4098 optimo
483 4015 637 4079 maximo
655 4016 862 4079 mortalibus
876 4013 1086 4077 Pontificem
1102 4014 1333 4095 prestandum
1349 4015 1472 4076 arden·

197 4124 338 4189 tissimis
360 4123 455 4186 votis
475 4123 726 4206 postulandum
743 4122 841 4201 duxi,
863 4133 960 4184 ratus
982 4122 1031 4184 ita
1047 4123 1266 4201 complorate
1282 4120 1474 4183 christiane

197 4229 391 4314 reipublice
422 4250 444 4292 a
467 4229 606 4311 superis
630 4232 826 4292 consultum
859 4229 919 4308 iri,
955 4228 1102 4309 darique
1133 4248 1198 4310 pro
1231 4227 1474 4309 magnitudine

198 4338 302 4403 animi
332 4337 442 4401 vestri
472 4357 513 4400 ac
537 4336 737 4401 incredibili
766 4356 883 4399 rerum
915 4335 1151 4417 gerendarum
1185 4335 1400 4398 dexteritate
1432 4354 1474 4397 ac

198 4443 469 4528 prudentissimo
500 4443 631 4508 iudicio
654 4443 795 4506 virtutis
819 4463 881 4505 sue
905 4443 1113 4505 illustrande
1137 4441 1321 4504 materiam
1352 4441 1381 4505 si
1406 4462 1473 4504 ma-

88 4536 92 4545 ⁵
199 4553 311 4617 ximus
335 4572 375 4614 ac
400 4551 610 4614 fortissimus
632 4550 687 4613 vir
711 4559 747 4613 et
769 4549 976 4632 pontificatu
1002 4547 1229 4630 dignissimus
1253 4547 1474 4629 periculosis-

199 4660 293 4724 simis
317 4668 353 4720 et
376 4656 596 4739 gravissimis
611 4660 719 4721 rebus
743 4657 870 4739 quibus
894 4655 991 4718 orbis
1006 4656 1191 4718 universus
1215 4665 1270 4718 est
1284 4654 1475 4737 implicitus

200 4767 379 4831 obiiceret
417 4765 509 4827 Dum
532 4767 599 4827 hec
622 4764 775 4828 meditor
799 4773 835 4826 et
858 4763 925 4824 iam
941 4761 1010 4823 iam
1035 4782 1133 4824 mora
1157 4763 1234 4843 ipsa
1254 4762 1289 4823 in
1306 4763 1473 4844 eligendo
