3344 5564
719 453 777 512 eo
816 456 869 513 283
907 459 965 512 ’.Ἣ

292 603 451 670 Intendo-
466 627 532 688 per
556 607 681 675 lettere
707 606 742 666 di
767 605 868 667 Paris
892 606 957 668 che
982 606 1042 668 alli
1066 607 1117 668 sei
1142 606 1177 668 di
1202 616 1327 688 questo
1352 605 1389 669 fu
1404 627 1482 689 pro·

206 717 358 777 clamato
382 735 447 797 per
470 722 562 776 tutta
585 716 620 777 la
643 723 739 776 terra
761 733 828 794 per
852 713 1147 776 comandamento
1172 716 1231 776 del
1256 715 1483 778 Parlamento

207 825 272 886 che
295 821 376 884 tutti
399 822 423 884 li
447 820 528 884 libri
545 820 580 883 di
593 821 728 883 Luther
743 820 882 883 fussero
899 821 1080 903 apportati
1105 820 1139 883 in
1163 842 1233 885 uno
1258 832 1356 885 certo
1380 825 1484 886 luoco

207 950 270 1010 per
295 929 528 992 abbrusciarli
554 949 653 992 come
677 927 825 991 heretici
849 930 914 991 che
940 927 960 990 ὲ
983 931 1103 991 buona
1128 949 1211 992 cosa
1228 940 1264 992 et
1280 935 1388 993 credo
1406 934 1485 993 chel

207 1058 243 1100 re
270 1038 306 1099 di
330 1036 468 1099 Franza
496 1037 657 1099 l’habbii
690 1036 781 1099 fatto
813 1035 870 1098 far
900 1035 934 1097 in
966 1036 1084 1116 gratia
1114 1038 1172 1099 del
1204 1058 1244 1099 re
1276 1040 1384 1119 anglo
1421 1059 1485 1120 per

208 1154 332 1227 questa
355 1164 448 1206 nova
474 1165 584 1226 opera
607 1146 673 1208 che
697 1145 744 1206 ha
768 1152 962 1225 composto

296 1252 336 1313 In
371 1260 496 1333 queste
526 1254 644 1314 bande
676 1251 711 1312 di
735 1250 891 1314 Fiandra
924 1270 1011 1313 sono
1045 1271 1155 1313 ancor
1185 1253 1230 1312 de
1263 1254 1370 1315 molte
1395 1256 1486 1316 male

207 1359 317 1420 radIci
342 1360 387 1420 de
411 1359 526 1440 questi
550 1357 744 1439 lutherani,
775 1361 809 1421 le
841 1358 936 1439 quali
960 1358 996 1421 iu
1028 1359 1167 1421 occulto
1192 1379 1343 1422 cercano
1368 1381 1485 1443 reger-

206 1465 330 1543 minar,
351 1465 489 1549 benche
512 1465 654 1545 frustra,
678 1465 810 1546 perche
828 1485 968 1546 sempre
985 1467 1019 1527 le
1036 1486 1082 1528 vo
1099 1469 1295 1529 resecando
1320 1478 1356 1529 et
1373 1489 1486 1551 spero

204 1575 273 1636 che
298 1583 390 1636 tutto
415 1572 549 1636 auderit
574 1572 660 1655 ogni
683 1573 718 1634 di
743 1571 803 1653 piu
828 1574 873 1634 de
897 1574 968 1634 ben
991 1572 1026 1634 in
1052 1573 1183 1655 meglio
1207 1594 1286 1636 cum
1310 1575 1345 1638 lo
1367 1575 1487 1638 adiuto

202 1682 251 1743 de
277 1681 357 1745 Dio.

295 1789 432 1851 Ionon
456 1809 511 1850 me
543 1786 678 1870 partirb
711 1807 749 1849 se
782 1807 853 1851 non
887 1788 980 1850 vedo
1012 1789 1045 1849 le
1079 1808 1160 1850 cose
1194 1787 1229 1852 in
1265 1790 1488 1854 securissimo

200 1915 339 1974 essere,
364 1894 540 1957 ancorche
565 1903 663 1957 certo
688 1914 758 1956 non
784 1893 826 1956 sii
850 1893 911 1975 pin
935 1894 1093 1974 periculo
1118 1895 1153 1957 in
1178 1897 1380 1960 universali.

298 2000 470 2084 Supplico
495 2023 516 2063 a
540 2003 595 2064 V..
610 2000 645 2064 S.
671 2002 766 2064 Rma
791 2022 845 2064 me
869 2001 961 2063 faeci
985 2002 1150 2065 intender
1174 2023 1212 2065 se
1237 2025 1307 2066 non
1340 2005 1364 2066 li
1391 2004 1488 2067 fusse

195 2130 292 2173 cosa
317 2109 558 2189 dispiacevole
583 2129 666 2171 casu
699 2129 770 2189 quo
801 2108 834 2170 io
863 2117 1006 2189 potesse
1039 2111 1151 2172 haver
1182 2111 1281 2173 salvo
1318 2113 1489 2174 condotto

192 2238 274 2298 per
297 2216 433 2278 Franza
457 2218 522 2278 che
547 2215 580 2277 io
604 2215 744 2278 facesse
767 2216 818 2277 tal
842 2216 997 2296 camin0‚
1030 2215 1164 2297 perche
1187 2216 1345 2280 visitarei
1376 2219 1397 2282 l'
1416 2220 1488 2281 uni-

193 2324 343 2386 versit&
367 2323 402 2384 di
426 2324 528 2386 Paris
551 2343 616 2404 per
640 2322 804 2386 intendet
827 2322 851 2384 il
877 2332 967 2385 tutto
991 2323 1025 2385 in
1052 2333 1177 2404 questa
1201 2344 1285 2387 cosa
1310 2335 1344 2388 et
1368 2347 1433 2407 per
1457 2329 1491 2388 la

196 2429 415 2493 familiariti
446 2439 482 2493 et
505 2430 636 2493 noticia
661 2431 726 2492 che
751 2430 784 2492 io
815 2431 862 2493 ho
893 2431 929 2493 in
961 2432 1079 2511 quello
1111 2432 1227 2493 studio
1260 2434 1415 2496 cercarei
1447 2435 1491 2496 de

193 2539 282 2599 ben
306 2537 340 2599 in
364 2537 495 2618 meglio
521 2538 584 2599 dar
608 2537 733 2600 ordine
762 2547 885 2599 contra
920 2547 1047 2618 questa
1078 2539 1235 2619 heresia,
1267 2541 1397 2620 perche
1427 2561 1492 2621 per

195 2644 270 2706 via
294 2644 329 2706 di
354 2645 556 2725 Alemagna
579 2665 649 2706 non
676 2646 693 2706 ὲ
718 2645 865 2706 consilio
891 2645 925 2705 di
950 2645 1058 2706 niuno
1083 2647 1149 2707 che
1174 2646 1207 2707 io
1232 2648 1324 2710 vadi.

299 2752 330 2814 E
354 2751 485 2831 Brugis
511 2751 743 2831 23.·Augusti
766 2751 948 2812 MDXXI.

817 3180 890 3245 119.

491 3297 732 3376 Aloander
768 3296 1199 3377 vicecancellario.

645 3444 930 3515 (unitiatem.
949 3443 979 3501 L.
999 3444 1067 3516 196.)

705 3561 758 3629 (26.
779 3565 893 3626 Augusti
918 3567 1001 3626 1521.)

306 3703 363 3765 Ho
387 3710 556 3783 receputo
581 3700 614 3761 le
640 3697 675 3759 di
694 3698 733 3760 V.
760 3695 796 3760 S.
821 3698 916 3760 Rma
941 3696 975 3758 di
993 3696 1086 3758 XIII
1112 3698 1146 3759 di
1171 3708 1307 3779 questo,
1331 3712 1495 3781 resposta

214 3811 310 3874 delle
335 3810 402 3872 mie
434 3809 470 3870 di
495 3806 617 3886 Gand,
654 3816 689 3869 et
720 3807 815 3867 della
839 3805 1050 3867 executione
1075 3805 1165 3867 satta
1196 3806 1232 3867 in
1256 3810 1374 3887 quello
1398 3810 1495 3880 loco;

217 3933 281 3996 per
311 3925 438 3999 questa
462 3914 587 3978 adviso
619 3934 688 3975 non
715 3932 812 3974 esser
843 3910 932 3974 satta
963 3911 997 3973 in
1031 3923 1155 3993 questa
1180 3922 1276 3975 terra
1307 3916 1494 3978 execution

219 4026 261 4089 de
291 4023 457 4088 incendio
467 4071 475 4101 ,
511 4022 643 4103 perche
672 4020 707 4081 in
732 4039 818 4081 vero
849 4038 918 4080 non
946 4039 1007 4080 era
1038 4018 1190 4100 bisogno
1224 4041 1290 4102 per
1313 4042 1431 4085 essere
1463 4026 1495 4084 el

222 4131 319 4195 luoco
345 4133 454 4193 molto
479 4138 573 4208 neto,
599 4138 633 4190 et
658 4127 717 4208 piu
742 4125 873 4207 perche
899 4146 968 4187 non
993 4127 1178 4204 haveam0‚
1203 4128 1247 4190 ne
1272 4127 1301 4189 si
1325 4149 1412 4190 sono
1428 4140 1494 4191 tro-

224 4240 288 4302 vati
312 4239 405 4302 libri.
452 4237 531 4299 Non
557 4236 577 4297 e
601 4236 688 4317 pero
713 4235 779 4295 che
804 4253 875 4295 non
899 4233 928 4294 si
952 4233 1041 4295 siino
1066 4255 1131 4315 per
1147 4234 1232 4315 ogni
1249 4237 1329 4297 loeo
1346 4239 1496 4316 qualche

225 4347 254 4409 di
277 4345 393 4428 questi
409 4343 519 4407 Scioli
543 4363 608 4425 per
631 4351 807 4404 monstrat
832 4341 896 4401 che
921 4360 1009 4403 sono
1034 4343 1080 4402 da
1103 4341 1164 4421 piu
1190 4342 1274 4404 delli
1289 4343 1380 4422 altri,
1404 4343 1497 4406 intra

225 4453 242 4514 li
272 4453 368 4535 quali
399 4473 487 4515 sono
512 4450 548 4512 di
572 4448 686 4531 questi
711 4447 858 4511 Scabini
890 4457 925 4509 et
950 4447 1141 4510 Secretarii
1173 4448 1208 4508 di
1233 4460 1358 4529 queste
1392 4458 1496 4530 terre,

223 4572 254 4624 et
277 4563 342 4624 che
366 4559 501 4642 peggio
527 4557 546 4618 e
571 4558 606 4619 di
630 4555 745 4638 questi
770 4553 941 4637 Canonici
970 4575 1036 4635 per
1059 4555 1082 4615 il
1107 4575 1216 4636 paese
1241 4555 1276 4617 di
1301 4556 1497 4619 Brabantia

221 4678 255 4731 et
276 4668 452 4748 Fiandra‚
488 4665 512 4728 li
542 4664 637 4746 quali
661 4683 766 4744 spero
798 4664 863 4724 che
889 4682 1102 4724 cessaranno
1134 4662 1194 4743 poi
1228 4665 1292 4725 che
1323 4684 1368 4725 ne
1400 4664 1496 4727 habii

220 4775 530 4858 particularmente
552 4772 644 4834 fatto
676 4769 832 4849 castigar
856 4769 982 4831 alcuno
1007 4770 1236 4850 procedendo
1262 4779 1385 4833 contra
1408 4773 1496 4853 loro,
1543 4761 1545 4765 ’
