3330 5580
673 438 731 493 ΜΒ
769 441 822 494 53¹»
860 437 918 492 820

154 598 317 669 paterne,
342 596 379 648 ut
403 585 462 668 pio
487 584 622 659 affectu,
642 608 664 647 a
688 607 742 648 mc
758 584 922 666 profecta
947 595 1037 664 sunt,
1068 584 1232 666 accipere
1257 593 1293 645 et
1317 604 1436 645 secum

153 703 279 755 tenere
303 693 400 773 velit,
424 692 616 756 humillime
641 712 714 755 oro.

756 1229 830 1294 252.

607 1345 779 1426 lotarius
807 1343 979 1426 Sadoleto.

579 1493 694 1560 (varior.
722 1492 760 1551 ad
783 1493 865 1552 olen.
892 1491 929 1550 11.
956 1491 1011 1562 55.)

639 1622 695 1689 (31.
714 1624 830 1686 Augusti
851 1619 938 1685 1525·l

325 1766 364 1829 Io
388 1786 457 1828 non
481 1767 528 1828 ho
553 1785 655 1828 cossa
679 1766 798 1845 degna
822 1764 867 1825 de
893 1762 1008 1826 avisar
1036 1763 1076 1825 V.
1102 1760 1138 1826 S.
1167 1762 1263 1826 Rma
1294 1783 1332 1825 se
1361 1782 1430 1824 non

151 1874 219 1936 che
250 1873 274 1935 li
305 1873 462 1937 mandati
498 1874 543 1936 de
571 1874 606 1935 la
638 1872 792 1936 Cesarea
830 1870 987 1951 Maesta,
1024 1871 1132 1951 qualli
1166 1869 1333 1932 indicono
1362 1888 1432 1929 una

153 1981 250 2044 dieta
274 1981 440 2063 Imperial
465 2002 486 2042 a
511 1979 644 2043 Sancto
668 1979 812 2042 Michiel
837 1980 872 2042 in
898 1980 1063 2061 Augusta
1087 1999 1150 2041 son
1184 1987 1238 2039 sta
1262 1975 1386 2039 inviati
1410 1995 1432 2036 a

153 2089 180 2152 li
204 2087 361 2169 Principi
395 2097 430 2150 et
463 2108 500 2150 se
531 2097 683 2168 expecta
719 2090 753 2149 la
784 2096 946 2169 resposta
980 2097 1015 2148 et
1046 2086 1080 2147 in
1114 2095 1239 2166 questo
1268 2104 1366 2145 mezo
1398 2085 1431 2144 el

151 2194 320 2277 Principe
344 2193 477 2257 andert
507 2194 772 2276 temporizando
807 2214 872 2274 per
901 2192 1015 2273 questi
1052 2191 1155 2254 lochi.
1214 2190 1273 2253 Me
1304 2188 1429 2252 dubito

149 2304 409 2384 grandemente
433 2303 498 2364 che
523 2322 561 2364 se
586 2303 619 2363 la
644 2301 673 2363 si
697 2300 733 2362 fa
757 2322 863 2363 senza
887 2301 921 2362 la
944 2301 1124 2382 presentia
1156 2300 1201 2362 de
1233 2299 1267 2360 la
1291 2296 1430 2360 Maesta

150 2408 306 2472 Cesarea
330 2410 396 2470 che
420 2409 454 2470 la
477 2408 584 2471 habia
609 2429 629 2470 a
652 2407 808 2489 parturir
832 2409 982 2489 qualche
1006 2406 1159 2488 pessimo
1184 2404 1313 2468 effecto
1331 2413 1366 2466 et
1382 2403 1428 2465 mi

148 2515 292 2597 pareria
316 2515 518 2578 necessario
543 2518 609 2577 che
633 2515 795 2577 almarico
827 2513 868 2577 N.
895 2512 931 2576 S.
957 2533 1125 2594 operasse
1156 2514 1222 2574 che
1256 2509 1291 2573 S.
1317 2510 1380 2573 Mt*
1405 2509 1429 2572 li

149 2608 348 2684 mandasse¹
364 2641 434 2684 uno
459 2633 601 2684 oratore
618 2623 794 2703 prudente
810 2632 845 2683 et
869 2623 914 2683 de
939 2618 1111 2684 auctorita
1137 2618 1195 2701 qui
1220 2618 1430 2681 defenderet

148 2748 291 2791 causam
314 2727 409 2808 fidei,
434 2728 482 2792 dil
507 2730 572 2792 che
597 2749 641 2791 ne
655 2728 771 2791 scrivo
795 2730 830 2790 al
854 2727 929 2790 R¹¹¹⁰
954 2726 1125 2808 Capuano
1150 2726 1305 2788 secondo
1321 2725 1365 2787 V.
1391 2718 1427 2787 S.

147 2834 291 2900 vedera.
338 2836 379 2898 In
402 2836 557 2918 Tibinga
581 2835 639 2911 die
664 2835 801 2897 XXXI
827 2834 981 2916 Augusti
1005 2832 1206 2895 MDXXV.

749 3378 822 3441 253.

471 3495 648 3594 Exempto
675 3495 716 3574 de
743 3494 838 3574 bello
866 3492 1091 3573 rusticorum.

601 3650 699 3724 (rpus
717 3650 807 3709 rme.
826 3650 878 3708 ru
898 3649 970 3720 ns.)

640 3781 727 3841 (3-9·
746 3782 819 3843 Sept·
843 3774 928 3846 1524)

191 3904 372 3966 Etractum
405 3923 451 3966 ex
487 3903 614 3966 litteris
644 3903 842 3966 Everhardi
877 3905 921 3965 de
952 3904 1120 3965 Voltelen
1156 3901 1302 3964 Mindae
1333 3904 1378 3964 ad

631 4010 683 4071 ΙΙΙ
708 4008 806 4092 Sept.
831 4011 934 4073 datis.

234 4134 482 4216 Westphaliae
507 4134 629 4217 populi
654 4135 896 4216 superioribus
920 4136 1099 4198 mensibus
1131 4136 1165 4198 in
1191 4135 1328 4200 Statum
1359 4136 1422 4199 Ec·

144 4241 381 4304 clesiasticum
406 4241 691 4320 insurrexerunt,
724 4242 915 4324 propositis
946 4242 1122 4323 aliquibus
1154 4243 1309 4305 articulis
1333 4263 1422 4325 quos

146 4350 317 4411 volebant
342 4347 483 4410 omnino
508 4368 529 4409 a
553 4348 692 4411 clericis
716 4349 913 4420 observari;
939 4369 1048 4429 quare
1073 4348 1335 4412 Cathedralium
1359 4351 1421 4413 Ec·

146 4454 332 4518 clesiarum
357 4454 657 4535 Monasteriensis,
690 4454 995 4536 Osnabrugensis‚
1029 4457 1352 4537 paderburnensis,
1386 4468 1422 4521 et

146 4561 347 4624 Mindensis
371 4561 530 4623 canonici
555 4573 590 4624 et
605 4562 723 4644 capita
740 4561 825 4623 cleri
851 4582 894 4623 ne
910 4574 1124 4645 cogerentur
1139 4565 1237 4647 ipsos
1253 4565 1421 4629 articulos

144 4667 330 4746 ratificare,
352 4667 484 4730 relictis
499 4667 712 4749 civitatibus,
738 4669 901 4732 abierunt
919 4691 996 4752 ,quo
1013 4672 1160 4754 quisque
1175 4673 1301 4754 potuit.
1331 4674 1420 4737 Tan·

144 4775 224 4836 dem
258 4794 315 4836 res
349 4773 545 4856 composita
577 4786 631 4837 est
655 4775 798 4837 Mindae
823 4777 936 4863 (Duce
969 4778 1124 4842 Henrico
1156 4780 1420 4845 Brunswicensi
