3330 5580
755 896 820 962 254

494 1024 651 1105 loannes
677 1023 787 1103 Fabri
816 1023 988 1103 Clementi
1015 1023 1095 1103 llll.

585 1178 685 1253 (Brut.
703 1178 823 1252 rruup.
841 1178 892 1236 111.
912 1178 983 1250 268.)

673 1316 707 1370 to·
729 1309 802 1372 Sept·
826 1317 911 1370 1525·l

238 1487 362 1549 Multis
386 1487 495 1548 credo
520 1485 730 1548 testimoniis
755 1496 919 1548 constare
943 1495 1113 1565 quantum
1137 1505 1202 1567 pro
1228 1487 1321 1549 virili
1354 1508 1432 1551 mea

144 1603 274 1656 contra
298 1593 605 1656 Lutheranismum
631 1605 668 1654 ut
691 1592 752 1655 ille
777 1613 796 1653 e
820 1592 958 1673 piorum
982 1592 1158 1655 mentibus
1179 1595 1433 1657 adversaretur

144 1701 336 1782 adhucque
360 1700 474 1763 illaesi
500 1703 545 1762 ab
571 1720 614 1762 eo
639 1710 972 1780 praeservarentur,
1008 1718 1115 1780 porro
1149 1699 1218 1762 iam
1251 1700 1312 1762 illo
1336 1702 1430 1762 labe·

146 1808 274 1870 lactati
298 1807 578 1885 restituerentur,
609 1806 864 1880 laboraverim
889 1806 925 1867 id
951 1805 1175 1887 quodetiam
1200 1827 1270 1870 non
1295 1817 1366 1870 tam
1395 1808 1430 1870 in

145 1914 363 1978 serenissimi
387 1914 561 1996 principis
585 1913 652 1976 mei
678 1913 891 1975 Archiducis
916 1913 1083 1976 Austriae
1107 1916 1206 1995 aula,
1242 1934 1364 1977 verum
1395 1925 1431 1977 et

146 2021 361 2103 ubicumque
386 2022 544 2085 locorum
569 2021 632 2083 sim
648 2020 751 2082 facie.
798 2018 871 2083 Sed
887 2030 983 2083 certe
999 2020 1111 2102 serpit
1125 2023 1194 2083 boc
1218 2022 1268 2084 ita
1291 2023 1431 2102 malurn,

147 2139 189 2191 ut
212 2129 246 2191 in
271 2130 381 2191 horas
404 2129 518 2209 magis
542 2127 726 2209 magisque
759 2147 920 2189 crescere
950 2126 1131 2207 videatur,
1162 2127 1303 2191 tametsi
1335 2137 1431 2191 totus

146 2237 218 2298 iam
242 2236 340 2298 orbis
373 2237 457 2317 quid
491 2235 619 2298 veneni
651 2236 686 2297 in
719 2255 757 2297 se
787 2236 919 2296 babeat
948 2254 1017 2296 non
1050 2234 1156 2296 modo
1189 2255 1260 2298 non
1291 2235 1431 2298 noverit

146 2344 213 2406 sed
238 2354 273 2405 et
297 2345 392 2404 bona
417 2362 501 2424 pars
524 2342 629 2405 huius
653 2362 717 2404 suo
735 2363 813 2404 cum
831 2340 989 2424 periculo
1009 2341 1170 2406 senserit.
1218 2341 1314 2423 Quot
1337 2341 1431 2405 enim

150 2470 266 2513 exeo
291 2451 385 2511 malo
410 2451 538 2511 caedes
562 2449 813 2530 provenerint,
849 2459 933 2529 quot
966 2448 1095 2511 viduae
1121 2461 1277 2530 quotque
1306 2448 1431 2531 pupilli

146 2557 232 2620 hinc
256 2555 388 2619 redditi
413 2556 493 2633 sint,
517 2556 616 2618 novit
640 2558 709 2618 heu
735 2553 936 2633 Germania,
960 2554 1083 2636 inqua
1107 2558 1154 2618 ob
1179 2556 1214 2617 id
1239 2556 1308 2620 iam
1323 2556 1431 2639 longe

147 2665 243 2727 ultra
266 2673 420 2726 centena
445 2663 539 2724 milia
564 2663 741 2726 hominum
767 2664 966 2725 occubuere
1000 2673 1036 2725 et
1060 2664 1176 2726 adhuc
1207 2662 1243 2726 in
1275 2663 1351 2725 dies
1375 2684 1430 2726 oc·

148 2774 329 2834 cumbunt.
377 2770 456 2832 Non
481 2769 653 2851 potuisset
677 2771 745 2832 hoc
770 2789 839 2830 uno
856 2769 968 2832 maius
985 2780 1020 2832 et
1036 2769 1265 2851 pernitiosius
1287 2771 1432 2854 aliquod

148 2890 221 2941 tam
246 2877 281 2939 in
306 2877 498 2939 animarum
525 2898 629 2957 quam
652 2877 747 2939 vitae
772 2876 949 2938 hominum
973 2877 1143 2939 iacturam
1169 2877 1299 2940 enasci.
1346 2877 1431 2941 Cae-

148 2997 264 3047 terum
289 3005 359 3046 non
385 2983 526 3065 ignorat
551 2980 585 3044 S.
613 2984 656 3045 V.
681 2992 812 3045 utnon
839 2983 962 3044 dubito
986 2983 1146 3046 comitias
1166 2984 1368 3065 imperiales
1385 2985 1430 3046 ad

149 3093 244 3154 diem
270 3089 305 3153 Si
333 3090 479 3152 Martini
511 3091 673 3171 proxime
704 3089 858 3152 futurum
890 3090 1077 3169 Augustae
1104 3090 1310 3154 vindelicae
1341 3093 1432 3155 cele·

149 3199 307 3261 brandas
332 3217 411 3260 esse
435 3196 602 3273 indictaS,
638 3196 671 3259 in
705 3195 832 3277 quibus
856 3199 980 3276 procul
1005 3197 1113 3259 dubio
1138 3196 1205 3259 nisi
1229 3209 1432 3279 opportune

151 3305 338 3381 renitatur,
352 3306 462 3365 multa
470 3324 536 3384 pro
545 3303 691 3365 liutheri
699 3301 876 3365 sententia
888 3305 1147 3374 tractabuntur:
1160 3305 1357 3367 consultum
1371 3305 1432 3367 ita·

149 3432 220 3494 que
251 3411 335 3474 mihi
367 3410 508 3473 omnino
541 3410 721 3472 videretur
754 3418 791 3470 ut
815 3406 850 3471 S.
878 3408 921 3471 V.
947 3408 1085 3472 interim
1111 3408 1327 3474 Germaniae
1351 3411 1430 3493 Epi-

151 3539 281 3600 scopos
305 3519 509 3580 hortaretur
532 3537 602 3598 quo
628 3516 770 3579 selectis
795 3535 840 3577 ex
866 3535 930 3577 suo
955 3517 1050 3577 clero
1086 3516 1293 3579 doctoribus
1326 3517 1431 3581 iidem

150 3624 384 3689 convenirent
409 3636 444 3686 et
469 3624 513 3685 de
539 3622 684 3685 Lutheri
709 3621 928 3703 aliorumque
954 3622 1195 3702 consimilium,
1220 3625 1431 3704 praesertim

152 3730 377 3809 Carlostadii,
401 3729 543 3811 scriptis
575 3728 689 3811 magis
722 3729 895 3810 suspectis
925 3729 1151 3792 confutandis
1179 3730 1431 3795 deliberarent.

151 3838 262 3902 Dedit
285 3849 320 3901 et
344 3837 428 3900 mihi
452 3835 694 3899 serenissimus
718 3836 885 3918 princeps
917 3854 1015 3897 meus
1047 3836 1092 3897 ad
1126 3836 1261 3919 aliquot
1294 3849 1433 3921 tempus

153 3965 209 4008 me
234 3947 281 4007 ab
305 3944 387 4006 aula
410 3941 632 4021 absentandi,
657 3952 694 4003 ut
718 3941 828 4004 sacris
852 3941 963 4004 literis
987 3944 1204 4007 commodius
1227 3946 1432 4009 incumbere

151 4051 295 4134 possim,
320 4049 477 4132 copiam:
503 4049 596 4130 quod
622 4059 659 4110 ut
683 4048 816 4129 optime
841 4051 1035 4113 collocetur
1061 4052 1174 4114 nullas
1205 4052 1301 4116 vires
1331 4073 1432 4134 prae-

152 4160 363 4229 termittam
388 4156 530 4218 luerunt
554 4154 716 4237 profecto
741 4166 777 4216 et
800 4165 891 4235 sunt,
911 4165 949 4216 ut
963 4157 1150 4220 veritatem
1167 4159 1280 4221 libere
1297 4161 1433 4240 loquar,

153 4264 369 4328 Germaniae
394 4262 564 4345 Episcopi
587 4262 672 4324 satis
697 4261 730 4323 in
755 4264 822 4324 hac
847 4282 885 4324 re
911 4262 1146 4344 negligentes,
1171 4264 1293 4328 forsan
1318 4265 1431 4347 gravi·

151 4382 226 4435 tate
250 4371 300 4435 rei
326 4369 498 4450 exterriti,
523 4380 560 4431 ut
584 4368 736 4430 animum
761 4367 968 4449 abiecerint,
983 4371 1077 4432 unde
1091 4369 1222 4432 lactum
1239 4384 1276 4433 ut
1293 4392 1432 4435 omnem

151 4478 228 4542 fere
252 4498 351 4540 suam
376 4475 652 4539 iurisdictionem
676 4474 858 4537 amiserint
882 4487 918 4538 et
942 4475 1010 4539 iam
1035 4477 1234 4558 proximum
1267 4481 1364 4559 quod
1398 4491 1433 4543 et

152 4605 274 4649 eorum
299 4583 456 4665 dignitas
480 4592 587 4663 atque
611 4579 766 4643 officium
791 4580 825 4642 in
851 4581 995 4644 nihilum
1020 4584 1214 4664 redigatur.
1261 4585 1362 4649 Haec
1387 4589 1433 4649 ad

151 4689 189 4756 S.
215 4691 259 4754 V.
284 4691 508 4772 perscribere
532 4689 628 4751 volui
653 4699 690 4750 ut
714 4688 932 4770 intelligeret
966 4711 1021 4753 me
1054 4690 1177 4753 salutis
1210 4713 1295 4755 suae
1321 4703 1356 4755 et
1380 4715 1433 4757 sa·

152 4808 361 4861 crosanctae
391 4795 609 4879 apostolicae
641 4795 746 4857 Sedis
775 4815 845 4856 non
878 4795 992 4858 minus
1022 4806 1215 4860 amatorem
1251 4800 1431 4864 studiosis·
