3344 5564
711 460 956 515 ο-’ὓῙΊΜΉ

195 605 392 684 terminum,
410 604 581 666 obediens
598 625 800 687 compareo,
816 627 881 687 per
894 606 1169 669 misericordiam
1186 606 1253 669 Dei
1269 609 1477 684 obsecrans

162 723 166 737 '
195 711 419 776 serenissima
437 712 599 774 maiestas
617 721 736 773 vestra
753 713 1083 795 dominationesque
1100 723 1218 777 vestre
1235 715 1476 778 illustrissime

195 822 388 902 dignentur
412 840 553 882 causam
578 822 668 882 hanc
696 819 759 904 (uti
784 820 905 904 spero)
916 821 1056 902 justicie
1076 831 1112 884 et
1127 822 1297 901 veritatis
1322 825 1474 885 clemen·

195 941 249 991 ter
273 928 406 1007 audire,
431 936 536 1008 atque
562 927 590 989 si
615 948 679 1008 per
703 927 913 1009 imperitiam
942 950 1072 1008 meam,
1106 931 1164 991 vel
1194 930 1324 1011 dignos
1354 929 1477 992 titulos

195 1036 321 1117 cuique
345 1056 414 1097 non
441 1034 592 1113 dedero,
616 1035 673 1095 vel
698 1054 919 1116 quocumque
951 1036 1056 1098 modo
1080 1035 1116 1098 in
1141 1058 1257 1099 mores
1280 1046 1476 1118 gestusque

194 1143 328 1204 aulicos
359 1160 574 1223 peccavere,
613 1139 818 1224 benigniter
848 1141 1053 1223 ignoscere,
1091 1152 1129 1205 ut
1164 1143 1297 1206 homini
1335 1164 1405 1206 non
1440 1142 1475 1206 in

195 1250 294 1330 aulis,
319 1250 383 1310 sed
408 1247 548 1329 angulis
572 1248 824 1311 monachorum
849 1257 1006 1327 versat0,
1035 1249 1094 1329 qui
1120 1249 1205 1312 nihil
1229 1249 1324 1312 aliud
1350 1253 1395 1313 de
1419 1271 1476 1313 me

195 1356 317 1420 testari
342 1377 495 1437 possum,
520 1375 624 1435 quam
650 1377 692 1417 ea
717 1355 942 1437 simplicitate
967 1355 1090 1435 animi,
1121 1357 1292 1419 hactenus
1324 1377 1382 1420 me
1416 1359 1475 1421 do·

196 1464 311 1526 cuisse
337 1473 372 1525 et
398 1461 593 1542 scripsisse,
618 1472 656 1523 ut
680 1471 813 1524 tantam
838 1462 987 1544 gloriam
1003 1462 1071 1525 Dei
1096 1472 1131 1524 et
1153 1463 1326 1526 sinceram
1344 1463 1476 1527 Christi

194 1570 349 1633 fidelium
374 1567 629 1631 institutionem
653 1578 862 1651 spectarem.

285 1703 519 1767 Serenissime
551 1703 766 1783 Imperator,
802 1702 1029 1764 Illustrissimi
1063 1702 1260 1785 PrincipeS,
1296 1703 1357 1765 Ad
1387 1705 1477 1767 duos
1515 1756 1518 1761 .

195 1814 274 1875 illos
298 1811 464 1873 articulos
481 1809 557 1871 heri
575 1830 640 1890 par
657 1808 929 1871 sacratissimam
945 1810 1163 1890 majestatem
1179 1819 1345 1890 vestram,
1371 1810 1477 1873 michi

195 1919 416 2002 propositos,
457 1917 608 1979 scilicet:
646 1937 689 1978 an
728 1916 867 1978 libellos
904 1915 1118 1995 recensitOS,
1155 1925 1190 1979 et
1222 1917 1364 1980 nomine
1395 1939 1477 1982 meo

196 2029 383 2107 evulgatos
408 2043 641 2104 agnoscerem
667 2043 775 2103 meos,
800 2032 835 2085 et
851 2023 886 2084 in
907 2022 961 2084 his
979 2022 1214 2086 defendendis
1229 2045 1477 2106 perseverare,

194 2142 255 2194 aut
278 2152 449 2195 revocare
472 2130 588 2207 velim,
615 2130 697 2192 dedi
723 2139 884 2211 paratum
902 2138 937 2191 et
954 2131 1097 2210 planum
1122 2149 1342 2212 responsum,
1367 2152 1479 2214 super

194 2240 342 2301 articulo
367 2238 498 2319 priore,
515 2237 550 2298 in
568 2258 637 2318 quo
654 2237 768 2298 adhuc
786 2235 948 2317 persisto,
973 2235 1231 2318 persistamque
1247 2236 1282 2299 in
1304 2250 1479 2322 eternum,

195 2369 271 2409 esse
298 2345 464 2407 videlicet
490 2365 552 2406 eos
567 2344 678 2406 libros
695 2364 802 2421 meos,
827 2363 976 2423 meoque
1002 2343 1143 2406 nomine
1167 2365 1257 2407 ame
1275 2346 1478 2428 evulgatos.

194 2451 269 2514 Nisi
293 2452 386 2515 forte
411 2451 548 2513 interim
574 2449 753 2528 acciderit,
778 2459 816 2510 ut
840 2451 1033 2512 emulorum
1058 2452 1115 2513 vel
1137 2450 1275 2532 astutia,
1300 2453 1358 2514 vel
1382 2453 1479 2536 sapi·

195 2559 290 2621 entia
323 2558 541 2640 importuna,
572 2556 760 2638 quicquam
792 2555 825 2618 in
858 2555 926 2635 illis
957 2566 1145 2638 mutatum,
1181 2567 1242 2620 aut
1276 2560 1479 2640 depravate

194 2675 381 2747 exceptum
407 2665 461 2727 sit.
509 2664 600 2726 Nam
623 2664 719 2725 aliud
746 2683 815 2725 non
839 2683 1008 2745 agnosco,
1033 2663 1099 2726 nisi
1114 2667 1210 2746 quod
1225 2685 1340 2728 meum
1365 2666 1480 2730 solius

194 2783 265 2850 est,
298 2782 334 2833 et
361 2792 382 2832 a
411 2792 465 2833 me
498 2772 573 2832 solo
606 2770 793 2851 scriptum,
824 2769 911 2832 citra
945 2792 1085 2834 omnem
1116 2771 1271 2834 criminis
1300 2772 1478 2838 industrie

194 2877 535 2960 interpretationem.

283 3012 341 3073 Ad
370 3013 518 3073 alterum
544 3031 631 3072 vero
655 3031 901 3092 responsurus
926 3031 1026 3092 rogo,
1050 3011 1288 3077 sacratissima
1304 3014 1479 3096 Majestas

193 3129 313 3181 vestra
338 3127 374 3181 et
399 3117 657 3181 dominationes
681 3127 818 3180 vestras
843 3119 1035 3201 dignentur
1055 3119 1339 3208 animadvertere
1363 3122 1479 3186 libros

193 3246 290 3288 meos
315 3246 387 3288 non
414 3246 491 3287 esse
516 3245 637 3287 omnes
663 3224 820 3287 eiusdem
845 3225 959 3289 farine
991 3235 1027 3288 et
1050 3226 1204 3308 generis.
1256 3224 1347 3289 Sunt
1381 3229 1477 3292 enim

193 3331 301 3413 aliqui
325 3332 360 3394 in
385 3332 513 3413 quibus
538 3352 679 3394 causam
705 3331 848 3412 pietatis
879 3331 963 3394 fidei
992 3341 1027 3394 et
1051 3353 1187 3395 morum
1221 3335 1311 3397 adeo
1344 3334 1477 3417 simpli-

193 3440 281 3502 citer
314 3448 350 3501 et
374 3439 582 3520 evangelice
616 3438 785 3518 tractavi,
817 3447 854 3500 ut
886 3438 1029 3521 ipsimet
1060 3439 1255 3503 adversarii
1289 3452 1478 3524 cogantur,

193 3567 254 3608 eos
279 3545 439 3608 confiteri
464 3545 587 3624 utiles,
620 3545 786 3607 innoxios
817 3554 852 3608 et
876 3546 982 3626 plane
1007 3545 1136 3628 dignos
1160 3546 1312 3609 lectione
1337 3548 1475 3612 christi·

193 3674 275 3730 ana,
312 3655 375 3715 sed
401 3664 436 3714 et
461 3653 575 3728 bulla,
610 3673 821 3733 quamquam
846 3652 939 3715 seria
964 3661 999 3714 et
1023 3652 1194 3733 crudelis,
1219 3653 1354 3735 aliquot
1378 3676 1476 3719 meos

192 3759 302 3822 libros
318 3759 484 3821 innoxios
499 3758 596 3838 iacit,
621 3758 703 3821 licet
721 3767 756 3819 et
772 3760 837 3820 hos
854 3760 996 3823 damnet
1008 3759 1140 3841 judicio
1155 3781 1302 3842 prorsus
1315 3764 1473 3826 monstri-

192 3866 269 3928 fic0.
319 3865 357 3928 Si
382 3865 503 3947 itaque
529 3874 564 3927 et
588 3866 653 3927 hos
678 3885 847 3928 revocare
873 3865 1076 3948 inciperem,
1096 3868 1247 3931 obsecro
1272 3868 1357 3950 quid
1380 3869 1474 3934 face·

192 3993 285 4045 rem,
316 3971 382 4034 nisi
416 3973 511 4052 quod
544 3992 634 4034 unus
665 3992 710 4034 ex
741 3971 903 4035 omnibus
933 3974 1141 4037 mortalibus
1175 3996 1251 4038 eam
1286 3976 1473 4041 veritatem

192 4080 416 4157 damnarem,
445 4099 550 4159 quam
585 4077 688 4140 amici
719 4088 753 4139 et
784 4078 914 4141 inimici
945 4080 1079 4161 pariter
1112 4080 1345 4163 confitentur,
1378 4086 1474 4147 solus

192 4186 345 4249 omnium
369 4183 584 4248 confessioni
609 4184 776 4247 concordi
801 4187 1005 4251 reluctatus.

281 4329 443 4391 Alterum
468 4348 581 4410 genus
606 4338 670 4408 est,
695 4329 791 4409 quod
815 4328 849 4391 in
874 4329 1060 4410 Papatum,
1089 4350 1219 4411 resque
1243 4331 1472 4413 Papistarum

192 4435 379 4514 invehitur,
404 4418 570 4516 tanquam
595 4435 630 4498 in
656 4457 728 4515 eos,
753 4435 813 4516 qui
838 4436 909 4497 suis
935 4436 1103 4498 doctrinis
1128 4446 1164 4499 et
1183 4437 1370 4519 exemplis,
1394 4459 1471 4521 pes-

191 4543 289 4620 sime,
314 4545 436 4604 orbem
462 4542 707 4621 christianum,
738 4552 887 4622 utroque
919 4543 1012 4604 malo
1042 4543 1237 4606 vastaverit
1266 4554 1302 4606 et
1326 4546 1472 4628 spiritus

192 4660 226 4711 et
251 4649 419 4730 corporis
467 4649 557 4710 Nam
582 4649 617 4709 id
634 4670 748 4730 neque
764 4648 899 4730 negari,
924 4670 1039 4731 neque
1055 4650 1268 4713 dissimulari
1284 4651 1471 4734 quisquam

191 4765 325 4838 potest,
358 4776 435 4818 cum
468 4756 692 4838 experientia
726 4755 879 4819 omnium
914 4766 949 4820 et
973 4756 1216 4820 universorum
1241 4759 1473 4840 queremonia
