3330 5580
638 463 886 520 epodo&

118 619 188 678 bus
218 613 413 678 exercitum
446 625 548 695 parat
580 633 626 675 ex
657 633 745 690 3500
784 612 962 693 equitibus
998 624 1033 676 et
1067 636 1183 693 12‚ooo
1221 616 1402 697 peditibus

119 734 158 784 et
187 726 224 784 18
250 722 333 784 Maii
356 725 423 784 sub
440 740 591 801 vespera
617 740 766 781 cuneum
786 719 997 782 rusticorum
1014 721 1150 783 invadit
1174 723 1208 785 in
1229 723 1405 804 Hupstein

121 840 159 891 et
182 849 269 907 4000
292 829 404 891 ferme
432 825 609 889 interficit.
665 827 809 888 Summo
841 846 943 888 mane
976 828 1020 888 ad
1054 828 1189 890 Zahern
1221 830 1403 891 contendit

120 935 289 998 distantia
312 936 413 998 unius
438 933 595 997 milliaris
619 933 703 1013 (illic
729 945 783 994 est
807 931 913 995 Sedis
930 933 1217 1015 Argentinensis)
1235 936 1405 999 Rusticos

120 1043 330 1125 aggreditur
354 1055 389 1104 et
412 1044 492 1123 plus
517 1045 604 1103 6000
628 1040 771 1112 occidit;
809 1040 934 1101 eodem
971 1041 1028 1102 die
1064 1053 1135 1104 tam
1170 1042 1406 1124 proficiscitur

122 1149 312 1229 exercitus,
335 1170 418 1212 nam
442 1162 514 1212 tres
539 1160 750 1231 supererant
767 1147 879 1225 cunei,
897 1168 943 1209 ne
959 1168 996 1210 se
1014 1147 1202 1230 iungerent
1227 1164 1287 1211 aut
1312 1151 1404 1213 inter

121 1256 272 1338 paludes
296 1258 480 1319 vallarent.
528 1255 641 1318 Nocte
665 1274 778 1336 agens
801 1255 835 1316 in
861 1254 1045 1336 Tagstein.

214 1384 254 1424 zo
278 1363 362 1425 Maii
381 1363 426 1424 ad
445 1364 624 1425 'l'ambach
648 1362 794 1424 festinat
818 1372 853 1424 et
877 1362 1072 1424 exercitum
1090 1362 1268 1425 instruens
1283 1376 1405 1427 contra

127 1488 232 1546 19000
257 1468 464 1531 rusticorum
483 1469 613 1532 occidit
629 1489 673 1531 ex
691 1469 742 1531 eis
758 1471 838 1550 plus
855 1473 940 1530 8000
958 1469 1048 1531 inter
1064 1470 1233 1533 Taubach
1251 1482 1286 1532 et
1303 1471 1405 1534 Scro-

123 1574 262 1648 wieler3
287 1596 401 1659 prope
426 1585 503 1638 erat
526 1596 642 1657 agger
666 1576 882 1658 amplissimo
907 1575 1042 1638 fossato
1067 1577 1194 1639 timens
1211 1599 1255 1639 ne
1273 1600 1405 1641 cuneus

121 1682 332 1745 rusticorum
366 1682 424 1764 qui
459 1703 571 1764 prope
605 1682 883 1744 Selethstadium
919 1694 995 1745 erat
1026 1704 1105 1745 eum
1136 1697 1405 1766 preoccuparet.

122 1787 238 1851 missis
261 1789 385 1870 paucis
410 1789 586 1870 equitibus
615 1801 651 1851 et
679 1789 860 1870 peditibus
890 1810 968 1852 cum
997 1790 1160 1852 omnibus
1189 1791 1404 1854 Bombarda-

121 1893 185 1956 riis
208 1894 280 1957 suis
304 1895 403 1957 XXI
427 1895 512 1958 lllaii
544 1897 637 1958 hunc
672 1906 823 1977 occupat
856 1907 892 1958 et
921 1898 965 1958 ad
992 1897 1231 1979 noningentos
1256 1899 1406 1961 rusticos

121 2020 188 2082 pro
221 2002 384 2064 custodia
408 2001 552 2084 aggeris
583 2002 718 2084 positos
751 2003 897 2082 occidit,
931 2017 1056 2084 postea
1088 2005 1122 2066 in
1154 2005 1243 2067 alios
1273 2027 1406 2068 cuneos

122 2107 320 2172 exercitum
359 2109 465 2171 vertit
510 2111 605 2190 apud
647 2110 900 2172 Seletsladium
939 2124 973 2172 et
1016 2110 1306 2194 Orterabergum.
1369 2115 1404 2176 ln

121 2234 258 2277 summa
281 2215 413 2297 ubique
437 2216 472 2278 in
497 2237 691 2297 congressu
716 2218 809 2279 ultra
841 2217 956 2279 XXII
988 2219 1083 2280 milia
1112 2220 1319 2282 rusticorum
1350 2241 1402 2281 oc-

120 2321 208 2384 cidit
232 2334 268 2385 et
290 2325 385 2386 ultra
408 2345 474 2402 300
498 2323 687 2386 decollavit
712 2345 757 2385 ex
782 2323 942 2406 captivis

212 2430 367 2493 Thomas
391 2431 542 2494 Mintzer
576 2433 751 2512 plebanus
786 2431 819 2492 in
853 2431 1176 2495 Franchenhausen
1207 2434 1308 2515 peior
1342 2434 1403 2497 lu-

121 2536 236 2615 thero,
261 2537 344 2618 quia
367 2546 465 2599 tenet
489 2537 606 2599 omnia
630 2538 721 2598 mala
747 2537 909 2615 Lutheri,
936 2549 970 2599 et
1000 2559 1077 2600 cum
1104 2540 1243 2603 videtur
1277 2542 1402 2604 deesse

123 2641 285 2724 Zuinglio
311 2654 420 2725 negat
444 2644 583 2725 Corpus
608 2643 736 2706 Christi
761 2664 884 2706 verum
909 2665 986 2705 esse
1012 2645 1044 2707 in
1070 2647 1204 2715 hostia:
1230 2649 1284 2709 hic
1314 2648 1405 2710 Thu·

121 2749 246 2831 ringos
277 2753 322 2814 ad
352 2752 583 2814 rebellionem
614 2760 733 2831 parat,
769 2763 1003 2829 concurrunt,
1039 2773 1140 2814 arces
1176 2754 1334 2834 capiunt,
1371 2766 1405 2817 et

123 2857 340 2920 monasteria
356 2878 396 2919 ac
413 2858 601 2936 Ecclesiae,
627 2870 662 2919 et
680 2858 797 2919 omnia
815 2857 994 2940 diripiunt.
1043 2859 1142 2921 Haec
1168 2861 1309 2942 incepta
1334 2862 1405 2923 fue-

123 2975 206 3026 runt
230 2964 417 3028 Friderico
444 2963 625 3028 Saxoniae
642 2965 742 3027 Duce
766 2964 860 3035 vivo,
885 2965 943 3046 qui
968 2965 1159 3028 miserabili
1185 2970 1308 3029 morbo
1334 2990 1405 3030 cor·

123 3082 257 3152 reptuS,
283 3072 365 3133 dum
390 3072 585 3134 exercitum
614 3072 648 3133 in
674 3071 824 3134 rusticos
850 3072 968 3151 colligi
1004 3073 1118 3151 iubet,
1161 3075 1307 3136 moritur
1359 3097 1405 3139 12.

122 3177 220 3240 Maii.
246 3178 346 3241 Tunc
371 3179 482 3241 frater
498 3180 581 3241 Dux
597 3179 754 3256 Joennes
770 3178 961 3257 Saxoniac,
990 3181 1067 3241 Dux
1085 3179 1263 3262 Georgius
1281 3183 1403 3243 Catho-

123 3284 213 3347 licus
237 3284 418 3349 Saxoniae
443 3286 626 3367 Princeps
644 3286 784 3353 Ericho,
800 3286 883 3347 Dux
902 3286 1191 3365 Brunsuicensis,
1216 3299 1251 3349 et
1279 3289 1393 3370 l'hilip

123 3410 192 3472 pus
227 3392 465 3474 Lantgravius
504 3393 660 3456 Hassiae.
722 3414 769 3471 19.
802 3392 904 3467 Maii,
933 3413 1048 3475 prope
1081 3394 1403 3456 Franckeuhausen

124 3496 347 3581 Huringiae
371 3500 543 3583 oppidum
568 3502 717 3561 rusticos
741 3499 929 3579 invadunt,
964 3512 998 3562 et
1037 3501 1207 3583 oppidum
1243 3502 1405 3582 capiunt:

126 3606 320 3670 desiderati
344 3618 425 3670 sunt
449 3607 568 3670 rustici
596 3627 692 3685 7000,
717 3607 857 3688 plurimi
882 3607 988 3688 capti,
1016 3617 1142 3688 captus
1176 3622 1229 3670 est
1257 3621 1292 3670 et
1316 3609 1405 3671 'l'ho-

125 3735 201 3778 mas
224 3715 375 3777 Mintzer
399 3737 419 3776 a
444 3714 554 3777 nobili
573 3715 697 3793 Hesso,
720 3713 779 3795 qui
796 3727 934 3776 assatus
950 3713 1156 3776 mirabiliter
1172 3715 1405 3792 excruciatus,

124 3832 207 3903 post
231 3824 341 3885 multa
364 3832 554 3899 tormenta,
580 3831 737 3884 mortuus
765 3831 830 3900 est,
864 3841 1029 3882 reversus
1064 3833 1181 3883 tamen
1212 3822 1257 3883 ad
1288 3822 1405 3885 Eccle-

126 3929 232 4009 siam,
258 3940 293 3990 et
317 3950 440 3992 omnes
469 3950 610 3991 errores
638 3947 829 4005 revocans,
863 3936 899 3990 et
935 3928 1087 3990 Sanctos
1122 3927 1189 3989 Dei
1225 3927 1405 3992 invocans.

126 4034 261 4117 Captus
285 4047 321 4099 et
344 4036 433 4098 alius
459 4036 627 4098 sacerdos
651 4034 874 4096 Lutheranus
898 4054 976 4096 cum
1001 4033 1189 4115 capitaneo
1205 4045 1241 4096 et
1255 4037 1405 4112 rusticis,

126 4163 275 4224 quorum
299 4143 505 4205 mulieribus
529 4141 703 4223 promissa
732 4151 785 4202 est
810 4140 964 4202 virorum
989 4140 1164 4219 liberatio,
1191 4139 1220 4202 si
1245 4161 1322 4203 cum
1348 4145 1407 4205 ba·

127 4251 217 4312 culis
241 4250 463 4313 sacerdotem
490 4261 525 4311 et
549 4249 782 4328 Capitaneum
814 4258 997 4315 necarent:
1027 4248 1122 4327 quod
1147 4247 1229 4308 illae
1257 4247 1408 4330 impigre

127 4368 301 4421 executae
326 4365 417 4437 sunt,
443 4366 477 4418 et
502 4355 597 4417 viros
630 4375 712 4417 suos
743 4354 896 4434 adeptae
960 4353 1042 4414 Dux
1074 4353 1231 4432 Joannes
1263 4354 1296 4416 in
1329 4375 1406 4435 gra-

128 4464 212 4527 tiam
253 4478 398 4547 recepto
430 4462 614 4526 Risenach
647 4461 780 4543 oppido
790 4509 798 4538 ,
829 4461 1022 4523 Ductorem
1054 4461 1225 4538 Jacobum
1264 4462 1407 4525 Strausz

128 4585 212 4635 ante
235 4572 371 4652 aliquot
395 4591 507 4631 annos
539 4572 584 4630 ab
611 4569 811 4630 Archiduce
843 4567 1071 4629 Ferdinando
1110 4567 1222 4630 Hallis
1250 4571 1297 4630 ob
1331 4590 1406 4650 per·

127 4679 246 4741 fidiam
271 4678 507 4739 Lutheranam
533 4678 719 4757 expulsum
744 4694 822 4735 cum
847 4674 925 4735 aliis
953 4686 1089 4756 septem
1117 4674 1254 4736 civibus
1290 4677 1406 4757 captis

130 4784 300 4848 decollari
335 4783 431 4846 fecit.
469 4783 743 4845 Commoverant
787 4780 996 4843 seditionem
1039 4781 1179 4844 Rustici
1221 4783 1327 4845 etiam
1371 4783 1405 4845 in
