3330 5580
642 483 699 539 oo
738 456 888 538 263&ss

731 842 803 907 103.

459 978 638 1059 Alennder
665 977 827 1077 Irohiep.
856 976 1074 1078 Moguntino.
1166 985 1168 990 ’

554 1117 696 1188 (Nuntlat.
716 1116 840 1174 (tormen.
860 1114 891 1173 Ιι.
910 1113 980 1186 tot)

604 1225 693 1292 (Circa
712 1226 821 1291 Junium
845 1225 931 1288 1521.)

216 1371 311 1434 Rme
336 1370 425 1432 Dne.
473 1368 564 1449 Quia
589 1367 748 1430 nonnulli
771 1366 807 1428 in
832 1366 1044 1429 executione
1069 1367 1176 1429 edicti
1201 1377 1325 1430 contra
1342 1368 1413 1430 Lu·-

115 1481 266 1543 therum
291 1486 327 1539 et
350 1475 537 1557 presertim
563 1475 597 1537 in
622 1474 769 1537 materia
793 1473 1045 1554 impressorum
1070 1494 1161 1555 quae
1186 1475 1406 1555 periculosis-

115 1587 216 1650 sima
239 1594 313 1663 est,
347 1585 470 1646 volunt
494 1593 711 1645 commutare
736 1602 872 1663 poenas
903 1581 1011 1644 banni
1035 1581 1229 1662 imperialis
1260 1583 1295 1645 in
1321 1583 1409 1645 alias

118 1695 239 1757 multo
250 1691 421 1762 leviores;
437 1700 628 1772 eapropter
638 1709 742 1770 quum
752 1699 948 1770 cognoscat
960 1688 1268 1751 RmaDominatio
1280 1690 1410 1752 Vestra

118 1797 502 1881 exemplummandati
515 1797 685 1877 publicati
701 1815 815 1876 nuper
825 1815 933 1876 super
944 1795 1226 1878 sequestratione
1240 1797 1408 1858 librorum

118 1906 274 1971 Martini
299 1905 445 1967 Lutheri
468 1924 573 1985 quam
598 1903 704 1966 fuerit
728 1904 830 1984 parvi
855 1903 1006 1982 factum,
1032 1903 1160 1966 iccirco
1185 1924 1331 1966 necesse
1356 1914 1409 1966 est

117 2035 198 2078 non
233 2012 360 2076 mutari
392 2032 544 2094 poenas,
578 2031 670 2093 quae
700 2020 833 2092 quanto
866 2019 947 2072 sunt
980 2009 1278 2071 formidabiliores
1310 2020 1409 2072 tanto

120 2120 244 2201 magis
268 2119 492 2183 extimantur.
540 2118 642 2181 Felix
669 2118 727 2179 diu
752 2120 871 2180 valeat
889 2118 983 2179 Rma
1009 2117 1047 2181 P.
1074 2117 1116 2179 V.
1143 2117 1197 2178 cui
1222 2138 1277 2178 me
1302 2116 1409 2179 humi·

119 2232 209 2293 liter
234 2227 443 2290 commendo
468 2235 504 2288 et
527 2246 596 2287 una
620 2245 762 2288 causam
787 2225 855 2286 Dei
884 2245 929 2286 ex
963 2224 1061 2286 cuius
1093 2224 1314 2305 protectione
1337 2224 1407 2286 Re·

119 2333 387 2397 verendissima
411 2331 615 2395 Dominatio
640 2331 771 2394 Vestra
795 2352 868 2393 rem
894 2331 998 2393 etiam
1015 2331 1245 2393 Sanctissimo
1260 2331 1410 2393 Domino

118 2441 239 2506 faciet
260 2438 508 2522 gratissimam.

743 2883 814 2947 104.

414 3000 652 3080 Ileonder
688 3000 1120 3081 VioeoanoellarIn

565 3138 707 3208 innuat.
728 3139 853 3197 roman
871 3136 902 3196 r..
920 3138 987 3211 154.)

640 3250 711 3317 (5.(?l
731 3250 798 3315 Julii
822 3251 907 3314 1521.)

223 3385 282 3449 Ho
305 3384 467 3447 ricevuto
492 3385 524 3445 le
551 3383 585 3444 di
610 3383 653 3447 V.
680 3381 716 3446 S.
742 3382 837 3444 Rma
868 3383 904 3443 di
929 3381 1062 3444 XXIII
1096 3384 1153 3446 del
1185 3395 1346 3464 passaw,
1380 3399 1416 3448 et

123 3493 282 3558 insieme
306 3490 331 3554 il
355 3493 465 3553 breve
491 3492 526 3552 di
550 3487 719 3569 Sletstad,
745 3491 777 3551 el
801 3490 884 3570 qual
909 3489 1033 3551 inuero
1053 3492 1122 3552 ben
1139 3510 1255 3553 venne
1279 3493 1312 3554 al
1337 3513 1415 3574 pro·

124 3599 264 3685 positu,
289 3607 325 3661 et
342 3617 469 3679 spero,
493 3598 559 3659 che
583 3596 730 3679 giovara
755 3597 863 3677 assai,
888 3607 986 3659 tanto
1012 3596 1070 3678 piu
1096 3600 1161 3661 che
1186 3600 1294 3679 quelli
1319 3601 1416 3681 oppi-

125 3706 220 3771 dani
243 3708 408 3769 haveano
425 3704 515 3766 fatto
532 3725 600 3766 uno
617 3704 728 3767 editto
747 3705 804 3767 del
821 3707 903 3785 qual
921 3705 1050 3766 mando
1075 3706 1109 3765 la
1133 3706 1236 3786 copia
1261 3707 1417 3769 tradotto

128 3817 169 3879 in
195 3813 308 3878 latino
333 3822 370 3875 et
384 3832 490 3894 spero
516 3815 581 3875 che
606 3814 651 3874 de
675 3816 733 3892 qul
751 3812 895 3874 Innante
921 3813 1070 3875 laranno
1089 3814 1131 3875 de
1148 3816 1217 3874 ben
1234 3813 1267 3875 in
1287 3814 1417 3894 meglio

129 3933 172 3985 et
208 3919 476 4004 prohiberanno
513 3920 578 3980 che
615 3921 733 3999 quello
765 3919 979 4000 impressore
1015 3939 1086 3982 non
1121 3920 1323 4001 imprimere
1357 3922 1417 4002 piir

130 4048 222 4092 cose
245 4028 356 4097 male;
390 4025 601 4088 slmilmente
630 4046 861 4107 purgaranno
891 4027 1008 4106 quello
1034 4027 1117 4088 nido
1152 4028 1186 4088 di
1213 4029 1418 4090 Academici

133 4131 335 4198 Lutherani
359 4135 425 4195 che
455 4152 542 4195 sono
574 4132 608 4194 in
640 4134 738 4195 detta
769 4142 864 4195 terra
897 4143 932 4194 et
966 4134 1010 4194 de
1043 4135 1163 4195 buona
1195 4145 1290 4197 sorte
1322 4147 1356 4197 et
1381 4156 1419 4199 se

134 4261 209 4306 non
234 4239 384 4303 faranno
415 4239 440 4302 il
465 4239 585 4302 debito
619 4261 657 4302 se
691 4240 793 4321 potri
826 4240 1005 4321 castigarli
1041 4262 1104 4323 per
1136 4241 1228 4303 iusta
1260 4243 1418 4322 ragione.

136 4349 261 4428 Prego
286 4366 417 4409 ancora
433 4368 470 4410 se
487 4347 654 4409 mandino
679 4347 785 4428 quell'
811 4349 900 4409 altre
926 4348 1154 4428 expeditione
1172 4351 1217 4411 da
1233 4349 1291 4410 noi
1311 4350 1420 4412 rechi-

137 4462 217 4518 este
240 4452 301 4536 piri
327 4454 393 4515 che
418 4453 446 4515 si
470 4464 566 4534 pote,
591 4475 648 4517 ma
671 4474 741 4516 non
766 4457 852 4534 pero
878 4464 1020 4535 praeter
1043 4457 1274 4520 honestatem.

232 4576 367 4659 Questa
391 4598 493 4640 mane
519 4580 551 4641 el
577 4576 615 4640 δ’
646 4578 836 4640 Carazzolo
862 4589 897 4639 et
921 4578 954 4639 io
980 4582 1133 4641 andamo
1158 4601 1178 4641 a
1204 4580 1351 4659 Cesare‚
1388 4583 1421 4643 el

139 4686 248 4768 quale
272 4688 544 4747 raccommando
569 4697 668 4747 tanto
693 4688 727 4747 la
750 4706 859 4747 causa
883 4687 962 4748 dell'
989 4687 1216 4749 arrendation
1241 4689 1422 4750 valentina

139 4791 226 4854 dell'
240 4790 419 4873 Episcopo
436 4791 635 4854 Leodiense
660 4793 725 4853 che
749 4792 807 4874 pili
834 4813 903 4854 non
929 4792 956 4854 si
982 4797 1168 4874 potrebbe.
1209 4794 1272 4856 Poi
1290 4816 1421 4876 pranso
