3330 5580
703 436 951 491 &adhib-0

188 603 300 664 nuper
318 586 361 645 ad
380 605 435 646 me
453 584 561 661 dedit,
582 593 769 664 postquam
794 583 928 645 scilicet
951 583 1179 645 intellexerat
1204 604 1259 647 me
1285 604 1356 644 non
1384 582 1476 646 redi-

187 702 302 754 turum
321 691 516 754 Lovanium
540 711 605 772 pro
621 689 718 753 finali
742 710 915 772 responso
940 709 1005 752 suo
1030 700 1065 752 et
1089 689 1174 752 dicti
1192 689 1377 752 Vincentii
1404 690 1478 772 (qui

193 800 274 861 dum
300 819 369 881 ego
404 798 453 860 illi
478 800 644 880 loquerer
668 797 828 860 Lovanio
861 793 1001 881 aberat)
1030 805 1137 878 prout
1164 795 1257 859 inter
1291 816 1358 860 nos
1393 817 1476 860 con·

187 915 354 986 venerat,
386 907 474 968 haec
506 908 617 968 verba
648 906 684 967 in
715 904 829 967 forma
860 906 905 967 ad
934 924 989 966 ine
1021 903 1181 984 scripsit:
1221 903 1322 985 „Non
1348 904 1477 967 dubito

188 1011 323 1093 (inquit)
349 1032 427 1074 esse
452 1013 497 1073 de
521 1022 639 1074 mente
665 1009 724 1073 8¹³¹
755 1012 798 1074 D.
823 1011 866 1075 N.
891 1020 927 1073 et
951 1007 1056 1072 Sedis
1082 1010 1316 1092 Apostolicae
1350 1031 1476 1074 omnes

187 1119 266 1180 Deo
283 1129 510 1181 consecratos
528 1118 732 1180 sacerdotes
748 1129 784 1180 et
800 1117 952 1181 maxime
969 1119 1158 1198 theologos
1174 1116 1297 1180 facere
1314 1118 1477 1181 scribere

193 1235 229 1287 et
252 1224 462 1306 praedicare
494 1234 618 1287 contra
649 1224 957 1308 pestilentissimas
989 1226 1157 1286 haereses
1182 1223 1330 1287 Lutheri
1361 1234 1476 1288 totam

190 1330 385 1393 Ecclesiam
421 1334 683 1412 perturbantes.
743 1333 865 1395 Talem
907 1352 963 1394 me
998 1350 1139 1411 semper
1174 1332 1325 1393 habebit
1357 1330 1476 1395 Sedes

189 1439 398 1520 Apostolica
423 1449 458 1502 et
483 1438 650 1502 Pontifex
677 1449 712 1502 et
736 1460 848 1522 usque
872 1441 917 1502 ad
941 1439 1036 1501 vitae
1054 1439 1267 1520 periculum;
1291 1440 1362 1501 hoc
1381 1431 1475 1501 enim

189 1546 360 1609 debemus
378 1545 530 1625 Christ0,
543 1547 713 1610 debemus
726 1546 920 1625 Ecclesiae,
934 1547 1104 1609 debemus
1120 1544 1207 1608 Sedi
1224 1546 1474 1628 Apostolicae.

190 1652 293 1733 Quod
317 1653 347 1716 si
371 1655 449 1735 quis
472 1654 508 1717 in
533 1654 712 1716 erroribus
736 1654 791 1715 his
807 1653 1028 1735 corrigendis
1053 1653 1261 1716 clamaverit
1284 1674 1324 1716 se
1349 1655 1474 1732 lesum,

191 1770 373 1840 protestor
396 1781 514 1823 coram
540 1762 618 1824 Deo
643 1782 713 1823 non
751 1761 785 1823 id
815 1759 890 1822 fieri
929 1781 1009 1823 mea
1041 1761 1163 1841 culpa,
1199 1761 1262 1822 sed
1300 1761 1378 1823 eius
1415 1760 1474 1841 qui

189 1866 275 1929 talia
308 1867 490 1948 scripserit
522 1889 612 1949 quae
645 1867 766 1949 nequit
798 1890 818 1930 a
848 1867 1044 1930 lutheranis
1073 1868 1253 1929 erroribus
1277 1870 1472 1949 superare“

192 1974 385 2055 Hucusque
404 1978 516 2037 verba
533 1975 768 2054 Egmondani,
793 1977 837 2037 de
862 1996 932 2056 quo
955 1976 1024 2037 hoc
1049 1995 1155 2036 unum
1179 1973 1271 2056 dico,
1296 1994 1353 2036 me
1378 1974 1475 2037 inve-

190 2081 284 2143 nisse
321 2101 399 2143 eum
436 2082 548 2144 virum
580 2085 631 2163 (ut
667 2082 751 2143 mihi
786 2082 927 2164 quidem
960 2082 1073 2144 visum
1103 2081 1168 2163 est)
1207 2092 1384 2157 sanctum,
1422 2104 1473 2144 ze-

192 2191 303 2250 losum
330 2209 395 2270 pro
419 2186 490 2251 fide
514 2208 556 2250 ac
580 2189 774 2270 religione,
809 2189 938 2252 Christi
964 2199 998 2251 et
1023 2186 1127 2250 Sedis
1153 2188 1389 2269 Apostolicae
1415 2192 1474 2251 ob·

191 2294 504 2373 servantissimum,
529 2297 742 2377 omninoque
767 2297 873 2359 alium
899 2317 1002 2377 quam
1027 2295 1110 2358 mihi
1136 2295 1231 2357 illum
1248 2295 1347 2357 multi
1364 2297 1475 2358 etiam

191 2422 236 2463 ex
267 2402 416 2464 alumnis
446 2401 563 2465 dictae
596 2402 828 2466 Lovaniensis
863 2402 1080 2467 Academiae
1110 2402 1368 2483 depinxerant,
1407 2403 1475 2464 viri

191 2509 322 2590 alioqui
346 2510 432 2572 boni
457 2510 518 2591 qui
543 2530 706 2589 magnam
732 2510 882 2573 hominis
896 2510 1155 2572 vehementiam
1181 2511 1353 2572 adversus
1370 2529 1474 2589 quos-

191 2637 340 2697 cumque
365 2617 423 2697 qui
449 2618 671 2679 lutheranum
697 2617 878 2700 quippiam
903 2637 1029 2697 sapere
1054 2616 1260 2678 viderentur
1284 2615 1381 2678 ferre
1403 2637 1474 2678 non

191 2734 399 2805 potuerunt,
433 2725 467 2786 in
504 2745 573 2806 qua
596 2725 822 2786 vehementia
845 2723 921 2787 fieri
946 2732 1065 2804 potest
1088 2734 1126 2784 ut
1150 2722 1209 2784 ille
1235 2743 1304 2784 non
1331 2742 1477 2803 semper

192 2841 320 2894 exacte
345 2833 485 2894 modum
510 2833 851 2914 temperantiamque
881 2830 1087 2910 servaverit,
1112 2850 1190 2891 cum
1215 2829 1342 2892 hocin
1368 2830 1476 2892 vehe-

192 2937 370 3001 mentibus
394 2938 581 3002 affectibus
610 2939 857 3002 difficillimum
881 2939 945 3016 sit,
979 2939 1041 3000 sed
1074 2958 1152 2999 meo
1186 2936 1317 3000 iudicio
1342 2939 1474 2999 collau-

193 3046 331 3107 dandus
360 3055 414 3108 est
445 3046 598 3109 hominis
631 3048 726 3109 zelus
760 3067 830 3127 quo
861 3046 895 3107 in
927 3044 1074 3107 materia
1104 3043 1187 3106 fidei
1220 3063 1361 3125 semper
1392 3064 1478 3105 usus

193 3161 247 3214 est
271 3152 390 3214 statim
415 3155 460 3215 ab
485 3163 612 3217 exortu
636 3155 843 3216 lutheranae
868 3154 1067 3214 haereseos
1116 3151 1197 3231 Ipse
1223 3149 1315 3211 enim
1340 3149 1477 3230 primus

192 3258 388 3339 publicavit
423 3260 753 3322 condemnationem
800 3259 947 3321 Lutherr
980 3278 1228 3339 perversorum
1267 3258 1476 3338 dogmatum

193 3386 257 3448 per
281 3366 524 3428 Lovanienses
548 3367 753 3446 Theologos
777 3365 1030 3446 magistraliter
1054 3365 1194 3428 factam.
1244 3363 1324 3444 lpse
1340 3365 1475 3426 bullam

193 3471 248 3532 8⁸⁰
281 3473 470 3535 memoriae
495 3473 617 3554 Papae
642 3473 772 3535 Leonis
796 3474 968 3535 adversus
993 3472 1116 3533 eadem
1141 3472 1321 3552 dogmata,
1339 3490 1475 3533 eorum·

193 3600 261 3661 que
286 3591 467 3643 auctorem
491 3581 653 3642 emissam
679 3589 714 3642 et
738 3579 890 3642 edictum
915 3579 1098 3661 imperiale
1122 3598 1188 3659 pro
1220 3577 1331 3659 ipsius
1356 3580 1477 3641 bullae

194 3687 406 3749 executione
431 3687 643 3750 sollicitante
667 3686 711 3750 D.
729 3686 1151 3769 HieronymoAleandro
1167 3684 1348 3765 Episcopo
1364 3685 1477 3747 Brun·

194 3792 331 3872 dusin0,
348 3804 430 3856 tunc
446 3794 569 3857 nuntio
587 3795 797 3872 Apostolico
817 3793 931 3873 factis,
954 3793 989 3855 in
1016 3791 1166 3854 diversis
1190 3790 1294 3854 terris
1319 3812 1362 3853 ac
1389 3793 1478 3854 locis

195 3901 389 3981 evulgavit.
437 3901 519 3981 Ipse
554 3902 598 3963 D.
634 3900 826 3963 Francisco
863 3899 1004 3962 Hulstio
1038 3920 1141 3981 quem
1178 3908 1248 3960 tam
1282 3898 1479 3979 imperator

194 4028 298 4088 quam
335 4007 448 4070 felicis
496 4006 753 4070 recordationis
788 4008 889 4089 Papa
925 4007 1128 4069 Hadrianus
1164 4004 1338 4067 Dominus
1377 4027 1478 4068 meus

194 4114 397 4176 haereticae
421 4135 463 4177 ac
487 4114 713 4176 Lutheranae
738 4113 924 4196 pravitatis
958 4114 991 4176 in
1025 4113 1080 4174 his
1113 4111 1274 4193 partibus
1303 4110 1476 4175 inferiori·

195 4224 261 4283 bus
285 4222 489 4301 generalem
514 4222 775 4301 deputaverant
798 4221 833 4283 in
851 4219 1070 4283 comissionis
1087 4239 1171 4281 suae
1189 4228 1224 4281 et
1239 4218 1479 4300 inquisitionis

196 4327 407 4390 executione
432 4348 573 4409 semper
597 4327 881 4391 constantissime
897 4326 1027 4406 affecit,
1044 4347 1114 4388 non
1131 4326 1205 4386 sine
1220 4345 1352 4407 magno
1366 4346 1479 4408 saepe

196 4435 291 4497 vitae
307 4455 391 4497 suae
404 4435 573 4516 pericu10,
591 4455 695 4516 quern
707 4435 934 4497 Franciscum
957 4434 1023 4496 nisi
1037 4431 1116 4497 8¹⁰¹¹⁸
1129 4434 1173 4495 D.
1192 4432 1234 4495 N.
1249 4431 1416 4495 Clemens
1434 4435 1478 4495 ad

197 4541 612 4604 instantiaminmeDnae
625 4541 900 4605 Archiducissae
923 4543 1144 4624 quorundam
1166 4539 1315 4601 avaritia
1330 4559 1478 4603 exceca-

196 4662 311 4711 torum
336 4649 626 4731 suggestionibus
650 4648 911 4711 circumventae
935 4651 981 4711 ab
997 4648 1115 4711 officio
1132 4646 1335 4726 destitisset,
1362 4648 1479 4710 audeo

197 4756 317 4818 dicere
328 4776 406 4818 cum
419 4755 535 4817 multis
548 4756 783 4837 prudentibus
797 4766 831 4818 et
844 4755 969 4818 zelosis
982 4755 1067 4817 viris
1080 4757 1203 4817 harum
1214 4752 1368 4834 partium
1382 4757 1478 4835 quod
