3330 5580
715 447 963 503 emmau*

197 593 365 675 quirano,
389 595 525 657 harano
549 592 609 673 gii
633 592 841 676 parechiata
865 596 900 657 la
924 594 1154 659 excusatione
1179 616 1246 678 per
1268 607 1399 677 questa
1422 617 1485 660 sua

196 712 377 783 resposta,
413 702 458 763 de
482 720 554 762 non
579 701 690 763 haver
713 711 871 782 possum.
918 700 948 763 Il
980 703 1047 765 che
1070 703 1190 765 hanno
1223 702 1316 766 fatto
1340 703 1415 766 fino
1438 705 1484 767 ad

196 809 302 870 hora:
339 809 404 870 che
435 828 473 869 se
497 808 691 870 havessero
715 810 837 870 voluto
872 827 1017 889 ognuno
1050 829 1116 890 per
1146 829 1186 873 sc
1215 807 1271 872 far
1302 812 1337 873 el
1361 810 1484 874 debito

197 934 298 977 como
331 923 506 997 poteano,
543 923 579 976 et
601 934 712 988 ancor
742 925 898 996 potone,
934 935 1005 978 non
1039 914 1069 977 si
1093 917 1247 979 sarebbe
1279 916 1426 981 incorso
1448 917 1483 982 in
1510 975 1513 978 r

196 1029 295 1084 tanto
321 1041 452 1086 errore.

285 1128 329 1191 Et
353 1131 419 1192 che
443 1128 486 1191 sii
510 1129 543 1190 el
567 1147 653 1190 vero
678 1129 744 1190 che
768 1127 913 1190 habiino
938 1127 1093 1210 pessima
1108 1128 1326 1213 intentione,
1351 1141 1390 1194 et
1413 1152 1483 1196 non

196 1235 276 1298 dico
300 1256 370 1298 non
396 1235 553 1318 possin0,
577 1256 635 1297 ma
658 1254 729 1297 non
754 1234 888 1297 voliino
912 1235 1064 1316 exequir
1088 1237 1121 1298 el
1137 1235 1322 1319 Mandato,
1346 1237 1377 1301 si
1402 1258 1483 1322 cog·

195 1363 303 1405 nosce
327 1341 712 1405 evidentissimamente
737 1361 801 1424 per
825 1362 871 1403 un
888 1341 1052 1423 Capitolo
1078 1343 1123 1406 de
1146 1343 1247 1406 detta
1262 1344 1390 1408 ultima
1404 1365 1484 1409 con·

195 1449 370 1530 elusione,
406 1450 499 1511 dove
524 1447 653 1511 dicono
678 1447 819 1511 deversi
843 1447 984 1511 interim
1015 1468 1081 1530 per
1104 1452 1183 1513 loro
1207 1451 1414 1533 examinat,
1449 1463 1485 1516 et

194 1576 342 1651 separat
374 1556 398 1619 il
423 1558 515 1618 bene
546 1556 606 1617 >dal
632 1556 743 1634 male,
779 1557 824 1617 de
856 1556 890 1618 le
924 1575 1034 1638 opere
1069 1557 1114 1618 de
1150 1557 1266 1639 questi
1298 1558 1483 1641 haeretici,

195 1640 361 1763 affioche
385 1663 590 1726 finalmente
615 1661 643 1724 si
669 1661 758 1744 sapii
784 1664 850 1725 che
874 1661 933 1725 via
957 1661 987 1724 si
1011 1662 1109 1725 habii
1133 1665 1179 1725 ad
1203 1664 1315 1747 tenir,
1340 1667 1376 1728 la
1401 1667 1483 1748 qual

194 1750 287 1850 cosa,
313 1772 404 1833 oltra
428 1771 494 1833 che
517 1789 583 1852 per
607 1767 702 1831 mille
727 1767 807 1849 capi
832 1769 850 1831 ὲ
875 1768 983 1850 piena
1005 1769 1050 1832 de
1067 1769 1222 1853 impieta,
1248 1780 1285 1833 et
1299 1774 1485 1854 scandalo,

194 1879 240 1939 ad
265 1877 320 1939 dir
349 1878 394 1940 de
418 1896 550 1958 pensat
574 1877 701 1938 adesso
735 1876 800 1938 che
824 1875 882 1938 via
906 1895 945 1938 se
968 1876 1067 1939 habii
1091 1878 1137 1940 ad
1161 1877 1253 1940 tenir
1280 1877 1317 1940 in
1341 1882 1375 1943 le
1401 1900 1485 1945 cose

194 1986 239 2046 de
264 1985 299 2047 la
322 1983 425 2058 fede;
451 1983 480 2045 si
504 1984 595 2045 vede
621 1984 881 2045 oculatamente
905 1984 971 2045 che
996 1984 1014 2046 ὁ
1040 1993 1164 2047 contra
1192 1986 1361 2066 predetto
1383 1987 1482 2052 Man·

194 2093 288 2155 dato.
335 2090 403 2153 Nel
434 2092 517 2171 qual
549 2089 578 2152 si
603 2091 813 2152 commanda
845 2104 1138 2171 expressamente
1171 2092 1237 2154 che
1267 2093 1484 2175 seguitando

193 2199 229 2261 la
252 2198 428 2261 sententia
453 2198 497 2259 de
524 2198 558 2259 la
582 2195 679 2259 Sede
704 2196 916 2278 Apostolica
939 2196 987 2280 (A
1010 2199 1046 2260 la
1069 2199 1154 2279 qual
1178 2199 1255 2261 sola
1269 2200 1485 2281 appartiene

195 2304 332 2368 iudicer
356 2306 404 2367 tal
430 2324 529 2383 cosa,
566 2313 602 2366 et
625 2313 701 2366 tuto
732 2305 764 2366 el
790 2302 1080 2367 Christianesimo
1104 2305 1123 2367 ὲ
1148 2314 1272 2368 tenuto
1295 2306 1332 2368 in
1357 2320 1486 2389 questa

194 2423 297 2494 parte
331 2412 507 2493 seguirla,
542 2431 643 2473 como
678 2431 819 2491 sempre
844 2412 891 2472 ha
914 2409 1018 2492 fatto)
1051 2411 1118 2474 tuti
1146 2412 1262 2493 questi
1287 2412 1369 2477 libri
1405 2436 1485 2480 cum

193 2520 312 2600 quello
337 2520 403 2581 che
427 2519 464 2581 in
488 2518 558 2582 ossi
582 2539 621 2581 se
645 2519 829 2599 contiene,
855 2539 875 2580 e
899 2520 985 2598 ben,
1022 2539 1042 2581 o
1067 2521 1159 2582 male
1184 2519 1274 2582 siino
1298 2522 1485 2604 prohibiti,

194 2636 230 2688 et
254 2627 311 2688 del
336 2634 413 2688 tuto
439 2626 485 2688 da
509 2623 717 2688 annihilare.
766 2625 793 2687 Il
819 2627 884 2688 che
908 2625 943 2688 in
968 2624 1072 2688 simili
1096 2626 1169 2689 casi
1194 2647 1335 2708 sempre
1359 2629 1398 2691 fu
1423 2633 1484 2694 ob-

193 2742 336 2796 servato
362 2742 397 2795 et
422 2734 467 2795 da
492 2733 516 2795 li
542 2732 708 2814 Apostoli
733 2752 833 2795 come
857 2752 972 2814 appar
995 2753 1040 2796 ne
1064 2733 1089 2795 li
1113 2733 1188 2814 atti,
1213 2743 1248 2796 et
1272 2735 1318 2797 da
1341 2735 1367 2798 li
1390 2737 1482 2800 Pon·

194 2839 296 2920 timi,
331 2850 367 2902 et
390 2839 583 2902 universali
608 2837 773 2919 Concilii,
806 2840 949 2920 quando
974 2859 1013 2902 se
1037 2841 1084 2902 ha
1107 2849 1254 2903 trattato
1278 2842 1324 2904 de
1348 2842 1374 2905 li
1398 2834 1485 2909 libri

194 2947 239 3009 de
263 2946 463 3026 Haeretici,
497 2947 521 3009 li
553 2944 649 3028 quali
673 2966 711 3008 se
736 2965 807 3008 non
832 2947 1025 3010 havessero
1058 2946 1157 3008 inse
1188 2949 1340 3028 qualche
1372 2970 1483 3032 appa·

192 3051 308 3116 rentia
332 3054 377 3115 de
401 3055 496 3115 bono
521 3073 592 3115 non
609 3055 805 3116 sarebbero
828 3052 1020 3136 periculosi
1044 3053 1124 3116 anci
1140 3074 1210 3116 non
1233 3055 1279 3116 da
1293 3053 1350 3117 far
1366 3056 1483 3122 stima.

193 3159 237 3221 Et
261 3160 381 3240 quello
406 3162 472 3223 che
497 3160 515 3222 ὲ
539 3162 636 3223 bono
664 3160 698 3221 in
723 3163 818 3240 lor0,
843 3161 952 3222 molto
978 3159 1082 3222 melio
1107 3158 1136 3222 si
1160 3168 1279 3241 trova,
1315 3170 1351 3223 et
1375 3183 1485 3228 senza

195 3268 298 3329 alcun
322 3266 483 3349 pericolo
509 3287 553 3329 ne
578 3267 603 3329 li
627 3266 708 3329 libri
733 3266 923 3348 approbati
948 3266 994 3328 da
1018 3268 1053 3328 la
1077 3265 1229 3330 Chiesia.

284 3375 429 3436 Ancora
452 3375 572 3436 hanno
598 3375 765 3436 concluso
781 3382 1044 3455 presunptuosa
1060 3382 1096 3435 et
1111 3373 1233 3454 iniqua
1249 3383 1378 3457 mente,
1403 3379 1483 3459 che,

194 3501 216 3543 a
230 3490 356 3561 questo
373 3478 446 3542 San
464 3479 619 3543 Martino
635 3480 799 3561 proxime
814 3480 933 3543 futuro
948 3479 978 3542 si
995 3480 1216 3563 congregino
1239 3480 1276 3543 in
1291 3478 1400 3564 Spira
1414 3485 1483 3548 tuti

193 3586 218 3649 li
242 3587 325 3649 stati
342 3590 432 3649 cossl
450 3586 691 3650 Ecclesiastici
715 3608 815 3650 come
838 3586 999 3668 seculari,
1024 3588 1117 3649 dove
1140 3608 1178 3650 se
1194 3587 1291 3650 habii
1315 3608 1336 3650 a
1352 3598 1485 3654 trattar

193 3694 239 3756 de
264 3694 296 3756 le
322 3714 405 3756 cose
430 3695 474 3756 de
499 3695 533 3756 la
552 3694 724 3775 Religion
750 3703 786 3757 et
810 3693 973 3756 doctrina
990 3692 1205 3766 Christiana;
1233 3714 1317 3757 cosa
1340 3694 1376 3758 in
1392 3716 1483 3761 vero

192 3799 317 3883 impia,
354 3811 388 3863 et
411 3801 614 3882 periculosa
637 3823 658 3863 a
683 3803 717 3864 la
742 3799 990 3882 Christianita,
1027 3800 1056 3863 si
1080 3820 1180 3864 come
1204 3822 1225 3864 a
1249 3803 1326 3865 loro
1350 3804 1481 3885 pertie·

192 3929 295 3971 nesse
320 3929 426 3971 senza
451 3909 483 3971 el
508 3928 598 3991 capo
634 3909 678 3971 de
702 3909 737 3971 la
761 3907 903 3971 Chiesia
928 3908 1107 3989 disputar,
1143 3928 1164 3970 0
1189 3907 1336 3972 decider
1359 3911 1405 3973 de
1430 3916 1483 3977 tal

190 4015 357 4095 materia,
389 4024 426 4078 et
449 4036 520 4078 non
544 4016 605 4097 piir
630 4025 723 4077 tosto
748 4015 874 4077 obedir
905 4014 929 4076 li
953 4015 1006 4076 sui
1036 4014 1212 4097 superiori
1244 4025 1279 4078 et
1302 4017 1404 4080 viver
1427 4041 1481 4084 se·

190 4123 306 4186 cundo
340 4125 373 4184 el
395 4122 463 4185 rito
496 4123 543 4185 da
573 4125 608 4186 la
631 4125 713 4204 lege
737 4121 868 4185 Divina
904 4132 938 4185 et
962 4123 1117 4185 humana
1147 4123 1326 4205 instituto,
1363 4135 1400 4189 et
1430 4127 1481 4192 fin

189 4229 249 4311 qui
274 4228 492 4293 continuato.

277 4336 500 4399 Finalmente
533 4339 652 4400 hanno
677 4339 845 4400 concluso
879 4338 924 4399 de
955 4356 1109 4400 renovar
1143 4339 1177 4399 la
1202 4338 1351 4402 materia
1383 4341 1429 4403 de
1455 4342 1481 4405 li

187 4443 347 4524 gravami
373 4454 500 4506 contra
524 4444 558 4506 la
574 4441 669 4507 Sede
686 4443 897 4527 Apostolica
922 4452 958 4506 et
982 4446 1015 4506 el
1032 4441 1135 4507 Stato
1152 4444 1406 4509 Ecclesiastico
1431 4450 1480 4513 de

188 4548 400 4630 Germania,
431 4551 588 4614 secundo
614 4552 649 4614 la
672 4551 787 4614 forma
810 4571 917 4633 presa
949 4550 984 4613 in
1010 4553 1043 4613 la
1067 4552 1262 4632 penultima
1288 4551 1416 4616 Diaeta
1439 4557 1481 4620 dc

186 4656 428 4742 Norz'mberga,
462 4678 532 4720 non
562 4659 727 4721 obstante
752 4660 817 4721 che
842 4657 949 4739 quelli
974 4659 1136 4739 gravami
1165 4680 1231 4740 per
1253 4661 1288 4722 la
1311 4661 1481 4745 maggior

186 4772 290 4847 parte
315 4763 408 4828 siino
434 4763 533 4845 falsi,
571 4774 606 4828 et
629 4764 756 4847 iniqui,
793 4764 888 4830 etin
912 4765 1036 4829 alcuni
1054 4765 1147 4829 lochi
1173 4766 1313 4830 erronei
1344 4768 1479 4835 tamin
