3330 5580
656 513 714 567 ΗΒ
753 515 806 568 479
844 513 902 567 &0

142 673 195 724 sat
210 662 284 725 scio
306 660 413 725 fuerit
429 662 528 724 Tuae
545 680 637 723 nunc
654 659 845 723 Sanctitati
861 660 1104 743 perscribere:
1120 661 1174 722 cui
1190 660 1350 723 nimirum
1365 662 1424 722 ob·

142 789 283 832 scurum
308 788 388 832 esse
411 788 483 830 non
507 776 627 849 potest
651 769 745 849 quod
761 767 817 830 vir
840 767 898 830 ille
922 766 1230 849 pestilentissimus
1261 767 1424 850 pestilen-

142 875 283 939 tissimis
306 875 380 938 suis
403 874 582 956 dogmatis
606 875 701 956 apud
726 895 809 937 suos
833 874 1061 956 promoverit.
1116 875 1166 937 At
1199 894 1285 936 vero
1320 894 1423 955 quam

143 991 179 1045 et
200 982 295 1064 apud
320 1002 385 1044 nos
404 1001 545 1062 quoque
561 981 805 1044 huiuscemodi
830 982 1016 1063 gangredo
1040 981 1095 1043 his
1119 982 1245 1044 diebus
1268 980 1425 1062 irrepere

142 1099 270 1152 conata
293 1088 354 1168 sit,
386 1108 562 1170 quamque
596 1089 719 1150 sedulo
748 1087 793 1150 sit
823 1108 844 1150 a
868 1088 972 1150 nobis
995 1088 1080 1150 itum
1106 1088 1258 1167 obviam,
1282 1088 1425 1150 abunde

143 1217 187 1259 ex
211 1197 335 1257 horum
361 1196 475 1258 latore
499 1214 707 1277 cognosces,
733 1195 792 1276 qui
816 1206 852 1257 et
875 1195 952 1275 ipse
977 1195 1027 1256 rei
1052 1203 1177 1277 gestae
1202 1193 1359 1256 interfuit
1384 1215 1424 1256 ac

143 1322 276 1365 summa
299 1322 378 1364 cum
401 1300 473 1364 fide
496 1302 594 1364 Tuae
619 1300 837 1364 Beatitudini
861 1300 994 1364 referet
1017 1322 1108 1383 quae
1133 1322 1197 1364 nos
1213 1302 1244 1365 ei
1263 1303 1424 1364 dedimus

142 1409 177 1471 in
200 1407 386 1471 mandatis
434 1408 513 1470 Non
539 1408 643 1471 facile
667 1407 831 1489 profecto
856 1408 925 1470 dici
950 1420 1058 1489 queat
1089 1429 1159 1490 quo
1191 1411 1335 1471 tandem
1365 1409 1421 1470 de·

144 1516 293 1579 mentiae
317 1515 491 1597 pessimus
515 1516 642 1596 genius
665 1517 826 1597 perditos
850 1517 959 1578 hosce
984 1516 1247 1598 seditiososque
1263 1517 1423 1578 homines

143 1622 315 1699 adegerit.
375 1622 443 1703 Qui
478 1643 547 1685 non
577 1624 734 1686 contenti
766 1622 941 1703 sacrilega
977 1644 1040 1685 sua
1076 1624 1238 1685 doctrina
1271 1633 1324 1685 tot
1355 1623 1422 1685 iam

144 1741 330 1812 tantasque
364 1728 622 1793 Germanorum
657 1731 818 1793 nationes
851 1730 1038 1809 imbuisse,
1069 1750 1161 1792 nunc
1197 1731 1340 1791 tandem
1377 1731 1422 1791 ad

144 1837 356 1900 christianae
391 1837 609 1919 reipublicae
649 1837 940 1919 tranquillitatem
974 1837 1117 1919 penitus
1144 1837 1424 1919 perturbandam

144 1964 240 2006 arma
265 1944 370 2007 etiam
394 1964 522 2025 rapere
547 1964 617 2006 non
643 1956 826 2023 verentur,
860 1943 1091 2006 insanissimis
1119 1944 1192 2006 suis
1216 1943 1425 2006 tumultibus

145 2070 244 2113 sacra
277 2052 532 2132 prophanaque
565 2050 682 2112 omnia
713 2050 912 2114 miscentes,
966 2052 1179 2115 Pervaserat
1210 2051 1264 2113 his
1300 2050 1425 2112 diebus

146 2177 264 2219 eorum
288 2156 388 2219 furor
410 2159 456 2219 ad
480 2176 604 2238 agrum
631 2178 742 2239 usque
767 2158 943 2221 Alsatium
961 2168 1103 2221 nostrae
1122 2157 1244 2220 ditioni
1261 2156 1424 2237 vicinum,

147 2284 214 2344 quo
237 2263 273 2326 in
298 2265 378 2326 loco
403 2284 507 2345 quam
532 2264 651 2345 impia,
675 2285 780 2346 quam
803 2263 996 2346 flagitiosa,
1022 2285 1125 2346 quam
1151 2265 1342 2346 nephanda
1367 2265 1424 2325 ad-

147 2370 320 2433 misserint
345 2390 414 2432 non
431 2371 532 2433 unius
549 2371 712 2453 profecto
731 2371 838 2434 fuerit
855 2371 1043 2434 voluminis
1066 2372 1257 2453 explicare.
1297 2370 1426 2434 Sacras

148 2478 252 2539 aedes
266 2477 433 2559 diripere,
447 2477 654 2540 clericorum
675 2479 870 2560 compilare
892 2480 1026 2555 domos
1053 2478 1213 2540 divorum
1239 2478 1425 2541 simulacra

147 2593 349 2665 statuasque
363 2587 587 2663 obtruncare,
602 2584 851 2665 comminuere,
878 2606 1041 2666 exurere,
1065 2586 1197 2667 templa
1215 2586 1291 2666 ipsa
1312 2584 1423 2647 fundi-

147 2701 200 2754 tus
220 2700 393 2771 evertere,
412 2692 490 2753 Deo
505 2692 641 2754 dicatas
658 2691 816 2773 virgines
834 2692 905 2756 suis
920 2695 1056 2775 pellere
1074 2692 1230 2773 sedibus,
1249 2695 1293 2754 ad
1318 2693 1425 2773 impia

147 2818 207 2861 eas
218 2796 376 2879 adigere,
390 2800 593 2861 sacerdotes
607 2820 647 2860 ac
664 2799 943 2862 coenobiarchas
963 2799 1097 2862 indicta
1115 2819 1240 2862 caussa
1259 2809 1425 2877 mactare,

147 2926 190 2967 ne
201 2908 247 2967 ab
258 2905 336 2986 ipsa
358 2906 498 2986 quidem
521 2906 757 2968 sacrosancta
778 2906 1008 2986 Eucharistia,
1022 2926 1113 2987 quae
1127 2907 1272 2969 demore
1285 2907 1425 2988 templis

147 3012 313 3074 custodiri
327 3013 427 3090 solet,
441 3015 633 3075 sceleratas
646 3013 827 3075 abstinere
847 3034 986 3083 manus:
1001 3014 1159 3076 breviter
1180 3013 1264 3075 nihil
1281 3034 1425 3094 prorsus

147 3138 265 3180 eorum
280 3139 348 3180 non
361 3118 659 3182 confidentissime
673 3132 882 3202 perpetrare
899 3140 989 3201 quae
1010 3122 1054 3182 ad
1069 3120 1335 3182 factiosissimos
1347 3139 1412 3181 con

147 3224 446 3306 iuratissimosque
460 3226 626 3289 siccarios
635 3229 825 3308 pertinent.
852 3227 890 3287 ld
906 3224 1109 3313 quodgcerte
1122 3247 1227 3307 quum
1244 3227 1292 3287 ita
1303 3225 1427 3288 abillis

146 3330 223 3393 fieri
257 3331 472 3411 videremus,
510 3343 547 3395 ut
582 3333 776 3414 periculum
809 3344 903 3396 esset
941 3354 985 3395 ne
1017 3343 1052 3395 et
1079 3334 1113 3395 in
1140 3344 1261 3396 nostra
1285 3354 1425 3415 quoque

148 3437 279 3500 ditione
308 3437 376 3500 sibi
413 3439 529 3502 vicina
553 3439 739 3521 imperitae
764 3441 996 3502 multitudinis
1021 3441 1182 3503 incautos
1215 3440 1351 3503 animos
1375 3463 1424 3503 se-

148 3547 327 3624 ducerent,
353 3546 388 3607 id
416 3545 581 3609 videlicet
606 3568 649 3610 eo
674 3547 813 3609 facilius
838 3568 907 3628 quo
932 3547 1098 3609 maiorem
1124 3547 1190 3628 ipsi
1215 3548 1427 3628 plebeculae

147 3651 345 3715 libertatem
372 3665 432 3714 aut
456 3653 635 3716 licentiam
660 3654 778 3715 verius
802 3657 1071 3735 proponebant,
1104 3654 1267 3735 equidem
1293 3654 1327 3715 in
1352 3674 1426 3715 rem

147 3758 382 3822 Christianam
405 3760 580 3823 facturum
605 3782 660 3822 me
696 3760 836 3842 putavi,
875 3761 903 3823 si
939 3760 1053 3842 primo
1089 3781 1230 3842 quoque
1265 3769 1425 3841 tempore

148 3867 254 3930 tantis
277 3879 454 3930 tantorum
485 3870 654 3931 malorum
691 3868 798 3930 initiis
833 3888 1065 3931 occurrerem.
1117 3868 1276 3931 Collecto
1306 3868 1426 3949 itaque

148 3975 315 4038 mediocri
340 3975 483 4056 quidem
508 3977 567 4037 illa
598 3976 660 4038 sed
694 3996 762 4037 non
795 3976 1056 4038 contemnenda
1083 3988 1199 4038 tamen
1226 3986 1424 4037 nostrorum

148 4081 293 4145 militum
310 4102 426 4155 manu,
452 4103 620 4145 unacum
644 4082 876 4145 auxiliaribus
900 4083 1012 4163 copiis
1036 4104 1123 4163 quas
1143 4082 1311 4146 Claudius
1327 4082 1424 4145 Cam-

148 4189 275 4270 paniae
321 4210 466 4271 praeses
502 4211 542 4253 ac
583 4190 784 4252 ludovicus
819 4189 947 4253 Comes
985 4189 1264 4252 Vaudemontius
1299 4190 1428 4251 fratres

149 4296 257 4358 nostri
271 4297 505 4376 adduxerant,
516 4304 549 4359 in
560 4318 621 4359 eos
637 4297 754 4358 statim
765 4296 932 4377 impetum
950 4296 1106 4375 fecimus,
1118 4298 1280 4377 adeoque
1297 4295 1427 4358 nostris

148 4404 334 4466 conatibus
351 4405 602 4487 sedulitatique
619 4404 778 4467 Christus
793 4402 882 4466 favit
895 4414 932 4465 ut
947 4402 1038 4466 intra
1055 4403 1130 4467 dies
1154 4403 1309 4485 quinque
1334 4424 1353 4466 e
1370 4402 1425 4464 tri-

148 4513 213 4573 bus
230 4512 375 4593 praeliis
391 4512 519 4592 quibus
535 4534 611 4576 cum
630 4511 716 4593 ipsis
726 4508 958 4587 confliximus,
973 4510 1118 4573 totidem
1129 4509 1426 4573 retulerimusvic-

148 4618 266 4697 torias,
291 4618 405 4681 caesis
429 4620 566 4683 illorum
591 4618 762 4701 tringinta
775 4619 856 4698 plus
871 4617 982 4679 minus
997 4617 1162 4695 millibus,
1177 4618 1323 4680 totidem
1348 4638 1425 4699 pro·

149 4726 336 4807 pemodum
374 4726 461 4789 fusis
494 4727 709 4810 fugatisque.
770 4724 871 4787 Nunc
909 4724 1017 4805 igitur
1058 4736 1289 4806 posteaquam
1330 4726 1427 4787 bello

148 4831 215 4894 hoc
241 4833 318 4895 Deo
342 4833 548 4915 adspirante
577 4833 730 4897 feliciter
754 4831 934 4911 confecto,
963 4834 1130 4895 reducem
1160 4833 1270 4895 habet
1300 4832 1426 4915 patria,
