3330 5580
665 112 911 167 0-43221f>·0

132 260 208 322 viri
244 261 491 343 (praelatique)
517 259 669 321 animum
702 258 755 321 sui
789 258 911 321 Sancti
944 258 1098 340 Spiritus
1126 258 1210 339 igne
1239 256 1428 336 afflaverit,

134 368 293 449 eiusque
318 366 555 429 constantiam
580 377 615 427 et
646 365 816 446 pietatem
848 365 1001 428 maxime
1033 365 1235 426 necessario
1268 376 1428 445 tempore

136 496 210 555 pro
237 476 332 537 Suae
358 474 512 535 Sanctae
537 472 620 535 fidei
645 474 801 535 candore
833 473 1093 551 conservandO,
1130 484 1253 533 contra
1285 471 1428 552 impium

135 583 302 644 furorem
333 602 450 644 novae
476 579 741 642 debaccationis
773 583 965 642 haereseos
997 589 1090 640 stare
1124 578 1295 658 voluerit,
1334 579 1430 659 quod

138 689 289 771 quidem
326 688 470 768 dignum
508 696 567 749 tua
600 687 797 768 praestanti
840 687 989 766 virtute,
1035 685 1180 767 dignum
1215 687 1283 747 hoc
1327 706 1429 766 quem

139 796 243 878 geris
267 797 418 876 honore,
454 796 599 875 dignum
624 814 757 875 genere
783 806 818 857 et
843 794 1036 856 maioribus
1060 793 1147 873 tuis,
1172 794 1235 855 sed
1259 791 1430 873 imprimis

141 903 213 965 isto
242 903 322 984 ipso
352 901 557 964 charissimo
582 902 617 962 in
644 901 783 964 Christo
817 901 890 964 filio
922 913 1043 964 nostro
1076 901 1210 982 optimo
1241 898 1429 980 religiosis-

141 1010 306 1090 simoque
331 1009 486 1072 Caesare
511 1007 776 1088 dignissimum,
810 1008 909 1071 cuius
944 1021 980 1070 ut
1013 1011 1127 1070 honor
1157 1007 1347 1083 maximus,
1380 1005 1429 1067 sic

143 1118 292 1198 pietatis
315 1118 394 1178 laus
418 1115 547 1178 eximia
572 1114 649 1178 fuit.
703 1114 820 1177 Vincit
852 1115 1015 1198 profecto
1049 1115 1254 1176 facultatem
1291 1123 1326 1174 et
1360 1112 1428 1174 vim

144 1234 325 1301 nostram,
358 1232 396 1284 ut
420 1222 480 1283 vix
505 1232 541 1283 te
565 1221 643 1302 pari
668 1223 773 1285 laude
799 1225 999 1301 celebrare,
1031 1222 1090 1282 vix
1124 1221 1271 1282 idoneas
1296 1220 1430 1302 gratias

146 1351 255 1412 agere
281 1350 389 1412 posse
415 1328 609 1406 videamur,
634 1330 697 1390 sed
722 1349 787 1392 nos
811 1330 1014 1392 memoriam
1039 1329 1126 1390 tanti
1152 1329 1201 1390 tui
1220 1327 1327 1390 officii
1353 1347 1428 1407 per-

148 1449 289 1519 petuam
315 1437 350 1499 in
375 1435 493 1498 animo
518 1435 762 1509 retinebimus;
789 1436 865 1518 ipse
891 1447 1007 1499 autem
1025 1437 1123 1498 Deus
1138 1445 1321 1517 spectator
1336 1435 1429 1497 idem

148 1558 180 1608 et
203 1555 453 1608 remunerator
477 1546 651 1605 bonorum
676 1562 842 1624 operum,
867 1543 923 1606 cui
948 1546 1036 1606 haec
1062 1566 1083 1605 a
1106 1553 1141 1605 te
1165 1563 1275 1624 opera
1300 1552 1431 1604 navata

148 1662 260 1717 estet
285 1651 342 1713 cui
366 1652 553 1714 multorum
578 1649 735 1712 fidelium
759 1651 897 1714 animae
928 1671 993 1732 per
1022 1661 1057 1712 te
1079 1659 1161 1712 sunt
1183 1651 1240 1711 vel
1264 1658 1429 1710 servatae

149 1761 202 1823 rel
225 1759 413 1838 redditae,
449 1757 478 1818 is
502 1767 537 1820 te
561 1757 726 1838 profecto
751 1769 821 1820 tam
847 1758 956 1838 largis
980 1756 1124 1840 premiis
1151 1755 1358 1834 illustrabit,
1393 1765 1430 1816 ut

142 1865 307 1948 quotidie
342 1864 456 1945 magis
492 1873 744 1946 perspecturus
780 1864 828 1928 sis
862 1867 959 1927 nulla
991 1886 1029 1928 re
1069 1864 1252 1926 uberiores
1292 1863 1429 1945 percipi

142 1974 284 2038 fructus
308 1993 415 2054 quam
440 1992 526 2035 vera
549 1971 682 2053 pietate
707 1982 743 2035 et
777 1972 844 2034 Dei
875 1975 994 2052 legum
1030 1973 1345 2052 mandatorumque
1370 1974 1428 2033 ob·

132 2079 346 2158 servantia,
382 2099 593 2160 quamquam
631 2099 696 2140 nec
720 2099 784 2141 nos
820 2079 1032 2160 ubicumque
1058 2080 1156 2140 locus
1187 2078 1290 2140 nobis
1327 2079 1429 2140 datus

132 2187 255 2251 fuerit
280 2184 460 2249 nobilitati
484 2197 565 2246 tuae
591 2184 777 2247 deerimus.
816 2185 916 2247 Nunc
933 2187 1028 2266 quod
1046 2184 1220 2266 reliquum
1235 2195 1299 2263 est,
1324 2206 1428 2266 quum

120 2294 247 2357 falsis
271 2303 308 2356 et
332 2290 512 2373 pestiferis
537 2291 762 2372 opinionibus
787 2292 972 2370 damnatiS,
998 2292 1150 2355 hominis
1175 2292 1271 2372 impii
1288 2312 1429 2372 perver-

116 2401 233 2463 sitas
257 2412 294 2462 et
319 2398 510 2482 pertinatia
534 2399 736 2482 frangenda
760 2413 832 2481 est,
865 2401 1012 2482 ipseque
1037 2400 1153 2463 acrius
1179 2400 1429 2481 insequendus,

116 2519 186 2569 ut
210 2506 347 2570 nefario
372 2505 494 2568 fomite
520 2526 676 2568 errorum
702 2509 855 2586 sublato,
880 2508 938 2587 qui
962 2507 1106 2569 abducti
1128 2508 1160 2569 in
1187 2529 1335 2588 pravum
1354 2528 1429 2569 scn-

118 2635 223 2676 sum
250 2612 433 2676 Sathanae
459 2613 609 2694 perfidia
633 2622 736 2694 sunt,
761 2615 806 2675 ad
830 2614 990 2676 veritatis
1015 2617 1175 2695 regulam
1201 2626 1235 2676 et
1260 2614 1353 2675 viam
1379 2635 1429 2676 re-

115 2723 334 2799 ducantur,
359 2721 540 2782 hortamur
557 2720 787 2783 Nobilitatem
812 2731 907 2782 tuam
932 2721 967 2783 in
985 2722 1139 2784 Domino
1157 2734 1192 2784 et
1211 2722 1430 2803 perviscera

113 2826 413 2890 misericordiae
440 2827 506 2888 Dei
531 2827 640 2889 nostri
666 2830 904 2907 obsecramus,
931 2838 967 2889 ut
984 2832 1092 2891 semel
1109 2840 1309 2910 susceptam
1327 2828 1429 2890 huius

105 2934 372 3014 perniciosae
396 2933 487 2995 labis
511 2954 531 2995 a
556 2953 669 3015 grege
693 2933 851 2996 fidelium
876 2937 1141 3015 propulsandae
1178 2956 1318 3014 curam,
1351 2957 1428 3017 pro-

109 3040 302 3104 vinciam
327 3040 573 3120 actionemque
598 3043 643 3102 ad
668 3040 801 3103 exitum
828 3043 1019 3122 perducaS,
1044 3043 1224 3123 instesque
1249 3044 1344 3105 omni
1370 3057 1429 3104 tua

109 3166 271 3230 opera,
296 3147 518 3227 auctoritate,
544 3147 729 3228 diligentia
754 3157 791 3209 ut
820 3149 1021 3228 pestilentis
1052 3149 1203 3211 hominis
1237 3170 1429 3230 eorumque

114 3255 211 3335 qui
241 3276 322 3318 cum
354 3275 397 3317 eo
434 3253 626 3334 senserint,
665 3254 902 3336 pervicaciter
925 3255 1089 3337 impietas
1114 3258 1245 3318 nullum
1281 3256 1431 3336 amplius

116 3356 264 3425 locum
290 3361 384 3424 inter
406 3360 530 3423 fideles
556 3362 621 3423 Dei
646 3361 816 3440 inveniat,
841 3363 904 3424 sed
930 3364 985 3423 vel
1004 3363 1237 3425 exterminata
1262 3385 1307 3424 ex
1332 3363 1427 3425 omni

128 3463 355 3548 Germania,
380 3469 437 3530 vel
462 3488 579 3548 paena
603 3468 752 3550 affecta,
777 3489 841 3532 suo
866 3471 1032 3550 exemplo
1058 3471 1186 3532 doceat
1210 3491 1333 3532 omnes
1358 3491 1426 3532 non

132 3590 228 3640 esse
251 3598 273 3638 a
296 3595 396 3639 more
419 3575 591 3638 maiorum
607 3575 776 3638 divinitus
793 3576 965 3655 instituto,
988 3598 1053 3638 nec
1079 3598 1099 3638 a
1115 3587 1254 3657 patrum
1279 3590 1314 3639 et
1331 3599 1423 3640 sanc>

137 3686 263 3746 torum
288 3685 475 3745 doctorum
507 3682 749 3745 sanctionibus
783 3681 1077 3766 discedendum).
1126 3683 1205 3763 Qua
1237 3683 1272 3745 in
1297 3705 1335 3746 re
1360 3685 1427 3746 No-

141 3783 269 3854 bilitas
294 3800 356 3853 tua
380 3800 415 3852 et
438 3789 473 3852 in
498 3791 667 3853 honorem
694 3791 818 3853 summi
836 3791 903 3853 Dei
928 3791 1092 3871 publicae
1111 3790 1214 3852 saluti
1240 3791 1429 3853 Christiani

149 3897 275 3979 populi
305 3897 535 3980 prospexerit
567 3908 601 3961 et
632 3907 666 3959 te
703 3898 948 3981 dignissimum
986 3898 1160 3979 nobisque
1192 3897 1429 3978 gratissimum

188 4127 210 4183 ¹)
224 4131 266 4178 Aa
287 4133 391 4179 brevem
412 4129 496 4177 Ducis
522 4130 654 4177 Saxoniac
678 4131 721 4176 lic
745 4132 834 4177 midila
860 4138 923 4177 sunt
945 4132 1009 4178 haec
1033 4133 1126 4177 rerba:
1156 4132 1250 4193 „Quod
1276 4132 1353 4179 etiam
1381 4132 1429 4180 tibi

223 4210 358 4275 aliquanto
386 4211 528 4259 studiosius
556 4209 745 4258 elaborandum
775 4218 828 4267 est,
857 4212 927 4274 quod
958 4212 983 4258 in
1013 4212 1092 4258 corde
1121 4220 1146 4258 et
1176 4212 1319 4259 visceribus
1348 4220 1429 4259 status

224 4290 449 4354 dominiorumque
476 4297 595 4347 tuorum,
624 4299 649 4339 te
678 4291 799 4354 quidem,
827 4298 855 4338 ut
874 4293 1004 4339 cernimus
1030 4290 1126 4348 invito,
1155 4291 1205 4340 hoc
1224 4292 1299 4340 ulcus
1325 4301 1428 4340 enatum

224 4369 299 4421 latius
317 4372 345 4421 in
363 4372 505 4436 perniciem
526 4371 674 4420 catholicae
694 4370 755 4420 fidei
775 4373 899 4431 manavit,
918 4375 960 4420 cui
979 4380 1007 4419 tu
1027 4388 1074 4435 pro
1095 4379 1139 4419 tua
1157 4372 1283 4434 singulari
1301 4372 1430 4435 sapientia

225 4450 349 4516 imprimis
368 4451 449 4500 debes
468 4452 632 4516 providere.“
