3330 5580
718 471 775 525 0⁴33
815 469 946 525 588xre

191 638 260 698 quo
285 616 364 679 libri
388 617 564 680 lutherani
590 617 706 680 multis
730 617 765 679 in
790 617 877 680 locis
902 625 982 679 sunt
1007 615 1191 679 combusti.
1226 616 1332 679 Unde
1355 617 1391 679 in
1408 639 1474 680 nos

191 733 326 786 tantum
352 733 405 787 est
430 724 501 787 odii
535 726 748 788 concitatum
782 746 802 788 a
835 723 1022 788 Germanis
1055 723 1134 802 tuis,
1163 733 1201 786 ut
1230 745 1300 787 non
1335 727 1473 806 absque

191 850 321 912 magno
354 831 513 912 periculo
545 831 599 894 his
631 832 665 894 in
697 831 785 895 locis
819 833 961 911 degam;
998 830 1134 893 obsisto
1158 840 1276 894 tamen
1302 842 1473 913 quantum

190 958 352 1018 possum,
386 938 490 1000 unica
521 948 656 1001 tantum
681 939 894 1002 christianae
918 937 1062 1019 pietatis
1087 947 1123 999 et
1146 937 1329 1019 religionis
1353 959 1472 1017 causa,

191 1065 306 1125 neque
341 1046 413 1106 ulla
448 1065 523 1107 sum
559 1045 763 1108 discrimina
798 1056 859 1107 aut
897 1045 1003 1107 etiam
1041 1053 1173 1106 mortes
1208 1043 1478 1107 formidaturus.

191 1150 357 1230 Quotidie
389 1171 481 1213 nova
514 1151 571 1214 hic
602 1153 728 1233 pluunt
761 1151 906 1215 Lutheri
943 1151 1176 1214 deliramenta
1213 1162 1248 1213 et
1283 1153 1471 1213 multorum

190 1257 337 1320 aliorum
371 1278 526 1336 venena,
560 1258 641 1321 libri
674 1269 862 1340 praeterea
887 1258 1014 1321 famosi
1039 1257 1133 1321 etin
1159 1279 1214 1320 me
1239 1257 1471 1340 potissimum,

190 1364 318 1445 quibus
346 1374 481 1427 tantum
516 1368 617 1427 abest
648 1375 686 1428 ut
719 1387 863 1429 movear
886 1376 924 1428 ut
947 1365 1101 1446 pessime
1126 1385 1262 1428 mecum
1287 1373 1403 1428 actum
1428 1365 1470 1427 iri

190 1490 403 1552 cognoscam
428 1472 457 1534 si
481 1475 527 1534 ab
551 1472 792 1535 huiuscemodi
817 1472 1049 1554 scriptoribus
1073 1474 1255 1554 laudarer:
1282 1473 1372 1534 adeo
1390 1484 1471 1535 sunt

190 1578 308 1641 omnia
339 1580 446 1659 plena
476 1579 739 1642 mendaciorum
765 1591 800 1642 et
823 1578 1075 1662 frigidissimae
1100 1579 1296 1642 calumniae
1320 1599 1391 1660 qua
1416 1600 1470 1641 me

190 1686 362 1765 Judaeum
395 1696 455 1748 aut
485 1707 610 1749 recens
641 1688 751 1749 lotum
777 1696 926 1766 vocant,
960 1686 1060 1767 quasi
1086 1687 1270 1768 ignoretur
1294 1685 1411 1767 patria
1436 1697 1471 1748 et

188 1804 357 1874 parentes
381 1794 465 1872 mei,
497 1793 575 1875 qui,
601 1814 648 1857 ex
671 1794 938 1857 Marchionibus
962 1792 1104 1856 Pilosae
1127 1805 1252 1875 petrae
1276 1793 1310 1854 in
1336 1793 1471 1856 Histria

190 1911 225 1962 et
249 1901 435 1964 comitibus
460 1901 614 1964 Leandri
638 1901 824 1978 oriundus,
855 1912 915 1964 aut
939 1900 1084 1964 fuissem
1109 1920 1178 1981 ego
1201 1901 1234 1962 in
1262 1899 1470 1963 canonicum

190 2008 422 2071 Leodiensem
448 2018 613 2090 receptus
637 2011 789 2090 probata
814 2007 919 2070 etiam
945 2008 1252 2070 examinatissimis
1277 2019 1312 2070 et
1335 2007 1470 2070 iuratis-

190 2115 286 2177 simis
319 2115 468 2179 testibus
499 2137 518 2178 e
550 2124 701 2197 quatuor
734 2111 918 2195 Capitibus
951 2114 1151 2190 nobilitate,
1186 2115 1213 2177 si
1248 2117 1471 2195 neophaetus

191 2243 314 2285 essem.
369 2222 463 2284 Vide
494 2222 674 2285 hominum
704 2221 1086 2303 impudentissimorum
1120 2221 1341 2302 ineptissima
1378 2242 1470 2284 com-

190 2343 318 2392 menta.
357 2329 502 2410 Alioqui
519 2350 574 2391 me
593 2330 741 2392 laudant
764 2350 785 2391 a
809 2329 1009 2410 linguarum
1034 2328 1148 2410 copia,
1173 2327 1352 2391 literarum
1371 2328 1471 2391 varia

191 2437 389 2499 eruditione
414 2436 471 2498 isti
496 2445 723 2500 accusatores
747 2435 825 2516 mei,
854 2456 924 2516 qua
947 2435 1166 2518 potissimum
1190 2447 1292 2517 parte
1316 2443 1469 2499 me'car-

189 2564 275 2624 pere
310 2552 485 2626 poterant.
540 2544 617 2622 Jam
648 2563 734 2605 vero
766 2545 810 2605 de
843 2543 1056 2605 carminibus
1080 2543 1164 2624 quid
1189 2542 1308 2605 dicas?
1356 2542 1470 2623 Quale

190 2651 239 2713 sic
264 2651 352 2713 illud
367 2651 586 2714 Callinoeum
612 2659 647 2712 et
671 2671 773 2712 ovem
798 2648 966 2712 simulans
990 2650 1127 2712 hostica
1152 2660 1279 2713 cuncta
1295 2661 1409 2731 parat,
1433 2649 1469 2712 in

191 2758 287 2818 cuius
319 2757 435 2838 capite
468 2758 537 2818 duo
569 2758 697 2819 desunt
729 2768 900 2837 tempora.
949 2756 993 2817 Et
1018 2758 1167 2818 alterum
1199 2756 1317 2820 exurit
1348 2757 1468 2836 libroS,

189 2865 303 2945 magis
328 2865 531 2926 exurendus
555 2874 591 2927 at
614 2864 700 2945 ipse.
735 2864 784 2926 At
807 2864 983 2946 particula
1006 2865 1130 2944 pulcre
1157 2863 1298 2927 refersit
1314 2863 1469 2926 hiulcum

190 2991 342 3033 carmen.

296 3077 349 3139 En
374 3077 447 3157 tibi,
468 3078 552 3140 Ecci
576 3077 793 3155 suavissime,
819 3077 885 3140 mei
911 3080 1186 3151 obtrectatores;
1213 3098 1255 3140 en
1281 3077 1331 3139 tui
1356 3072 1469 3139 dicav-

189 3181 399 3263 ὄρομὰστιγες
432 3195 555 3247 contra
586 3205 675 3266 quos
708 3184 789 3271 (nisi
820 3184 986 3247 fortiores
1017 3184 1174 3264 veniant)
1208 3184 1273 3247 etsi
1298 3204 1368 3247 non
1393 3204 1469 3247 sum

189 3312 286 3353 arma
316 3302 518 3372 sumpturus
546 3312 651 3372 quarn
675 3291 710 3354 in
735 3291 935 3354 anniculum
961 3290 1131 3353 infantem
1156 3291 1258 3354 fortis
1283 3290 1409 3372 aliquis
1434 3301 1470 3353 et

189 3409 344 3460 armatus
375 3398 492 3476 miles,
526 3419 596 3461 non
628 3409 745 3462 tamen
778 3419 917 3480 sperem
951 3420 1005 3461 me
1037 3399 1205 3462 cohibere
1237 3419 1343 3480 posse
1371 3419 1469 3462 meos

189 3525 318 3567 vernas
343 3504 426 3586 quin
452 3507 670 3587 respondent
691 3516 727 3567 et
743 3506 984 3588 hujuscemodi
1003 3507 1189 3586 mancipia,
1215 3504 1342 3586 quibus
1358 3504 1470 3586 digna

189 3624 269 3674 sunt
302 3611 424 3693 flagris
456 3612 662 3676 inscribant.
711 3611 784 3675 Sed
816 3614 860 3676 de
892 3613 947 3675 his
979 3613 1083 3694 nugis
1108 3614 1189 3693 plus
1213 3614 1306 3677 satis.
1355 3611 1469 3692 Nunc,
1543 3698 1545 3702 .

189 3720 233 3782 mi
258 3718 352 3799 Ecci,
377 3719 458 3800 quia
483 3718 573 3782 scire
598 3720 708 3801 cupis
734 3720 817 3801 quid
842 3719 898 3782 hic
923 3730 1060 3800 agatur,
1089 3721 1180 3782 scias
1205 3719 1309 3782 velim
1334 3730 1470 3791 tantam

188 3827 244 3889 hic
276 3848 354 3889 esse
387 3828 526 3908 copiam
551 3828 831 3890 Lutheranorum
865 3838 902 3888 ut
933 3847 1002 3888 non
1026 3826 1188 3889 homines
1212 3829 1317 3889 modo
1347 3846 1470 3888 omnes

188 3935 250 3996 sed
283 3946 319 3996 et
350 3934 487 4015 lapides
518 3944 554 3997 et
583 3934 682 4016 ligna
715 3935 906 3996 Lutherum
939 3935 1102 3996 clament.
1158 3934 1282 4015 Neque
1313 3934 1358 3995 de
1389 3953 1468 4014 pro-

188 4042 316 4124 phanis
340 4041 482 4123 mirum,
517 4062 622 4123 quum
648 4043 853 4104 sacerdotes
878 4041 943 4122 ipsi
969 4040 1038 4103 sint
1063 4041 1096 4102 in
1123 4042 1189 4102 hac
1215 4041 1290 4103 acie
1315 4038 1468 4122 primipi-

188 4152 295 4228 lareS,
321 4170 390 4212 non
415 4159 502 4228 tam,
526 4160 565 4210 ut
589 4149 749 4211 Luthero-
778 4147 924 4210 foveant
950 4146 1197 4228 (perniciosum
1228 4150 1293 4210 hoc
1318 4146 1470 4208 hominis

189 4254 396 4342 monstrum)
421 4277 525 4337 quam
551 4266 588 4318 ut
613 4276 678 4337 per
694 4254 886 4317 Lutherum
912 4253 1081 4335 quidquid
1107 4255 1236 4317 veneni
1262 4255 1320 4315 diu
1345 4273 1468 4315 conce-

188 4377 317 4446 perunt
349 4363 384 4427 in
416 4364 551 4426 Urbem
579 4364 731 4426 Romam
767 4372 802 4424 et
836 4362 1058 4441 sacerdotes,
1093 4361 1128 4422 id
1160 4382 1250 4422 nunc
1284 4359 1470 4421 effundant

188 4482 285 4533 tanta
310 4471 473 4550 vesania,
508 4481 546 4532 ut
576 4469 642 4532 nisi
667 4469 799 4533 Caesar
830 4469 982 4531 omnium
1015 4468 1212 4530 mortalium
1247 4465 1399 4548 optimus
1434 4479 1470 4529 et
1515 4518 1516 4523 ,

188 4578 474 4660 religiosissimus
498 4581 627 4656 obstet,
651 4577 885 4639 miserandam
910 4574 1019 4637 visuri
1036 4595 1154 4638 sumus
1171 4574 1205 4635 in
1223 4573 1382 4635 Ecclesia
1401 4575 1469 4636 Dei

188 4685 442 4764 calamitatem,
479 4686 541 4747 sed
577 4704 656 4746 cum
692 4701 822 4763 magno
856 4691 892 4744 et
924 4681 1038 4763 primo
1072 4682 1330 4744 Germanorum
1365 4683 1467 4744 malo.

190 4792 409 4854 Decreverat
432 4811 546 4873 nuper
562 4791 694 4854 Caesar
717 4789 919 4871 imperiales
944 4789 1040 4851 diras
1064 4789 1098 4850 in
1116 4788 1309 4850 Lutherum
1334 4798 1369 4849 ct
1394 4788 1469 4850 eius
