3330 5580
634 465 880 523 &illiba

100 617 218 693 rituS,
250 613 460 677 cerimonias
483 622 623 675 nostras
655 624 715 675 aut
750 616 864 675 bonos
888 633 1005 675 mores
1037 634 1058 675 a
1082 634 1120 678 se
1144 616 1295 697 scripta,
1333 626 1395 680 aut
1498 656 1501 673 ,

102 723 324 783 scandalosa
355 730 391 783 et
423 719 559 783 famosa
584 731 683 797 sunt,
716 730 797 800 post
823 719 1100 783 admonitionem
1125 725 1171 784 ab
1196 724 1397 785 oratoribus

103 827 278 891 Caesaris
302 826 457 890 Martino
481 826 632 905 factam,
663 836 700 888 et
723 847 860 888 rursum
884 829 931 887 ab
955 826 1088 889 eisdem
1115 826 1258 892 Caesari
1284 830 1397 892 reddi-

105 947 197 1014 tum,
225 945 350 997 contra
374 932 488 1014 ipsum
513 933 705 996 Martinum
728 934 902 1014 procedet
926 933 1059 996 Caesar
1083 935 1159 998 sine
1185 957 1292 1015 mora,
1329 958 1397 999 om-

106 1042 220 1104 nibus
244 1041 323 1104 aliis
347 1039 638 1104 excusationibus
662 1039 887 1121 posthabitis.

203 1149 243 1211 Si
268 1159 386 1212 autem
409 1147 486 1228 ipse
510 1146 687 1209 Martinus
711 1147 917 1228 supradicta
941 1148 1033 1209 mala
1057 1152 1307 1231 recantaverit,
1336 1163 1396 1213 aut
1457 1169 1461 1176 ·

106 1276 257 1319 sensum
287 1258 421 1318 clarum
452 1253 665 1316 catholicum
697 1253 855 1331 dederit,
890 1252 1087 1316 abiurando
1118 1255 1223 1318 alium
1256 1278 1397 1320 sensum

105 1383 218 1444 quem
251 1361 362 1443 ipsius
393 1360 526 1442 scripta
559 1363 731 1424 hactenus
764 1362 861 1442 apud
892 1362 1024 1423 clerum
1050 1373 1085 1424 et
1109 1366 1280 1444 populum
1305 1386 1397 1427 com-

111 1470 275 1533 muniter
306 1468 577 1550 generaverint,
611 1467 767 1548 benigne
792 1468 984 1549 recipiatur
1008 1479 1043 1530 et
1068 1471 1251 1551 superbis
1276 1472 1401 1534 librum

110 1577 394 1639 declaratorium
419 1577 513 1641 edat.

204 1682 308 1764 Quod
334 1681 364 1744 si
388 1681 526 1764 aliquos
551 1682 661 1745 libros
686 1694 725 1744 ut
750 1703 832 1744 suos
857 1683 1060 1764 agnoverit,
1086 1683 1223 1765 aliquos
1244 1688 1399 1766 abnega·

107 1791 225 1870 verit,
262 1802 344 1853 tunc
377 1811 498 1853 eorum
531 1789 701 1852 librorum
731 1810 821 1871 quos
845 1799 1008 1852 secernet
1041 1811 1062 1852 a
1093 1791 1181 1869 suis,
1216 1794 1401 1872 catalogus

108 1897 340 1961 describatur
364 1900 429 1960 sub
456 1908 539 1959 nota
563 1896 697 1977 publici
721 1896 936 1974 tabellionis,
962 1908 997 1959 et
1021 1918 1128 1978 super
1145 1900 1296 1959 caeteris
1313 1919 1401 1978 quos

108 2026 198 2068 suos
223 2005 318 2067 dicet
342 2004 592 2085 interrogetur,
618 2012 655 2065 ut
679 2003 714 2064 in
740 2004 897 2065 secundo
923 2013 958 2065 et
982 2003 1086 2065 tertio
1111 2005 1280 2066 articulo:

204 2112 305 2174 Libri
329 2120 447 2174 autem
471 2109 607 2172 interea
622 2120 890 2191 sequestrentur
907 2120 944 2171 ut
961 2119 1088 2191 postea
1104 2120 1282 2192 tamquam
1300 2133 1394 2173 scan·

110 2219 231 2283 dalosi
256 2218 384 2282 famosi
410 2228 446 2279 et
468 2217 655 2298 pernitiosi
680 2220 942 2296 comburantur,
971 2218 1030 2278 vel
1055 2217 1099 2278 de
1123 2217 1192 2278 illis
1217 2231 1323 2298 prout
1347 2218 1400 2279 ius

108 2329 273 2408 postulat
296 2323 372 2387 fiat!

732 2805 776 2869 43

186 2925 411 3023 Responsum
440 2921 600 3001 Caesaris
629 2922 674 3000 ad
704 2920 1005 3000 consultationem
1034 2919 1158 3000 Status
1186 2922 1338 3022 imperii.

568 3060 652 3130 (tob
669 3057 804 3117 Womac.
822 3057 867 3116 iot
885 3058 954 3127 10¹1.)

207 3190 320 3252 Sacra
344 3187 521 3250 Caesarea
545 3186 715 3249 Maiestas
740 3195 807 3249 etc.
855 3187 1026 3249 Dominus
1058 3198 1178 3250 noster
1206 3191 1398 3253 clementis·

114 3299 225 3361 simus
250 3295 386 3359 audivit
409 3306 445 3356 et
469 3294 643 3357 intellexit
666 3294 869 3356 Electorum
890 3294 1165 3376 Principumque
1191 3308 1225 3359 et
1249 3308 1401 3360 statuum

114 3405 208 3468 sacri
234 3402 378 3483 Imperii
402 3401 677 3483 disputationem
702 3402 972 3464 consultationis
996 3402 1186 3465 Martinum
1210 3404 1401 3468 Lutherum

113 3511 378 3586 concernentis,
403 3520 438 3571 et
456 3530 501 3571 ex
518 3511 584 3570 hac
601 3529 670 3570 non
688 3507 783 3570 aliud
800 3516 919 3588 potest
936 3509 1132 3589 percipere,
1150 3529 1255 3589 quam
1272 3513 1400 3574 bonam

113 3639 268 3700 aequam
289 3618 507 3679 voluntatem
530 3624 565 3678 et
581 3615 812 3697 diligentiam,
830 3635 918 3696 quas
935 3614 1003 3695 ipsi
1020 3626 1188 3696 tanquam
1202 3616 1402 3681 Christiana

114 3726 238 3808 capita
269 3745 339 3787 non
371 3725 482 3786 solum
514 3725 559 3785 ad
592 3724 764 3785 honorem
793 3731 827 3784 et
852 3720 1063 3784 beneficium
1088 3722 1178 3784 sacri
1203 3723 1339 3805 imperii
1366 3736 1401 3786 et

114 3831 321 3896 teutonicae
354 3829 508 3894 nationis
541 3831 604 3892 sed
630 3828 736 3893 etiam
760 3837 918 3891 sanctam
943 3827 1179 3890 Christianam
1204 3829 1400 3894 Ecclesiam

115 3952 153 4004 et
177 3938 283 4002 iidem
308 3939 452 4016 habent,
477 3936 611 4000 confisa
636 3937 731 4017 quod
755 3934 823 4017 ipsi
847 3943 1040 4016 propterea
1060 3936 1154 4015 apud
1172 3935 1399 4016 Omnipoten—

115 4062 189 4112 tem
220 4048 337 4110 Deum
368 4054 630 4125 consequantur
663 4043 835 4125 premium
869 4051 904 4103 et
936 4043 1031 4122 apud
1063 4044 1228 4104 mundum
1262 4045 1401 4105 laudem

115 4166 154 4219 et
184 4151 540 4234 congratulationem.
588 4150 671 4232 Ipsa
701 4169 841 4230 quoque
867 4147 1043 4211 Caesarea
1068 4149 1237 4211 Maiestas
1262 4152 1307 4212 de
1330 4162 1400 4212 tam

115 4260 321 4326 Christiana
337 4269 373 4322 et
390 4258 558 4322 benivola
573 4257 753 4320 oblatione
770 4258 880 4318 habet
897 4256 948 4317 eis
964 4256 1140 4337 benignas
1157 4266 1192 4317 et
1210 4258 1402 4319 clementes

115 4367 266 4450 gratias

209 4474 402 4554 Postquam
433 4482 551 4535 autem
582 4492 702 4535 eorum
733 4469 946 4532 consultatio
977 4470 1091 4532 tendit
1123 4491 1166 4531 eo
1198 4472 1242 4532 ad
1276 4491 1400 4532 uocan-

115 4584 200 4644 dum
220 4580 425 4659 liutherum,
450 4591 485 4642 et
506 4601 584 4643 eum
602 4579 821 4642 solummodo
839 4579 883 4640 ad
902 4577 1194 4657 interrogandum
1210 4588 1245 4638 et
1260 4577 1400 4639 audien-

115 4690 213 4766 dum,
231 4686 317 4768 quid
334 4699 457 4750 contra
473 4698 628 4750 nostram
646 4695 804 4748 sanctam
821 4684 937 4763 fidem,
951 4684 1203 4766 praedicatum,
1222 4686 1402 4766 scripturn,

115 4807 154 4860 et
185 4793 395 4875 impressum
426 4794 597 4874 fateatur,
631 4796 697 4855 hoc
722 4793 836 4872 ipsum
862 4801 1068 4862 revocetur;
1107 4790 1246 4853 sivero
1271 4792 1305 4852 id
1332 4813 1401 4853 non
