3330 5580
721 444 950 501 ⁰329&

191 591 346 672 marani,
378 592 402 654 li
435 592 531 674 quali
561 592 596 653 in
620 592 788 654 Antwers
813 602 848 654 et
872 592 956 654 alibi
981 592 1241 674 favoreggiano
1266 616 1287 655 a
1311 594 1476 675 Martino‚

191 697 326 779 perche
359 700 406 760 ha
439 699 555 776 detto,
590 701 656 761 che
681 698 725 760 ne
750 698 897 761 heretici
922 699 966 760 nd
991 699 1071 760 altri
1095 720 1133 760 se
1158 700 1324 763 debbeno
1349 704 1475 764 abbru-

191 804 295 883 sciar,
321 815 356 865 et
381 817 507 885 questo
533 808 598 867 che
622 806 656 868 io
677 805 804 883 scriv0,
829 826 938 867 ancor
953 808 1018 868 che
1036 805 1055 866 e
1073 808 1118 867 da
1134 807 1261 886 ridere,
1287 811 1477 870 tuttavolta

192 911 211 972 ὲ
244 931 333 972 vero
366 914 431 974 che
465 912 488 973 li
522 913 657 974 marani
690 913 713 975 il
747 912 950 975 defendano
983 924 1151 994 quantum
1184 925 1333 995 possunt
1359 918 1477 977 verbis

192 1029 339 1080 tantum.

281 1126 338 1187 De
372 1125 627 1205 l’Alemagna,
661 1128 694 1188 el
717 1120 929 1207 Moguntino
954 1126 1012 1206 qui
1037 1127 1188 1208 plurima
1212 1139 1347 1209 potest,
1382 1150 1474 1192 mon-

191 1242 265 1294 stra
299 1252 365 1294 con
399 1235 523 1314 parole
555 1253 674 1295 essere
707 1243 798 1294 tutto
832 1233 867 1294 di
893 1232 1023 1295 Nostro
1048 1232 1202 1314 Signore
1229 1237 1323 1297 della
1348 1237 1476 1299 Chiesa

190 1349 226 1401 et
251 1338 287 1401 di
313 1339 448 1402 Vostra
472 1338 640 1423 Signoria
664 1339 999 1419 Reverendissima,
1033 1360 1132 1402 come
1157 1341 1177 1401 ὲ
1201 1352 1324 1404 tenuto
1350 1356 1384 1405 et
1413 1365 1475 1406 sua

191 1466 248 1507 res
279 1447 408 1525 agitur.
457 1447 516 1509 Ma
547 1448 670 1510 invero
695 1446 715 1508 ὲ
739 1456 839 1509 tanto
872 1457 906 1508 et
931 1449 1050 1509 buono
1076 1461 1111 1508 et
1135 1447 1258 1509 timido
1283 1461 1318 1510 et
1342 1465 1473 1530 resper-

190 1552 265 1615 tivo
301 1554 336 1615 di
370 1556 485 1635 questi
519 1555 600 1617 altri
626 1554 783 1635 Principi
812 1565 847 1616 et
871 1553 1151 1617 Gentilhuomini
1176 1555 1211 1616 di
1236 1556 1350 1636 questi
1377 1559 1475 1638 paesi

186 1660 290 1740 juxta
315 1662 450 1742 patrias
475 1662 694 1725 Cerimonias
719 1663 784 1723 che
810 1661 933 1722 invero
958 1659 1005 1722 lin
1031 1661 1090 1741 qui
1114 1661 1135 1722 l’
1149 1663 1248 1724 harei
1272 1665 1395 1724 voluto
1416 1665 1475 1746 piu

189 1768 314 1847 caldo,
340 1789 440 1830 come
465 1789 571 1850 spero
595 1767 684 1831 forsi
707 1770 774 1831 che
799 1769 948 1848 posthac
973 1769 1004 1828 el
1029 1765 1121 1845 fara,
1147 1787 1212 1829 nec
1237 1779 1290 1830 est
1315 1771 1474 1833 dubitan-

191 1874 274 1937 dum
300 1877 345 1936 de
363 1875 494 1937 Animo
519 1886 554 1937 et
582 1877 627 1938 de
651 1877 844 1953 voluntate,
871 1895 926 1936 ma
951 1875 995 1935 de
1020 1873 1079 1955 piu
1105 1875 1233 1936 ardore
1258 1877 1289 1936 el
1316 1879 1421 1956 quale
1438 1899 1475 1938 se

190 1980 213 2043 li
246 1992 395 2044 remette
428 1982 532 2045 etiam
558 2002 623 2065 per
647 1984 779 2044 havere
813 2001 894 2043 seeo
928 2001 998 2042 una
1026 1989 1170 2042 caterva
1195 1981 1229 2042 di
1255 1967 1475 2065 Conseglieri

191 2091 445 2172 supramodum
464 2089 667 2168 lutherani,
692 2089 778 2151 dalli
799 2088 893 2169 quali
919 2109 988 2149 non
1014 2108 1052 2149 se
1077 2107 1122 2150 ne
1147 2088 1218 2169 pud
1243 2087 1386 2176 disfare‚
1411 2111 1476 2172 per

191 2216 290 2257 esser
315 2196 350 2257 di
374 2195 509 2277 antiqui
533 2197 708 2277 servitori,
734 2205 769 2259 et
794 2196 828 2258 di
853 2195 967 2278 primi,
999 2205 1034 2257 et
1059 2197 1153 2275 quod
1178 2196 1279 2277 peius
1305 2209 1368 2275 est,
1393 2198 1475 2277 quia

191 2301 404 2383 profitentur
428 2323 466 2365 se
491 2324 570 2365 esse
594 2305 715 2366 hostes
741 2303 900 2382 Lutheri‚
939 2322 1044 2383 quum
1069 2313 1186 2364 tamen
1212 2303 1307 2364 aliud
1332 2304 1476 2366 faciant.

282 2410 324 2472 El
355 2409 497 2472 fratello
530 2411 565 2472 di
590 2411 821 2493 Moguntin0,
856 2412 889 2471 lo
918 2410 1072 2487 Elett0r‚
1104 2420 1195 2471 tutto
1230 2410 1310 2470 saria
1343 2422 1474 2491 nostru,

191 2537 292 2579 come
316 2528 493 2598 promette
518 2520 552 2580 el
577 2518 783 2587 Cardinale;
809 2517 856 2580 lui
881 2538 952 2580 non
977 2516 996 2578 ὲ
1021 2536 1152 2579 ancora
1176 2528 1307 2579 venuto
1326 2519 1372 2579 ad
1391 2519 1474 2580 Cae-

191 2646 323 2703 sarem,
357 2626 549 2687 vederemo
582 2627 699 2709 quello
733 2627 799 2687 che
832 2624 913 2687 sara
944 2624 978 2686 in
1011 2623 1126 2686 Dieta.
1183 2624 1224 2685 El
1259 2625 1422 2686 Palatino
1457 2624 1475 2685 ὲ

191 2735 330 2812 grande
355 2732 483 2794 Amico
508 2734 565 2795 del
591 2731 753 2812 Saxone,
777 2734 968 2794 tuttavolta
992 2751 1102 2793 ancor
1125 2731 1144 2791 ὲ
1171 2732 1228 2793 del
1252 2732 1475 2812 MoguntinO,

192 2851 226 2900 et
250 2861 358 2921 spero
383 2843 475 2902 bene
500 2841 535 2902 di
560 2840 624 2918 lui,
658 2840 686 2900 si
717 2859 781 2921 per
812 2837 957 2919 meggio
989 2838 1047 2899 del
1073 2839 1174 2899 Duca
1198 2837 1380 2900 Friderico
1412 2860 1475 2901 suo

191 2946 346 3027 fratello,
372 2950 402 3009 el
428 2950 509 3029 qual
536 2947 555 3008 d
579 2952 671 3009 stato
696 2967 763 3009 con
778 2945 909 3009 Cesare
933 2945 969 3007 in
987 2944 1168 3027 Hispania,
1194 2956 1229 3006 et
1249 2946 1382 3026 judicio
1407 2967 1475 3008 om·

192 3055 287 3118 nium
313 3056 333 3117 ὲ
358 3056 383 3118 il
407 3055 467 3136 piu
492 3055 604 3136 gentil
631 3074 784 3135 segnore
809 3064 844 3116 et
869 3054 1044 3134 prudente
1070 3061 1104 3112 et
1129 3054 1248 3113 buono
1264 3054 1330 3113 che
1348 3053 1388 3114 ¹sii
1405 3074 1474 3114 non

191 3166 305 3225 solum
330 3163 365 3225 in
391 3165 603 3243 Alemagna,
628 3182 685 3223 ma
708 3181 818 3223 ancor
843 3161 991 3239 altrove‚
1016 3168 1051 3220 et
1076 3180 1096 3220 a
1120 3179 1175 3220 me
1199 3158 1236 3220 sa
1258 3162 1396 3240 grande
1421 3181 1473 3221 ca-

192 3291 302 3332 rezze.

281 3375 473 3440 Giovaraci
504 3396 635 3438 ancora
666 3377 699 3439 el
732 3376 835 3437 Duca
859 3373 1081 3455 Wolfgango
1115 3374 1256 3436 fratello
1289 3375 1323 3436 di
1355 3395 1474 3457 sopra·

192 3485 297 3564 detti,
332 3487 364 3546 el
397 3485 480 3565 qual
504 3483 523 3544 ὲ
548 3492 641 3546 stato
666 3485 734 3545 due
759 3481 842 3544 anni
867 3481 1023 3543 continui
1048 3481 1116 3543 mio
1142 3483 1303 3544 auditore
1328 3504 1349 3544 a
1374 3483 1475 3544 Paris

192 3605 226 3654 et
251 3613 323 3655 non
347 3611 587 3654 mancaranno
612 3589 636 3652 li
661 3590 736 3652 suoi
761 3589 841 3650 altri
865 3589 1008 3669 fratelli,
1033 3609 1180 3669 quorum
1205 3590 1275 3651 duo
1300 3599 1379 3651 sunt
1396 3589 1473 3670 Epi·

192 3699 302 3782 scopi,
328 3720 417 3762 unus
441 3697 668 3781 praepositus
692 3696 881 3779 Aquensis.

280 3806 324 3868 El
345 3805 492 3870 Saxone
517 3806 625 3869 credo
650 3814 748 3868 certo
772 3824 871 3867 esser
894 3806 1014 3865 buono
1030 3803 1197 3884 Principe
1222 3824 1276 3865 ma
1303 3824 1399 3866 esser
1424 3826 1473 3865 se-

194 3917 293 3977 dotto
328 3915 374 3977 da
406 3913 481 3976 suoi
510 3912 714 3992 consiglieri
738 3912 818 3974 tutti
843 3911 971 3973 scolari
997 3910 1032 3971 di
1057 3910 1209 3979 Luther;
1244 3910 1391 3973 intendo
1416 3933 1474 3973 an·

195 4040 288 4101 cora,
313 4023 379 4083 che
403 4021 454 4082 lui
478 4021 497 4082 e
522 4021 698 4101 sdegnato
723 4039 788 4100 per
811 4039 918 4081 causa
943 4017 979 4079 di
1003 4037 1072 4078 una
1089 4027 1187 4079 certa
1204 4018 1475 4089 commendaria,

195 4129 288 4192 della
313 4129 418 4210 quale
442 4130 532 4190 altre
557 4130 653 4190 volte
676 4126 713 4189 fu
738 4126 829 4189 fatto
853 4125 1039 4187 coadiutor
1062 4145 1132 4186 uno
1157 4126 1222 4186 che
1247 4125 1283 4185 fu
1309 4146 1329 4185 a
1346 4126 1474 4200 Roma,

196 4246 228 4297 et
260 4236 290 4298 si
324 4236 396 4298 tien
430 4256 549 4298 essere
584 4255 648 4297 suo
673 4235 812 4296 occulto
836 4232 973 4314 figliolo
998 4244 1100 4292 extra
1124 4231 1397 4297 matrimonium:
1432 4231 1474 4291 Et

196 4344 347 4404 essendo
380 4342 440 4422 gia
464 4364 485 4405 a
509 4344 674 4423 Bologna
707 4341 752 4402 de
784 4340 919 4402 ritorno
950 4359 1015 4419 per
1040 4339 1242 4418 Alemagna
1274 4350 1309 4399 et
1343 4358 1409 4398 con
1442 4339 1475 4398 la

195 4449 413 4512 coadiutaria
437 4449 622 4532 expedita,
661 4448 808 4511 intendo
833 4448 898 4510 che
923 4446 1062 4509 interim
1094 4445 1219 4506 morite
1252 4446 1369 4524 quello
1399 4465 1473 4505 vec-

194 4557 273 4618 chio
299 4558 604 4636 commendatore,
638 4564 674 4617 et
699 4556 764 4617 che
788 4574 857 4616 non
885 4556 1049 4615 obstante
1074 4554 1108 4612 la
1132 4552 1351 4613 coadiutaria
1375 4554 1474 4612 beso-

193 4665 267 4745 gnd
293 4683 408 4746 pagar
432 4664 568 4745 grande
593 4661 851 4744 compositione
883 4679 903 4721 a
936 4680 1004 4721 non
1037 4679 1077 4720 so
1108 4658 1165 4721 chi
1191 4658 1395 4727 lss‘ardiualffl
1431 4658 1474 4719 mi

192 4775 239 4835 ha
267 4773 367 4834 detto
401 4792 471 4833 uno
503 4770 538 4833 di
572 4769 649 4832 suoi
681 4770 760 4831 chel
784 4769 886 4832 Duca
918 4788 984 4851 per
1008 4779 1132 4848 questo
1157 4787 1227 4828 non
1253 4767 1313 4846 pol
1338 4765 1473 4846 acquie-
