3330 5580
736 474 945 531 e<ille-⁴³

197 622 425 703 hortatorias,
450 633 488 684 ut
512 622 622 684 velint
646 623 814 703 adjuvare
840 623 884 683 ad
910 621 1155 683 executionem
1172 619 1291 682 bullae
1309 626 1343 680 et
1365 614 1481 678 omnia

197 729 231 791 in
257 751 302 791 ea
326 738 575 791 contentorum
598 739 633 791 et
658 731 763 810 p'rout
785 728 963 791 videbitur
985 728 1108 790 melius
1125 725 1307 808 expedire,
1334 743 1481 804 quarum

197 835 312 897 forma
329 835 542 916 prudentiae
559 846 700 898 vestrae
717 836 936 918 relinquitur.
974 835 1090 897 Aliam
1111 854 1197 896 vero
1217 834 1350 895 bullam
1371 831 1479 912 plum·

197 946 317 1005 batam
343 942 506 1023 poteritis
531 942 563 1004 ei
590 942 747 1024 Principi
771 944 828 1005 vel
849 942 992 1005 domino
1007 951 1215 1023 presentare
1231 940 1286 1002 cui
1304 938 1417 1018 magis
1432 937 1478 997 vi-

196 1050 341 1111 debitur
363 1049 465 1112 vobis
485 1049 667 1130 expedire,
690 1050 808 1112 dando
827 1049 949 1130 copias
965 1049 1091 1111 multas
1105 1047 1267 1110 omnibus
1280 1044 1480 1108 volentibus

196 1151 1480 1238 illashabere,praesertimMetropolitanis,hortandoillosuteasmittant
1555 1173 1558 1180 ·

197 1264 243 1325 ad
268 1282 354 1324 suos
379 1261 637 1344 suffraganeos,
663 1266 698 1326 et
722 1266 765 1326 ad
784 1263 1005 1326 Monasteria
1021 1272 1057 1325 et
1073 1260 1282 1342 collegiatas
1300 1257 1479 1335 ecclesias,

194 1371 432 1452 publicandas
466 1381 501 1432 et
534 1370 708 1452 legendas
743 1371 845 1450 juxta
878 1369 1027 1432 formam
1058 1369 1193 1446 bullae,
1228 1387 1365 1429 necnon
1392 1365 1480 1426 alias

194 1479 326 1540 multas
350 1476 492 1538 mittant
516 1480 561 1539 ad
586 1478 675 1539 alios
700 1477 992 1558 metropolitanos
1016 1477 1193 1538 hortando
1218 1474 1297 1536 illos
1322 1483 1359 1535 ut
1390 1470 1478 1534 simi-

195 1584 276 1645 liter
307 1583 449 1646 mittant
479 1586 524 1646 ad
558 1604 642 1647 suos
666 1583 913 1666 suffraganeos
937 1593 973 1646 et
996 1583 1075 1646 aliis
1098 1580 1381 1661 metropolitanis
1405 1597 1479 1638 suc-

194 1690 334 1753 cessive
366 1691 601 1772 publicandas
633 1702 669 1753 et
693 1693 883 1772 legendas,
917 1691 966 1752 ita
990 1699 1028 1753 ut
1051 1688 1264 1771 perveniant
1287 1688 1332 1748 ad
1357 1705 1479 1747 omues

193 1799 380 1861 diocaeses
405 1808 440 1860 et
465 1799 634 1861 ecelesias
658 1796 881 1860 Germaniae.

284 1904 422 1985 Quarto
446 1905 613 1967 adhibitis
638 1914 709 1967 tam
734 1904 967 1967 leodiensem
992 1924 1096 1985 quam
1122 1903 1210 1964 alios
1235 1902 1420 1963 Praelatos
1445 1913 1479 1961 et

196 2012 362 2075 dominos
379 2012 413 2074 in
430 2012 534 2074 Curia
554 2023 774 2092 exercentes,
798 2021 834 2073 et
858 2011 996 2074 iacietis
1020 2011 1099 2072 illos
1123 2020 1291 2090 quantum
1318 2008 1383 2069 erit
1400 2028 1478 2088 pos·

195 2120 299 2182 sibile
322 2118 543 2182 favorabiles
567 2119 648 2180 huic
672 2128 796 2181 sancto
821 2118 931 2200 operi.

283 2225 454 2307 Quintus,
488 2226 516 2288 si
540 2225 715 2287 Martinus
746 2246 811 2307 per
841 2245 879 2288 se
911 2226 969 2287 vel
1003 2224 1108 2287 alium
1140 2245 1186 2286 ex
1217 2222 1416 2285 fautoribus
1442 2231 1478 2281 ut

193 2333 472 2396 adhaerentibus
503 2332 575 2394 suis
604 2334 713 2395 vellet
743 2352 782 2395 se
810 2332 1002 2413 justificare
1035 2342 1070 2394 et
1094 2342 1218 2413 petere
1242 2350 1281 2392 se
1305 2329 1417 2391 audiri
1443 2328 1477 2390 in

194 2442 300 2503 Curia
318 2441 495 2504 Caesarea
512 2439 710 2521 Majestatis
734 2439 998 2521 respondebitis
1018 2440 1090 2520 jam
1115 2437 1182 2500 sibi
1205 2437 1315 2499 fuisse
1343 2457 1407 2517 per
1423 2435 1477 2495 8¹¹¹

195 2549 236 2610 D.
270 2547 312 2609 N.
349 2549 507 2610 oblatum
540 2549 677 2610 salvum
713 2548 926 2609 conductum
960 2558 998 2609 ut
1031 2546 1168 2609 veniret
1198 2546 1242 2607 ad
1276 2546 1476 2607 Romanam

195 2652 335 2716 Curiam
369 2662 405 2715 et
430 2652 561 2716 Sedem
599 2654 832 2735 apostolicam
867 2655 927 2716 ubi
961 2675 1089 2716 causae
1113 2655 1299 2715 haeresum
1326 2652 1369 2712 de
1400 2652 1477 2731 jure

194 2760 337 2822 tractari
369 2770 406 2822 et
431 2758 575 2822 diffiniri
606 2761 759 2840 debent,
789 2761 1071 2843 praesertimque
1104 2770 1292 2841 postquam
1324 2756 1475 2819 Sanctis-

194 2867 299 2929 simus
319 2867 397 2928 Dnm
415 2866 457 2930 N.
475 2867 642 2949 apposuit
667 2877 861 2931 manumet
885 2867 1136 2930 condemnavit
1160 2865 1358 2947 hujusmodi
1383 2884 1475 2925 erro·

193 2995 257 3055 res,
273 2995 368 3056 quae
381 2984 484 3056 gesta
496 2994 562 3055 per
575 2994 673 3036 suam
687 2975 911 3038 sanctitatem
926 2975 956 3037 si
973 2975 1058 3037 alibi
1076 2974 1365 3037 examinarentur
1381 2980 1475 3033 esset

193 3094 316 3144 contra
342 3101 482 3143 omnem
503 3081 674 3162 justitiam
700 3093 734 3144 et
760 3083 915 3145 divinam
931 3093 966 3144 et
981 3084 1180 3160 humanam,
1206 3090 1242 3142 et
1259 3079 1287 3141 si
1303 3077 1477 3140 Martinus

193 3190 299 3251 vellet
325 3188 431 3250 hodie
456 3189 501 3249 ad
526 3209 708 3250 romanam
733 3188 873 3251 Curiam
898 3186 1021 3252 venire
1046 3199 1081 3250 et
1105 3188 1153 3250 ibi
1178 3186 1304 3266 audiri,
1329 3195 1476 3267 paratus

193 3308 244 3357 est
269 3294 349 3358 S¹¹¹¹¹⁸
374 3295 416 3357 D.
435 3295 476 3358 N.
498 3296 600 3376 juxta
624 3295 774 3358 formam
797 3297 918 3358 bullae
943 3297 1028 3358 dare
1053 3295 1120 3357 sibi
1144 3293 1385 3377 plenissimum
1410 3293 1475 3354 sal·

192 3423 271 3465 vum
297 3403 522 3482 conductum,
549 3413 583 3464 et
607 3402 838 3465 libentissime
863 3424 941 3466 eum
967 3403 1100 3465 audire.

279 3509 393 3570 Sexto
426 3509 602 3571 scribatur
629 3508 694 3572 S¹¹¹⁰
720 3511 761 3571 Ι).
794 3509 835 3573 N.
871 3510 940 3573 cito
973 3522 1008 3572 et
1039 3510 1218 3591 sigillatim
1254 3528 1474 3589 quecumque

191 3615 330 3677 facietis
364 3627 402 3676 ut
433 3636 499 3697 pro
533 3628 693 3697 tempore
728 3617 840 3698 possit
874 3618 1067 3680 remedium
1092 3617 1235 3679 afferre:
1273 3626 1308 3677 et
1332 3613 1474 3677 domino

190 3721 319 3800 joanni
345 3721 456 3784 Echio
491 3725 535 3785 de
568 3724 622 3785 his
656 3744 724 3804 que
757 3725 959 3786 necessaria
987 3725 1201 3787 videbuntur
1227 3744 1293 3805 pro
1318 3722 1472 3804 publica-

192 3828 288 3890 tione
313 3839 350 3891 et
375 3828 585 3891 executione
611 3830 786 3892 bullarum
812 3830 843 3892 ei
869 3831 1147 3911 commissarum,
1177 3842 1215 3893 ut
1239 3831 1284 3893 sit
1307 3833 1403 3893 bono
1428 3831 1473 3891 ad

191 3934 453 4016 expediendum
487 3935 621 4015 omnia,
656 3947 691 3999 et
721 3937 751 3998 si
785 3938 1010 4019 contingeret
1041 3959 1105 4001 vos
1139 3937 1293 4001 conferri
1324 3938 1370 3998 ad
1394 3938 1473 3998 loca

190 4062 267 4103 cum
290 4041 370 4124 ipso
384 4041 538 4104 Domino
558 4042 706 4123 Joanne,
731 4064 797 4126 pro
821 4045 1019 4125 hujusmodi
1045 4045 1287 4126 publicatione
1312 4045 1397 4107 nihil
1423 4043 1470 4104 fa·

190 4149 290 4211 cietis
313 4161 436 4228 preter
460 4150 669 4213 sententiam
695 4163 730 4213 et
754 4171 965 4213 consensum
991 4153 1074 4232 ejus,
1101 4163 1136 4214 et
1160 4151 1319 4214 similiter
1343 4152 1371 4213 si
1393 4172 1469 4213 con·

189 4254 345 4335 tingeret
360 4254 438 4336 ipso
457 4256 607 4318 Domino
624 4257 763 4336 Joanne
779 4260 953 4320 accedere
970 4261 1015 4321 ad
1037 4259 1177 4321 Curiam
1199 4260 1361 4321 Caesaris
1386 4259 1471 4320 nihil

190 4361 265 4444 ipse
290 4361 399 4423 faciet
423 4383 489 4424 nec
514 4365 742 4445 attemptabit
766 4365 842 4427 sine
867 4366 1015 4428 consilio
1039 4379 1168 4431 vestro

280 4468 413 4530 L'ltimo
426 4470 653 4532 hortabimini
671 4485 742 4533 tam
757 4470 968 4535 Caesaream
983 4474 1207 4554 Maiestatem
1228 4495 1332 4554 quam
1350 4494 1472 4536 omnes

189 4575 377 4656 Principes
401 4586 439 4636 ut
463 4587 543 4656 post
568 4579 846 4659 publicationem
872 4581 990 4642 bullae
1008 4591 1042 4642 et
1061 4581 1195 4664 lapsum
1212 4580 1351 4643 termini
1375 4581 1472 4642 inea

187 4681 347 4744 contenti
372 4681 545 4745 Martinus
578 4685 752 4766 capiatur,
785 4697 820 4748 et
850 4698 888 4747 ut
918 4686 1057 4749 vinctus
1088 4690 1237 4749 ducatur
1261 4690 1306 4750 ad
1332 4688 1471 4751 Curiam

185 4788 390 4850 Romanam
407 4798 445 4850 ut
470 4791 649 4874 condigna
673 4813 790 4875 poena
813 4793 990 4875 puniatur,
1016 4808 1075 4857 aut
1099 4797 1222 4857 saltem
1247 4795 1323 4878 ipsc
1349 4816 1468 4875 sequa-
