3330 5580
725 497 783 549 0⁴³3
821 498 857 549 23
896 495 953 549 [³0

199 665 314 725 neque
340 645 446 706 animi
472 643 575 723 curis,
601 663 715 724 neque
741 641 902 724 corporis
926 641 1120 720 laboribus,
1145 652 1206 704 aut
1231 644 1326 706 vitae
1345 644 1478 724 pericu-

199 752 240 813 lis
265 752 459 833 parcend0,
485 771 526 812 ac
552 750 669 812 omnia
684 749 837 830 denique
852 750 1057 830 prestand0,
1083 769 1172 829 quae
1197 771 1217 811 a
1233 749 1329 812 fideli
1347 751 1480 832 pariter

197 879 239 919 ac
264 857 427 939 diligenti
454 857 583 918 Nuntio
609 855 760 937 prestari
785 865 934 936 possunt
959 865 995 916 et
1018 857 1161 919 debent.
1202 857 1243 918 in
1275 878 1345 938 quo
1380 879 1480 939 spem

197 966 242 1026 cle
258 964 362 1026 vobis
386 975 606 1045 conceptam,
632 983 701 1026 non
727 962 881 1044 impletis
905 971 1053 1042 tantum,
1078 963 1141 1024 sed
1166 964 1272 1026 etiam
1289 965 1478 1046 superatis,

197 1072 276 1151 Quo
309 1073 355 1134 ad
386 1071 575 1134 facultates
608 1091 696 1152 quas
727 1090 746 1131 a
778 1066 1010 1131 Sanctissimo
1035 1071 1187 1133 Domino
1214 1071 1344 1134 Nostro
1374 1073 1477 1135 vobis

197 1178 347 1240 concedi
362 1177 583 1257 desideratis,
609 1188 647 1239 ut
661 1176 805 1258 possitis
821 1175 1008 1238 benivolas
1032 1187 1069 1239 et
1085 1177 1259 1259 propitias
1281 1180 1384 1241 vobis
1401 1181 1477 1242 red·
1501 1193 1503 1196 ’

197 1287 282 1347 clere
307 1305 481 1366 personas
514 1285 614 1347 istius
640 1282 812 1362 nationis,
851 1303 942 1364 quae
975 1304 1041 1346 vos
1079 1283 1202 1347 iuvare
1235 1295 1404 1366 poterunt
1441 1286 1475 1348 in

197 1413 307 1474 opere
344 1404 469 1454 contra
492 1392 684 1454 Martinum
708 1391 899 1452 Lutherum
934 1389 1038 1453 vobis
1063 1391 1259 1471 commissu,
1301 1392 1479 1455 Sanctitas

197 1500 270 1561 Sua
296 1509 445 1581 propter
469 1498 731 1561 revocationem
764 1496 926 1559 similium
957 1496 1165 1561 facultatum
1198 1519 1311 1581 nuper
1336 1501 1478 1576 editam,

196 1618 232 1669 et
256 1608 292 1669 in
310 1605 525 1670 cancellaria
543 1605 753 1688 Apostolica
774 1604 1002 1686 publicatam,
1026 1605 1212 1686 respondit
1236 1606 1477 1687 impresentia-

195 1735 272 1775 rum
298 1714 603 1796 supersedendum
628 1732 723 1785 esse;
750 1721 803 1774 est
828 1722 944 1774 autem
970 1720 1158 1792 contenta,
1190 1715 1285 1794 quod
1310 1734 1376 1795 pro
1400 1735 1476 1795 per·

195 1820 303 1897 sonis,
328 1820 457 1902 quibus
482 1819 617 1900 gratias
641 1819 778 1900 aliquas
794 1818 1043 1880 concedendas
1068 1840 1147 1882 esse
1171 1819 1383 1898 indicabitis,
1408 1843 1474 1883 me·

194 1927 358 1990 morialia
382 1927 538 2005 mittatis,
565 1937 600 1989 et
623 1924 804 1988 Sanctitas
829 1924 902 1987 Sua
926 1924 1034 1987 faciet
1058 1925 1219 2008 expediri
1250 1927 1387 1989 litteras
1412 1931 1477 1989 sub

194 2037 352 2115 plumbo,
378 2046 413 2097 et
438 2034 488 2096 sic
512 2034 562 2096 illi
588 2032 788 2096 uberiorem
812 2032 965 2113 gratiam
987 2034 1174 2094 habebunt
1197 2055 1218 2094 a
1236 2034 1346 2114 Papa,
1372 2054 1475 2115 quam

193 2164 215 2202 a
242 2141 355 2202 Vobis
379 2143 514 2203 habere
539 2149 696 2221 possent.
744 2137 830 2203 Sitis
854 2138 962 2220 igitur
986 2142 1081 2202 bono
1107 2138 1223 2201 animo
1232 2187 1240 2219 ,
1274 2151 1309 2201 et
1333 2151 1475 2222 sperate

192 2248 227 2309 in
253 2249 351 2328 De0,
383 2248 441 2329 qui
473 2267 544 2310 non
573 2247 749 2327 relinquet
778 2266 919 2309 causam
945 2244 1055 2309 Suam
1096 2257 1341 2327 procurantes.
1401 2248 1474 2309 Nos

192 2355 374 2435 equidem,
404 2355 432 2417 si
457 2355 585 2436 quain
618 2374 656 2416 re
681 2354 867 2416 commodo
892 2373 933 2415 ac
959 2353 1102 2415 utilitati
1126 2364 1266 2416 vestrae
1292 2357 1475 2417 consulere

192 2462 401 2543 poterimus,
426 2482 491 2543 pro
516 2463 620 2524 vobis
644 2480 715 2523 non
741 2461 844 2522 aliter
867 2481 972 2541 quam
997 2481 1062 2542 pro
1085 2460 1291 2542 nobisipsis
1310 2481 1474 2542 procura-

191 2568 317 2647 bimus,
344 2590 385 2630 ac
410 2570 632 2632 benevalete.

605 2675 736 2738 Vester
760 2683 927 2756 tanquam
954 2672 1088 2737 Servus

1060 2796 1230 2861 laurentius
1250 2798 1361 2860 trun.

977 2891 1132 2937 Sanctorum
1153 2896 1265 2952 quatuor
1286 2891 1439 2952 Martyrum.

731 3032 747 3041 ιι
768 3031 870 3042 mov-nam
897 3033 909 3042 ¹.

809 3245 846 3307 ll

527 3353 736 3431 Alcander
768 3350 1139 3435 vicecancellario.

590 3490 731 3553 luuntur.
759 3490 849 3550 cern.
873 3489 905 3550 r..
931 3489 977 3551 ru
1005 3490 1073 3563 ut.)

620 3599 754 3668 (Fortasse
777 3614 817 3650 12.
837 3604 938 3667 Jcnnar
960 3601 1048 3668 1521.)

351 3727 426 3797 R¹¹:‘·
451 3737 487 3787 et
510 3725 580 3797 ian:e
604 3726 667 3797 Du}
702 3726 766 3798 Dus
799 3725 846 3788 mi
870 3727 964 3802 colun

282 3852 313 3913 A
346 3852 380 3913 di
407 3850 473 3913 XI.
506 3850 541 3912 di
573 3860 699 3930 questo
730 3850 852 3932 recepi
883 3852 916 3913 le
948 3850 984 3913 di
1016 3860 1070 3914 tre
1096 3853 1140 3916 de
1165 3853 1209 3917 V.
1235 3854 1271 3917 S.
1297 3855 1384 3928 Regu
1421 3875 1472 3917 re-

190 3958 370 4039 spondero
392 3959 461 4020 alle
479 3956 572 4039 parti
590 3957 626 4017 di
644 3958 762 4038 quelle
777 3957 838 4038 poi
856 3959 922 4020 che
936 3959 1023 4020 hard
1041 3958 1242 4041 significato
1259 3963 1291 4023 el
1307 3981 1471 4024 successo

190 4068 285 4127 della
310 4065 378 4127 mia
403 4063 610 4126 difficillima
635 4064 798 4144 impresa.
854 4064 974 4146 Dopoi
998 4067 1031 4127 el
1055 4066 1091 4127 di
1117 4066 1284 4129 chViil
1311 4069 1367 4130 del
1393 4089 1470 4148 pas-

189 4186 266 4235 sato
284 4174 350 4234 che
367 4171 401 4234 io
418 4173 451 4234 le
467 4171 586 4233 scrissi
607 4172 721 4233 havea
746 4171 868 4233 scritto
892 4170 927 4232 in
952 4174 1070 4252 quelle
1095 4175 1161 4236 che
1185 4195 1250 4255 per
1274 4177 1308 4237 la
1331 4175 1471 4238 brevita

190 4283 247 4341 del
273 4290 393 4360 tempo
419 4279 485 4340 che
511 4276 641 4339 Cesare
665 4277 703 4339 fu
728 4297 749 4338 a
772 4277 960 4359 Moguntia
988 4290 1024 4341 et
1052 4280 1288 4367 occupatione
1313 4283 1370 4344 del
1395 4283 1472 4355 R¹¹3⁰

189 4384 401 4467 moguntino
432 4393 468 4446 et
501 4383 553 4468 (ut
585 4382 741 4465 ingenue
765 4382 891 4465 fatear)
924 4405 989 4466 per
1021 4387 1055 4447 la
1084 4387 1282 4467 perversitas
1308 4389 1469 4452 de’mini-

189 4492 252 4554 stri
276 4490 377 4554 achi
403 4492 449 4552 lui
475 4493 590 4552 havea
614 4491 698 4552 dato
722 4492 757 4553 la
781 4490 1027 4555 commissione
1052 4493 1147 4555 della
1176 4514 1259 4557 cosa
1283 4496 1471 4558 lutherana

187 4612 222 4660 et
238 4619 303 4681 per
328 4597 512 4679 malignita
536 4597 571 4659 di
595 4599 714 4678 quella
738 4597 833 4677 citta,
858 4619 949 4679 quae
973 4602 1019 4662 ab
1043 4599 1189 4681 antiquo
1214 4622 1367 4682 nequam
1392 4602 1469 4687 suit,

188 4719 224 4768 et
248 4726 304 4767 me
329 4704 407 4766 fece
432 4724 453 4765 a
477 4724 533 4766 me
557 4706 708 4784 qualche
733 4707 853 4767 brutto
878 4707 1034 4786 scherzO,
1059 4705 1096 4768 fu
1120 4706 1211 4770 fatto
1233 4709 1325 4771 assai
1343 4708 1470 4774 fredda

188 4812 412 4875 executione.
451 4811 498 4874 Al
516 4821 682 4892 presente
707 4812 730 4874 li
756 4811 918 4894 significo
942 4814 1009 4875 che
1034 4814 1180 4884 elCar1?
1209 4817 1327 4897 quella
1343 4816 1470 4881 istessa
