3330 5580
657 490 714 541 ee
757 462 902 544 rees-

130 642 275 713 menta,
309 653 446 714 perque
478 633 744 747 rationes-epm
774 634 941 696 hereticis
966 635 1207 716 disceptantes
1232 634 1419 713 diffusique

132 739 347 819 elicuerunt,
371 760 477 821 quam
501 699 683 804 sacrorurir‘
700 741 936 804 Conciliorum
955 740 1201 804 determinatio
1226 740 1419 818 roboravit,

135 856 172 908 et
209 848 305 928 quod
341 867 406 928 per
439 849 605 911 doctores
641 857 718 911 erat
742 847 984 911 doctrinaliter
1009 847 1223 928 discussum,
1259 847 1420 909 Ecclesia

135 954 397 1016 sententialiter
422 954 600 1020 diffinivit.
647 955 687 1017 In
712 975 782 1035 qua
806 963 927 1036 patres
951 963 987 1015 et
1011 954 1162 1017 maiores
1180 955 1289 1017 nostri
1315 953 1419 1016 confi-

138 1062 267 1123 denter
291 1062 417 1123 mortui
442 1072 533 1140 sunt,
560 1072 595 1124 et
618 1073 785 1143 tanquam
810 1061 1045 1124 hereditatem
1069 1061 1104 1122 in
1130 1081 1195 1123 nos
1220 1061 1419 1123 transmise-

138 1177 230 1247 runt,
255 1169 300 1230 de
325 1189 394 1250 qua
418 1180 488 1231 tam
513 1168 700 1250 pontifitio,
726 1189 830 1250 quam
856 1168 1020 1231 Caesaris
1041 1169 1117 1248 jure
1143 1167 1324 1249 disputare
1341 1189 1417 1249 pro-

138 1273 310 1355 hibemur,
336 1284 475 1337 etcum
498 1276 596 1356 apud
619 1277 748 1338 multos
772 1275 974 1338 rationandi
998 1284 1033 1337 et
1057 1275 1254 1337 altercandi
1279 1295 1350 1336 non
1376 1274 1420 1336 sit

138 1379 227 1461 finis,
251 1390 402 1463 utraque
427 1403 587 1463 censura,
612 1381 646 1445 in
672 1403 734 1445 eos
759 1382 817 1464 qui
833 1393 1002 1463 proterva
1019 1381 1218 1444 temeritate
1238 1382 1420 1443 Ecclesiae

141 1489 275 1550 nollent
298 1489 593 1552 determinatione
625 1488 809 1552 subiacere
841 1509 979 1570 poenae
1012 1489 1154 1570 prodite
1179 1498 1259 1551 sunt
1283 1498 1318 1550 et
1342 1510 1419 1569 pro-

140 1596 305 1676 mulgate.
353 1596 510 1677 Reliqua
529 1616 594 1677 per
617 1606 653 1657 te
675 1596 770 1658 dicta
784 1595 949 1675 Martine,
973 1596 1149 1658 brevitate
1167 1597 1321 1676 studenS,
1347 1607 1419 1657 tan·

142 1722 243 1782 quam
268 1703 350 1764 huic
375 1703 521 1783 negotio
545 1723 616 1765 non
640 1703 885 1785 congruentia,
910 1704 954 1765 de
978 1702 1151 1765 industria
1175 1713 1350 1785 pretereo.

227 1807 324 1871 Nihil
348 1819 402 1872 est
427 1830 514 1891 ergo
539 1809 703 1890 Martine,
729 1810 824 1891 quod
846 1809 1122 1890 disputationem
1146 1830 1267 1872 eorum
1293 1830 1418 1891 expec-

143 1926 191 1977 tes
226 1936 296 1997 que
332 1926 429 1979 certa
466 1926 501 1978 et
532 1917 702 2006 explicita
725 1916 795 1979 fide
821 1917 968 1979 credere
992 1917 1134 1980 teneris.
1182 1917 1420 1998 Quamobrem

144 2025 262 2085 eadem
287 2023 407 2105 sepius
428 2023 639 2086 inculcanda
663 2033 698 2086 et
723 2025 920 2105 repetenda
944 2033 1041 2104 put0,
1066 2032 1104 2085 ut
1119 2022 1256 2086 sincere
1281 2032 1317 2086 et
1341 2045 1417 2085 can·

145 2130 241 2208 dide,
275 2150 344 2192 non
377 2131 543 2212 ambigue
582 2152 652 2193 non
687 2143 835 2193 cornute
860 2131 1100 2212 respondeas,
1125 2150 1170 2191 an
1196 2130 1305 2192 libros
1330 2140 1420 2210 tuos,

144 2246 172 2297 et
195 2256 336 2299 errores
360 2237 447 2299 inibi
472 2247 658 2300 contentos
683 2242 747 2300 abs
773 2248 809 2299 te
834 2238 1092 2317 disseminatos
1118 2257 1288 2300 revocare
1312 2248 1347 2299 et
1368 2258 1419 2299 re·

145 2352 291 2405 tractare
315 2344 415 2425 velis,
440 2364 506 2406 nec
531 2365 585 2407 ne.

584 2487 645 2549 Ad
669 2489 745 2549 hec
770 2487 984 2550 Martinus.

227 2613 381 2694 Quando
397 2632 485 2693 ergo
499 2612 736 2674 sacratissima
750 2611 920 2693 Majestas
936 2623 1065 2691 vestra,
1091 2613 1421 2693 dominationesque

146 2730 258 2784 vestre
293 2719 445 2800 simplex
471 2739 678 2800 responsum
707 2729 832 2799 petunt
869 2721 961 2782 dabo
986 2720 1073 2782 illud
1098 2741 1213 2801 neque
1238 2734 1420 2782 cornutum

147 2846 253 2907 neque
279 2826 481 2904 dentatum,
516 2826 551 2887 in
576 2827 669 2888 hunc
695 2827 855 2888 modum:
890 2827 965 2889 Nisi
989 2828 1173 2889 convictus
1197 2827 1298 2891 luero
1324 2829 1418 2890 testi·

147 2933 264 2995 moniis
299 2931 570 3014 scripturarum,
609 2942 669 2996 aut
704 2934 842 2995 ratione
867 2934 1024 2996 evidenti
1060 2931 1154 3020 (nam
1180 2955 1294 3016 neque
1320 2936 1419 3016 Pape

146 3060 253 3122 neque
278 3039 446 3102 Conciliis
481 3040 566 3102 solis
604 3042 731 3118 credo,
768 3060 847 3102 cum
871 3050 1010 3103 constet
1035 3051 1070 3102 et
1094 3062 1213 3104 erasse
1238 3042 1358 3122 sepius
1383 3052 1418 3103 et

146 3146 317 3229 sibiipsis
348 3146 621 3225 contradixisse)
657 3157 691 3208 et
721 3145 834 3208 victus
859 3147 923 3209 sim
947 3148 1132 3228 scripturis
1156 3170 1176 3209 a
1201 3169 1256 3209 me
1281 3149 1417 3210 edoctis

147 3265 175 3315 et
198 3262 305 3336 capta
336 3252 552 3315 conscientia
579 3253 614 3313 in
646 3253 766 3315 verbis
798 3253 884 3333 Dei,
916 3274 1086 3316 revocare
1118 3275 1232 3335 neque
1264 3276 1419 3337 possum,

146 3381 253 3443 neque
288 3363 372 3423 volo
403 3359 588 3442 quicquid,
625 3379 703 3421 cum
733 3369 857 3422 contra
882 3361 1132 3423 conscientiam
1168 3381 1277 3442 agere
1304 3383 1418 3443 neque

147 3479 261 3547 tutum,
287 3487 403 3548 neque
428 3466 603 3547 integrum
629 3466 683 3528 sit.
731 3453 819 3529 Gott
842 3466 943 3528 Helff
964 3467 1037 3538 mir;
1063 3469 1189 3530 Amen.

227 3574 308 3657 Quo
334 3594 507 3655 responso
532 3593 597 3656 per
622 3573 796 3635 Luterum.
815 3575 911 3654 date,
934 3583 1149 3636 memoratus
1165 3574 1323 3636 notarius
1347 3596 1418 3637 om-

147 3683 243 3745 nibus
273 3682 344 3744 iarn
376 3701 441 3762 pre
472 3685 577 3743 turba
610 3691 644 3743 et
670 3684 788 3743 calore
813 3681 964 3759 lassatiS,
989 3681 1174 3743 discedere
1199 3683 1418 3762 parantibus,

147 3788 261 3868 paucis
286 3807 352 3870 pro
377 3787 546 3869 temporis
570 3787 736 3868 angustia
752 3787 970 3850 inclamavit:
998 3789 1148 3869 Depone
1165 3790 1417 3851 conscientiam

148 3895 311 3975 Martine,
346 3915 449 3977 quarn
475 3895 656 3977 deponere
681 3895 831 3972 teneris,
856 3895 939 3976 quia
964 3915 1113 3957 erronea
1146 3905 1215 3967 est;
1246 3905 1282 3957 et
1305 3906 1417 3958 tutum

149 4002 203 4066 tibi
225 4003 294 4066 erit
317 4021 488 4065 revocare
517 4011 552 4064 et
577 4002 763 4081 integrum.
812 4001 916 4081 Quod
947 4011 1065 4064 autem
1090 4002 1250 4064 Concilia
1279 4024 1417 4065 errasse

151 4109 242 4190 dicis,
273 4110 370 4172 nullo
400 4128 553 4189 unquam
577 4118 738 4189 ternpore
763 4110 917 4190 probare
942 4108 1075 4188 poteris
1104 4108 1137 4170 in
1163 4110 1311 4172 materia
1334 4109 1417 4172 fidei

152 4219 281 4299 saltem,
312 4217 395 4278 licet
418 4216 452 4278 in
477 4215 625 4278 materia
649 4235 800 4294 morum,
825 4215 892 4276 ista
916 4217 1010 4277 haud
1037 4225 1187 4297 gravate
1212 4217 1416 4297 permisero

228 4324 287 4386 Ad
311 4325 376 4385 hec
401 4322 576 4384 Martinus
600 4342 638 4383 se
663 4342 706 4383 ea
729 4324 883 4402 probare
910 4342 1016 4403 posse
1040 4324 1256 4385 reclamavit.

227 4431 282 4493 Ita
305 4429 374 4491 luit
396 4449 584 4492 recessum.

504 4571 625 4634 Libri
650 4569 837 4632 Martini
861 4570 1057 4634 Lutheri.

156 4690 200 4756 De
219 4696 323 4760 bonis
346 4696 526 4778 operibus

158 4796 201 4861 lle
221 4803 384 4865 libertate
410 4802 612 4865 christiana.
