3344 5564
709 498 954 553 edroi&

193 642 332 706 rusticis
367 642 825 727 profligaret‘Episcopos,
860 654 1038 708 everteret
1072 647 1305 727 monasteria,
1338 667 1379 709 ac
1404 646 1474 709 alia
1568 708 1572 714 .

194 751 285 812 mala
309 758 480 824 tentaret;
506 753 596 813 adeo
621 772 790 834 perverse
815 764 970 835 aguntur
995 753 1122 816 omnia.

282 857 584 940 Archiepiscopus
598 856 884 941 Saltzburgensis
901 869 955 923 est
972 868 1069 923 certe
1093 859 1128 922 in
1152 880 1281 941 magno
1297 860 1472 943 periculo;

194 985 273 1027 nam
298 985 353 1027 me
377 985 442 1046 per
465 966 684 1047 provinciam
709 987 807 1030 suam
837 976 1059 1046 transeunte,
1091 967 1168 1048 ipse
1202 968 1289 1031 meis
1322 968 1467 1031 auribus

193 1071 313 1133 audivi
337 1071 598 1136 mussitationes
621 1073 835 1138 rebellionis.

283 1180 402 1242 Duces
426 1179 603 1243 Bavariae
628 1180 825 1262 spoliarunt
840 1182 1054 1245 monasteria
1068 1181 1171 1244 bonis
1195 1181 1278 1262 suis,
1291 1182 1474 1263 potissime

196 1285 368 1349 clenodiis
392 1295 498 1368 atque
523 1287 601 1349 aliis
626 1287 731 1350 etiam
754 1288 809 1350 his
833 1309 924 1370 quae
949 1289 983 1351 in
1008 1287 1177 1351 Ecclesiis
1202 1297 1313 1351 erant.

283 1393 555 1475 Herbipolensis
579 1394 778 1477 Episcopus
802 1395 986 1459 obsidetur
1009 1395 1044 1458 in
1069 1404 1197 1458 castro,

283 1501 357 1564 Nec
382 1501 496 1565 minus
520 1522 625 1583 quam
649 1513 790 1566 centum
814 1501 1028 1566 monasteria
1051 1502 1183 1583 passim
1207 1502 1243 1564 in
1267 1504 1415 1584 predam
1440 1511 1476 1564 et

195 1617 344 1672 exausta
366 1606 520 1688 fuerunt,
544 1629 659 1689 neque
683 1610 860 1691 baptismo
884 1630 1000 1696 neque
1023 1609 1178 1672 sacrario
1202 1609 1368 1691 parcitur.

283 1715 324 1778 In
348 1713 545 1778 Waldshuc
569 1715 656 1779 nihil
680 1718 823 1780 omnino
847 1718 892 1779 de
910 1714 1149 1779 Sacramentis
1173 1725 1326 1797 curatur,
1352 1736 1477 1778 eversa

198 1831 280 1884 sunt
304 1821 440 1903 altaria,
464 1843 568 1886 nemo
592 1823 804 1905 baptizatur,
820 1844 935 1905 neque
951 1825 1017 1886 sub
1034 1844 1103 1885 una
1121 1843 1236 1904 neque
1258 1825 1323 1885 sub
1348 1821 1481 1905 duplici

194 1927 317 2011 specie
341 1928 380 1992 fit
404 1929 621 2005 communio;
656 1930 701 1994 de
735 1930 960 2014 confessione
992 1940 1028 1993 et
1060 1929 1138 1993 aliis
1162 1933 1269 1993 rebus
1293 1929 1403 1992 sacris
1426 1950 1481 1993 ac·

196 2048 269 2099 tum
294 2045 359 2099 est.

288 2143 389 2224 Quae
406 2143 587 2227 Zuinglius
602 2144 637 2207 in
654 2144 899 2234 Eucharistiae
916 2145 1056 2207 laudem
1072 2143 1215 2224 scripsit
1229 2142 1297 2206 iam
1313 2163 1481 2206 revocan-

198 2263 254 2314 tur
277 2260 313 2314 et
336 2251 429 2314 ridet
453 2271 531 2314 cum
556 2251 769 2315 Carbstadio
793 2254 861 2316 hoc
886 2249 1164 2315 Sacramentum.

285 2358 487 2421 Verulanus
512 2359 703 2441 episcopus
727 2368 915 2422 revocatus
940 2359 1059 2421 Roma
1082 2356 1198 2421 rediit.

286 2464 460 2528 Dominus
484 2466 529 2527 de
553 2466 696 2529 Bredan
722 2466 826 2529 rediit
857 2486 878 2527 a
906 2465 1058 2528 Caesare
1091 2484 1132 2527 ac
1160 2463 1358 2546 reportavit
1386 2464 1481 2545 quod

197 2571 365 2656 princeps
394 2571 453 2654 qui
484 2571 582 2654 prius
621 2572 658 2636 in
691 2573 813 2655 Tyroli
848 2574 1032 2635 dumtaxat
1062 2570 1322 2653 gubernatione
1353 2571 1481 2652 fuerat,

198 2681 304 2743 modo
327 2684 443 2741 lactus
467 2678 511 2741 sit
535 2678 707 2744 dominus.

286 2784 417 2849 Elvetii
440 2784 531 2848 inter
555 2806 593 2849 se
610 2786 783 2850 dissident
800 2796 871 2849 turn
887 2795 1035 2867 propter
1049 2786 1272 2847 lutheranam
1286 2783 1478 2847 factionem

197 2904 271 2957 tum
294 2902 444 2975 propter
465 2913 588 2975 regem
613 2892 806 2957 Gallorum.

288 3002 370 3063 Dux
396 2998 731 3082 Vertembergensis
755 3002 865 3063 habet
895 3020 1014 3063 secum
1039 3019 1109 3061 non
1134 2997 1248 3060 minus
1271 3018 1377 3080 quam
1401 2998 1481 3061 XX

198 3108 310 3172 millia
334 3107 556 3171 rusticorum.

290 3213 417 3279 Comes
450 3213 635 3278 Palatinus
669 3226 723 3277 est
759 3216 864 3278 etiam
899 3214 935 3276 in
974 3213 1101 3294 armis,
1136 3233 1218 3275 nam
1253 3212 1380 3276 seditio
1416 3232 1481 3294 per

197 3323 368 3386 Rhenum
392 3321 607 3384 extenditur.

288 3429 421 3491 Dicunt
444 3427 633 3492 Caesarem
656 3429 691 3491 in
716 3429 817 3492 brevi
839 3429 1069 3492 traiecturum
1092 3426 1128 3489 in
1153 3427 1301 3491 ltaliam.

289 3536 488 3620 Episcopus
514 3536 794 3600 Constantiensis
817 3546 912 3599 totus
937 3538 1136 3599 destructus
1161 3545 1225 3598 est.

288 3644 378 3707 Item
401 3654 437 3707 et
461 3645 699 3728 Augustensis
722 3646 853 3707 nullam
876 3643 1027 3725 amplius
1051 3641 1291 3706 obedientiam
1314 3641 1435 3704 habet.

290 3751 511 3815 Brixinensis
534 3772 661 3835 passus
685 3761 739 3814 est
762 3751 1065 3814 sacchezationem
1088 3750 1123 3812 in
1148 3748 1306 3811 Brixina.

289 3859 378 3922 Item
402 3859 497 3941 quod
522 3879 592 3942 ego
616 3861 661 3922 de
685 3860 782 3921 nullo
806 3857 979 3921 beneficio
1004 3859 1238 3939 quadrantem
1261 3858 1389 3919 habeo.

290 3967 379 4030 Item
401 3965 497 4048 quod
521 3968 589 4029 hoc
612 3965 691 4048 ipso
715 3977 893 4029 momento
918 3964 1061 4046 quidam
1091 3974 1306 4026 mercatores
1330 3982 1395 4044 per

199 4075 398 4138 referentes
420 4073 545 4136 nullibi
569 4093 640 4136 non
664 4094 742 4136 esse
767 4074 945 4137 tumultus

291 4181 394 4262 Quod
418 4179 544 4243 nullibi
572 4190 669 4242 tutus
698 4180 764 4243 erit
794 4180 961 4242 manendi
989 4180 1088 4241 locus
1121 4177 1264 4240 domino
1294 4177 1479 4240 Reveren-

201 4288 347 4354 dissimo
370 4299 491 4370 preter
515 4309 619 4370 quarn
643 4287 679 4350 in
704 4287 847 4351 civitate
872 4307 975 4351 nova.
