3330 5580
710 480 768 541 es?
807 482 859 541 118
896 487 955 538 [ss

192 644 286 696 esset
310 629 477 711 facturuS,
503 632 598 713 quod
622 652 669 694 ex
693 640 776 694 tunc
800 633 900 695 iuxta
916 643 952 696 et
966 634 1061 715 apud
1080 633 1290 698 Caesaream
1308 635 1480 698 Maiesta-

193 753 262 803 tem
294 761 402 821 supra
432 749 620 820 parentum
650 759 792 801 suorum
824 749 858 801 et
884 740 1153 821 progenitorum
1175 739 1300 820 fidem,
1335 752 1372 804 et
1395 742 1481 805 arti-

192 850 291 910 culos
308 846 529 908 Christianae
553 845 635 908 fidei
660 849 797 927 absque
821 845 979 908 ulteriori
1004 847 1243 928 disputatione
1264 867 1481 929 permanere

192 965 228 1016 et
257 955 449 1032 adherere,
491 963 526 1016 et
556 953 756 1015 huiusmodi
787 951 892 1015 fidem
927 955 1021 1016 velle
1057 956 1353 1018 manutenendam
1379 955 1478 1018 adiu·

192 1082 276 1123 vare
311 1070 377 1122 etc.
410 1070 444 1122 et
475 1061 618 1121 tandem
650 1070 831 1140 postremo
865 1080 938 1122 rem
972 1060 1085 1142 ipsam
1118 1061 1279 1143 posuisse
1310 1064 1355 1124 ad
1389 1064 1476 1124 ulte·

191 1169 320 1231 riorem
349 1165 547 1229 Maiestatis
573 1167 770 1228 Caesareae
807 1166 1101 1230 deliberationem
1134 1178 1169 1231 et
1199 1168 1479 1250 beneplacitum,

192 1277 285 1357 quod
310 1273 444 1356 pariter
468 1271 546 1353 ipsa
570 1271 746 1335 Caesarea
769 1272 939 1336 Maiestas
963 1276 1157 1337 clementer
1180 1275 1392 1357 acceptavit.

280 1380 419 1443 Deinde
444 1399 550 1461 super
574 1378 773 1442 huiusmodi
798 1378 1038 1462 disputatione
1063 1381 1331 1444 consultationis
1353 1401 1478 1444 eorum

191 1499 227 1551 et
259 1489 394 1570 pariter
418 1486 649 1567 exhibitione,
680 1489 776 1568 apud
801 1508 839 1550 se
864 1486 1040 1551 Caesarea
1063 1487 1233 1552 Maiestas
1256 1499 1394 1551 mature
1418 1491 1477 1552 de

191 1596 356 1658 liberavit
391 1605 426 1656 et
462 1593 636 1657 conclusit
668 1595 713 1654 ad
745 1595 944 1656 vocandum
975 1594 1168 1658 Martinum
1199 1595 1395 1658 Lutherum
1430 1596 1476 1658 ad

191 1705 284 1764 hunc
309 1705 435 1781 locum,
460 1711 496 1763 et
519 1698 737 1763 sufficienter
761 1700 1019 1782 providendum
1045 1701 1077 1764 ei
1101 1702 1147 1764 de
1171 1704 1271 1765 salvo
1295 1703 1476 1765 conductu

192 1808 357 1870 veniendi
393 1819 428 1871 et
461 1807 653 1870 recedendi
686 1828 726 1869 ac
759 1808 932 1870 redeundi
963 1809 1008 1870 ad
1040 1809 1265 1871 securitatem
1296 1829 1394 1872 suam
1429 1810 1475 1872 ad

190 1916 482 1996 interrogandum
516 1924 552 1977 et
582 1914 797 1977 audiendum
828 1935 923 1995 eum,
958 1924 995 1977 ut
1019 1915 1250 1996 praemissum
1274 1926 1347 1996 est,
1378 1917 1475 1997 quod

191 2022 296 2084 etiam
320 2022 390 2084 iam
413 2043 479 2103 per
502 2031 667 2103 patentes
690 2021 811 2085 literas
835 2021 1009 2085 universis
1026 2022 1200 2085 intimavit
1216 2042 1294 2084 cum
1311 2042 1476 2105 appenso

191 2131 375 2209 mandam,
413 2131 507 2211 quod
539 2129 723 2192 Electores
755 2128 1011 2210 Principesque
1042 2141 1077 2191 et
1110 2138 1222 2192 status
1253 2130 1395 2212 Imperii
1428 2151 1475 2193 ex

190 2249 314 2299 tenore
338 2239 525 2318 appositae
550 2238 677 2320 copiae
701 2236 909 2319 percipient.

279 2344 413 2407 Verum
428 2346 523 2426 quod
540 2344 731 2407 novissime
746 2344 815 2425 ipsi
827 2344 1011 2406 Electores
1024 2343 1280 2424 Principesque
1295 2363 1336 2406 ac
1350 2342 1477 2407 Status

190 2450 332 2531 Imperii
357 2451 550 2532 requirunt,
575 2453 671 2533 quod
695 2451 866 2514 Maiestas
890 2450 1066 2514 Caesarea
1089 2450 1278 2532 provideat
1301 2462 1336 2513 et
1360 2451 1476 2514 inten-

190 2561 251 2620 dat
281 2558 440 2640 gratiose
474 2560 568 2640 quod
602 2558 811 2640 gravamina
842 2568 877 2621 et
907 2561 1038 2621 abusus
1062 2558 1122 2638 qui
1146 2576 1248 2620 sacro
1274 2557 1427 2638 Imperio
1454 2580 1477 2621 a

190 2664 284 2727 Sede
316 2665 527 2747 Apostolica
560 2666 677 2728 multis
711 2666 823 2728 modis
856 2666 1072 2746 inferuntur,
1106 2667 1151 2727 ad
1185 2664 1404 2727 tollerabiles
1438 2679 1478 2728 et

189 2772 386 2853 portabiles
417 2775 543 2835 modos
575 2775 808 2851 reducantur,
839 2773 1016 2836 Caesarea
1040 2773 1208 2854 Majestas
1233 2782 1287 2834 est
1309 2775 1402 2834 bene
1427 2776 1478 2836 ad

189 2880 277 2940 haec
302 2899 492 2960 propensa.
540 2881 584 2942 Et
608 2882 655 2943 ob
679 2880 715 2942 id
739 2880 937 2942 huiusmodi
962 2878 1171 2962 gravamina
1196 2889 1231 2942 et
1255 2883 1386 2943 abusus
1401 2901 1477 2946 una

190 3006 267 3047 cum
293 3006 413 3049 eorum
439 2987 698 3050 consultatione
723 2998 758 3048 et
783 2986 951 3067 opinione
975 2986 1010 3049 in
1034 2985 1175 3066 scriptis
1191 2987 1377 3069 porrigere
1392 3009 1477 3070 pos·

189 3104 270 3155 sunt
284 3092 481 3157 Caesareae
494 3094 673 3175 Majestati
687 3113 778 3175 quae
793 3103 919 3174 postea
936 3114 1043 3176 super
1058 3093 1196 3155 illorum
1210 3096 1478 3160 consultatione

187 3211 223 3262 et
247 3201 414 3283 opinione
439 3201 652 3264 deliberabit
676 3210 712 3263 et
736 3201 950 3263 consultabit
974 3201 1089 3263 etiam.
1115 3200 1160 3262 Et
1175 3199 1204 3261 si
1220 3201 1305 3281 quid
1321 3205 1476 3267 ulterius

188 3308 448 3389 providendum
473 3318 507 3371 et
531 3309 710 3388 agendum
735 3308 812 3387 erit,
837 3328 915 3369 cum
940 3308 1074 3370 eisdem
1098 3306 1320 3370 Electoribus
1345 3321 1379 3371 et
1405 3322 1476 3374 sta-

188 3415 283 3477 tibus
307 3415 463 3497 benigne
487 3426 522 3477 et
547 3416 741 3480 clementer
764 3414 954 3496 interloqui
979 3414 1073 3478 velit.

802 3752 846 3816 44

450 3868 595 3948 Carolus
624 3868 662 3949 V.
691 3869 781 3948 Duci
810 3867 986 3949 Streniae
1015 3869 1201 3951 Friderim.

645 4006 1015 4079 (attaminatum.)

696 4115 751 4184 (11.
771 4119 861 4167 Martii
885 4119 970 4185 ¹52¹·)

188 4244 337 4307 Carolus
352 4242 482 4305 Divina
498 4241 642 4305 favente
658 4243 847 4305 clementia
863 4244 998 4307 electus
1010 4245 1256 4308 Romanorum
1274 4247 1477 4330 Imperator

616 4369 759 4430 semper
782 4361 953 4432 augustus
978 4361 1044 4415 etc.

455 4464 615 4528 Fridrico
639 4464 731 4527 Duci
755 4462 935 4529 Saxoniae
959 4467 1113 4531 Electori
1137 4478 1204 4532 etc.

276 4580 424 4644 Illustris
448 4582 615 4663 princeps
632 4581 775 4643 Elector
798 4583 1063 4663 consanguinee
1087 4585 1306 4658 charissime;
1332 4586 1475 4668 scripsi-

187 4709 264 4751 mus
283 4687 348 4750 tibi
362 4688 525 4769 proxime
542 4709 588 4751 ex
605 4687 842 4770 Oppenhaim,
859 4692 1154 4769 quemadmodum
1172 4692 1363 4754 Beatitudo
1380 4693 1473 4757 Pon-

186 4794 292 4858 tificis
308 4795 383 4857 Nos
399 4815 464 4878 per
478 4795 654 4858 Nuncium
670 4814 770 4857 suum
787 4797 919 4877 requiri
935 4798 1089 4878 iecisset,
1107 4807 1145 4859 ut
1161 4797 1306 4860 Martini
1323 4799 1473 4865 Lutheri
