3330 5580
708 445 956 502 ο<3148ἱ>ο

190 594 315 675 gulare
346 591 547 671 affectione,
579 592 608 655 si
632 594 904 656 concederanno
929 601 1038 673 tutte,
1069 593 1201 674 purche
1233 613 1301 657 con
1326 592 1485 656 honesti

191 700 220 763 si
243 720 367 782 possa;
392 711 429 763 et
452 699 512 762 noi
535 699 673 763 facemo
698 699 784 781 ogni
808 720 891 763 cosa
915 699 1014 763 accio
1040 701 1073 763 el
1093 700 1189 763 dicto
1206 700 1330 781 signor
1347 720 1483 783 cogno·

191 827 256 885 sca⁵
275 816 409 890 quanto
433 808 547 869 anche
573 807 631 869 noi
657 805 893 870 desideriamo
918 806 1142 890 complacere
1158 804 1233 870 Sua
1249 804 1302 870 St·
1325 818 1363 871 et
1384 827 1480 871 mon·

191 914 314 997 signor
337 912 361 976 il
386 933 542 977 vescovo
568 933 632 977 suo
657 914 693 976 di
718 915 993 997 Brandeburgh.

279 1021 320 1083 Li
345 1020 434 1084 avisi
457 1020 578 1099 vostri,
603 1022 697 1084 ultra
721 1021 829 1102 quelli
854 1023 948 1083 della
965 1021 1212 1085 commissione
1228 1032 1364 1103 vostra,
1388 1041 1479 1085 sono

190 1128 273 1192 stati
296 1150 318 1191 a
342 1126 416 1191 Sua
440 1126 667 1192 Beatitudine
691 1128 900 1211 gratissimi;
932 1150 970 1191 se
999 1130 1145 1192 attende
1169 1131 1258 1192 hora
1287 1131 1321 1192 la
1346 1131 1478 1193 resolu·

191 1236 288 1299 tione
319 1236 364 1298 de
396 1234 527 1298 Cesare
560 1244 693 1298 venuto
728 1238 794 1298 che
826 1235 879 1298 sia
910 1234 1010 1299 costa
1033 1235 1207 1316 Martino,
1242 1235 1374 1318 poiche
1404 1234 1477 1299 cosi

189 1346 308 1407 hanno
332 1344 455 1405 voluto
479 1362 592 1423 segua
616 1351 741 1406 contra
765 1342 849 1424 ogni
875 1344 1015 1422 volere,
1047 1352 1082 1405 et
1105 1343 1244 1425 piaccia
1268 1365 1289 1407 a
1314 1343 1387 1407 Dio
1411 1345 1475 1407 che

191 1450 243 1513 sia
266 1470 331 1532 per
355 1448 380 1512 il
403 1448 535 1531 meglio
559 1469 660 1513 come
677 1449 808 1512 Cesare
833 1459 868 1511 et
893 1449 916 1511 li
941 1450 1018 1512 suoi
1042 1449 1239 1514 affirmano.
1280 1451 1361 1514 Non
1383 1472 1474 1514 man·

189 1566 269 1620 cate
294 1556 330 1618 di
355 1555 545 1638 ringratiar
569 1555 605 1618 di
629 1556 798 1620 continuo
823 1557 869 1619 da
893 1566 995 1637 parte
1020 1556 1056 1618 di
1073 1555 1109 1621 S.
1131 1555 1183 1619 Sl*
1208 1567 1244 1620 et
1269 1559 1304 1619 di
1329 1567 1428 1621 tucto
1450 1557 1473 1619 il

190 1683 291 1728 sacro
316 1663 478 1745 Collegio
503 1674 539 1727 et
563 1674 684 1728 nostra
707 1665 732 1726 il
757 1685 829 1729 rev.
855 1664 973 1726 Padre
998 1663 1204 1727 confessore
1229 1674 1265 1728 et
1290 1663 1473 1729 ricordarli

191 1791 315 1853 spesso
344 1772 377 1834 el
405 1773 499 1834 bene
523 1791 673 1834 comune
697 1772 792 1834 della
817 1770 932 1833 difesa
957 1770 1157 1834 universale
1182 1772 1277 1835 della
1302 1771 1472 1854 religione

191 1878 384 1942 christiana
418 1886 453 1939 et
476 1879 591 1940 anche
616 1878 711 1940 dello
735 1877 885 1960 imperio
911 1876 1143 1958 Germanico,
1179 1880 1285 1960 quale
1310 1879 1474 1961 depende

191 1987 237 2048 da
261 1994 387 2066 questa
411 1983 523 2047 Santa
548 1982 661 2055 Sede;
687 1996 722 2045 et
746 1984 955 2066 persuadasi
980 1982 1054 2046 Sua
1078 1983 1261 2047 Paternita
1286 1988 1352 2049 che
1379 1984 1421 2050 N.
1439 1984 1473 2049 S.

192 2115 263 2156 non
287 2092 307 2156 ὲ
331 2113 395 2174 per
420 2089 660 2153 dimenticarsi
692 2090 727 2152 di
751 2089 860 2172 quelli
883 2091 933 2172 pii
958 2090 1064 2153 officii
1100 2093 1165 2154 che
1190 2092 1286 2155 laet
1311 2094 1474 2157 exhorta·

191 2202 262 2264 tela
293 2208 329 2262 et
352 2197 526 2279 stringete
557 2206 689 2278 quanto
720 2197 780 2279 pit
812 2219 850 2259 se
884 2197 955 2278 pub
979 2199 1025 2259 ad
1049 2219 1299 2280 perseverare,
1335 2198 1411 2263 cosi
1441 2198 1474 2264 in

191 2328 295 2370 nome
320 2306 355 2369 di
373 2304 447 2369 Sua
471 2304 698 2369 Beatitudine
723 2326 823 2368 come
848 2305 884 2366 di
908 2314 1006 2368 tucta
1031 2307 1064 2368 la
1081 2305 1209 2370 Chiesa
1234 2319 1270 2370 et
1293 2317 1417 2372 nostro
1441 2318 1477 2372 et

191 2413 365 2478 offeritele
398 2415 432 2476 le
457 2411 590 2475 facultai
622 2411 657 2474 di
681 2421 807 2492 questa
832 2412 964 2475 Sancta
989 2413 1085 2476 Sede
1118 2423 1153 2476 et
1178 2423 1298 2477 nostre
1322 2414 1474 2497 particu-

191 2521 267 2584 lari.
307 2521 367 2583 Ad
391 2519 450 2582 voi
475 2541 519 2582 ne
543 2520 676 2582 aceede
701 2518 853 2602 replicar
871 2521 961 2582 altro
986 2519 1114 2601 poiche
1138 2520 1169 2582 ci
1194 2522 1325 2585 lassate
1349 2522 1432 2585 loco
1454 2544 1476 2586 a

192 2649 262 2690 non
288 2627 492 2690 desiderare
517 2627 578 2709 piri
603 2629 695 2690 ultra
720 2625 755 2688 di
779 2627 899 2708 quello
924 2629 990 2691 che
1015 2626 1088 2690 cosi
1112 2629 1381 2692 ardentemente
1397 2648 1474 2711 pro·

192 2745 323 2799 curate.
371 2734 416 2798 Et
439 2736 532 2796 bene
556 2736 685 2797 valete.
733 2733 936 2797 Florentiae
961 2734 1005 2797 V.
1032 2735 1119 2816 Apr.
1150 2755 1242 2814 ¹52¹·

809 3126 863 3191 59.

307 3244 509 3326 Publioatio
536 3244 665 3324 Bullao
694 3246 818 3324 contra
844 3243 1042 3323 lutherum
1069 3243 1169 3325 facta
1196 3244 1360 3327 Traiecti.

556 3383 657 3455 (Aeta
675 3380 956 3440 Wornotlrnrlo
973 3380 1031 3440 tol.
1050 3381 1106 3449 57.)

709 3482 745 3549 (5.
766 3483 854 3549 April.
877 3487 961 3546 1521.)

282 3603 488 3667 Reinardus
512 3612 579 3664 etc.
630 3599 815 3664 Universis
846 3609 881 3661 et
913 3598 1064 3679 singulis
1088 3599 1327 3662 Ecclesiarum
1351 3621 1471 3663 saecu·

193 3712 318 3775 larium
368 3710 583 3793 regularium
635 3729 677 3770 ac
723 3706 1015 3770 monasteriorum
1057 3706 1230 3786 Prelatis,
1273 3706 1475 3788 abbatibus,

195 3816 430 3902 PraepositiS,
463 3815 636 3896 Decanis,
679 3814 882 3894 Prioribus,
922 3812 1158 3891 Guardianis,
1197 3812 1414 3877 Custodibus
1443 3823 1478 3878 et

192 3924 363 3988 Ministris
388 3942 689 4006 quorumcumque
712 3920 876 3983 ordinum
901 3919 1008 3983 etiam
1027 3918 1312 3998 mendicantium,
1337 3939 1478 3985 necnon

195 4031 350 4095 Decanis
373 4029 502 4094 nostris
526 4028 703 4092 ruralibus
727 4048 768 4090 ac
790 4026 1064 4109 parochialibus
1089 4026 1327 4089 Ecclesiarum
1344 4027 1478 4092 Recto·

194 4140 302 4218 ribuS,
328 4136 508 4216 Plebanis,
534 4134 800 4217 Viceplebanis,
824 4133 1029 4214 Canonicis,
1055 4134 1269 4214 Capelianis,
1294 4134 1480 4199 Allaristis

194 4245 414 4328 presbyteris
437 4264 479 4306 ac
504 4241 644 4306 clericis
667 4242 948 4324 quibuscumque
973 4240 1194 4315 beneficiatis
1219 4250 1255 4305 et
1276 4262 1346 4304 non
1370 4244 1477 4306 bene·

194 4351 321 4416 ficiatis
345 4372 410 4432 per
433 4349 603 4413 diocesim
628 4358 784 4412 nostram
808 4347 959 4412 ubilibet
988 4347 1207 4428 constitutis,
1240 4348 1478 4431 omnibusque

195 4459 273 4522 aliis
297 4479 339 4521 ac
364 4458 513 4540 singulis
538 4458 584 4520 ad
600 4476 689 4538 quos
706 4467 893 4538 presentes
917 4466 1061 4518 nostrae
1078 4454 1218 4517 litterae
1235 4455 1480 4539 pervenerint,

196 4585 356 4649 quosque
389 4563 650 4646 infrascriptum
683 4562 800 4645 tangit
834 4562 1021 4643 negocium
1057 4581 1118 4625 seu
1160 4572 1309 4643 tangere
1344 4563 1481 4643 poterit

196 4669 464 4754 quomodolibet
486 4670 521 4734 in
553 4669 718 4747 futurum,
744 4671 894 4732 salutem
918 4669 953 4731 in
978 4667 1130 4731 Domino
1156 4679 1191 4728 et
1206 4668 1336 4731 nostris
1359 4669 1480 4734 huius-

197 4778 293 4842 modi
317 4778 386 4841 imo
411 4777 529 4840 verius
554 4777 765 4860 apostolicis
788 4776 934 4839 firmiter
958 4774 1105 4839 obedire
1130 4773 1315 4836 mandatis.
