3330 5580
702 465 948 524 corius*

276 615 310 680 is
334 626 501 700 preterea
533 616 692 698 queritur
715 616 834 678 Duces
859 614 1159 695 Lunubergenses
1183 633 1261 677 cum
1286 610 1479 676 Friderico

187 722 346 787 Saxonie
370 723 471 785 Duce
504 721 677 803 sanguine
711 722 920 784 coniunctos
953 723 1082 784 acerbe
1106 721 1298 784 admodum
1331 730 1372 784 et
1395 736 1466 802 gra

190 830 295 893 vibus
331 829 579 893 exactionibus
602 830 735 891 clerum
769 848 870 891 suum
903 846 1054 908 vexare,
1088 825 1238 910 singulis
1272 827 1479 909 quibusque

187 938 326 999 duobus
350 936 426 999 fere
450 935 551 998 annis
576 947 611 997 et
635 935 758 998 tertias
782 943 818 997 et
837 944 982 1016 quartas
1006 943 1043 996 et
1065 933 1275 996 medietates
1292 933 1477 996 fructuum

188 1043 393 1126 exigentes,
429 1043 600 1105 adversus
631 1062 719 1123 quos
751 1058 830 1103 cum
854 1043 951 1105 nulla
981 1040 1057 1104 eius
1080 1040 1220 1123 possint
1249 1040 1390 1104 auxilia
1418 1058 1477 1104 me

187 1160 293 1232 rogat
321 1150 405 1212 item
436 1159 475 1211 ut
499 1149 574 1212 eius
598 1148 739 1212 nomine
764 1146 809 1210 S²¹
837 1148 880 1214 V.
905 1147 1103 1230 supplicem
1135 1157 1312 1230 quatenus
1339 1148 1389 1211 de
1413 1163 1476 1230 op·

187 1267 341 1340 portuno
358 1256 515 1320 remedio
536 1256 698 1337 predicto
714 1258 811 1317 clero
826 1255 1017 1318 subvenire
1032 1256 1209 1337 dignetur,
1234 1274 1279 1318 ne
1294 1266 1477 1337 perpetuo

189 1366 404 1446 deglubatur
435 1374 471 1426 et
494 1366 539 1426 ab
565 1384 686 1426 eorum
711 1362 905 1444 cupiditate
930 1361 1151 1444 opprimatur
1180 1361 1335 1424 maxima
1358 1363 1476 1426 eccle·

189 1472 330 1535 siastice
355 1471 528 1535 libertatis
553 1469 762 1533 offensione.

278 1580 333 1640 De
366 1577 566 1640 huiusmodi
592 1577 874 1658 Archiepiscopo
910 1575 1013 1656 plura
1045 1573 1201 1637 arbitror
1223 1571 1261 1639 S.
1285 1574 1360 1636 Vun
1395 1591 1476 1638 cum

190 1707 235 1749 ex
261 1685 336 1749 aliis
360 1695 433 1747 tum
459 1705 504 1747 ex
522 1685 608 1747 meis
632 1684 760 1746 litteris
776 1681 1000 1764 cognovisse,
1025 1691 1132 1762 atque
1148 1681 1234 1743 illud
1249 1677 1475 1762 potissimum

189 1794 285 1875 quod
308 1792 344 1854 in
369 1813 411 1854 eo
435 1791 556 1854 inveni
579 1791 769 1854 maximam
793 1808 880 1870 erga
905 1785 1073 1850 Sanctam
1097 1787 1198 1850 istam
1217 1785 1348 1850 Sedem
1373 1806 1475 1852 reve·

190 1900 340 1962 rentiam
369 1909 404 1961 et
435 1897 684 1961 obedientiam.
733 1897 973 1977 Quamobrem
1007 1895 1139 1956 nullum
1164 1892 1273 1956 oflicii
1297 1913 1415 1975 genus
1437 1894 1474 1956 in

189 2006 305 2087 ipsum
338 2025 408 2067 non
434 2004 566 2085 optime
599 2005 810 2066 collocatum
844 2022 922 2064 esse
955 2010 1084 2083 potest.
1131 2000 1256 2082 Itaque
1290 2020 1362 2063 una
1395 2018 1474 2064 cum

190 2113 362 2175 servitute
393 2132 471 2173 mea
504 2130 573 2192 ego
606 2130 685 2173 eum
716 2108 908 2171 humillime
932 2106 979 2170 Sl¹
1004 2108 1048 2172 V.
1073 2109 1281 2170 commendo
1315 2117 1351 2170 et
1375 2109 1475 2171 Deus

191 2240 267 2282 eam
301 2218 539 2281 felicissimam
575 2217 771 2278 diutissime
804 2215 908 2278 nobis
940 2214 1127 2278 custodiat.
1187 2214 1289 2276 Bude
1323 2214 1377 2277 ΙΙΙ
1410 2215 1473 2277 Fe·

189 2326 323 2390 bruarii
347 2325 547 2388 MDXXV.

794 2748 857 2814 189

468 2875 628 2956 clemens
655 2874 733 2955 vu.
763 2850 948 2954 urrinni
976 2873 1199 2975 uagnmo.

564 3021 701 3094 (dedolati
718 3020 806 3094 Epiri.
824 3021 862 3078 sd
879 3020 1029 3094 Principes.
1047 3020 1097 3091 δι)

683 3146 719 3204 (7.
738 3141 878 3190 Februarii
899 3136 986 3207 1525.)

280 3275 420 3338 Dilecte
451 3274 499 3338 fili
525 3285 645 3337 noster
676 3283 742 3338 etc.
790 3272 1043 3356 Superioribus
1074 3275 1200 3337 diebus
1231 3295 1309 3337 curn
1342 3276 1388 3338 de
1424 3287 1478 3340 tu·

192 3385 302 3446 multu
313 3382 473 3472 Civitatis
484 3382 768 3462 Magdeburgen.
782 3402 824 3444 ac
840 3382 885 3443 de
898 3380 1085 3462 impiorum
1098 3383 1320 3444 lutheranam
1334 3392 1478 3464 pestem

190 3488 227 3551 in
252 3511 294 3552 eo
318 3491 452 3570 populo
477 3494 720 3570 spargentium
745 3487 919 3567 factione,
943 3489 988 3550 ad
1014 3509 1079 3551 nos
1104 3498 1197 3551 esset
1221 3490 1376 3568 allatum,
1402 3511 1478 3555 non

193 3595 407 3658 mediocrem
431 3595 465 3657 in
491 3595 608 3657 animo
633 3605 754 3657 nostro
779 3595 1006 3676 concepimus
1031 3596 1207 3658 dolorem:
1241 3613 1321 3657 nam
1346 3605 1382 3657 et
1407 3616 1477 3679 pro

191 3721 275 3764 cura
306 3711 413 3782 atque
445 3702 606 3764 custodia
630 3702 741 3764 nostri
773 3701 893 3765 dilecti
917 3702 1057 3783 gregiS,
1093 3723 1197 3783 quem
1228 3722 1249 3764 a
1272 3704 1479 3767 truculenta

190 3810 352 3891 luporum
385 3807 484 3871 rabie
508 3808 718 3872 incolumem
752 3828 896 3871 servare
927 3829 997 3872 non
1021 3819 1247 3890 poteramus,
1281 3810 1476 3874 admodum

190 3915 291 3977 mesti
317 3914 528 3996 sollicitique
553 3915 698 3996 suimus,
735 3927 770 3979 et
794 3927 876 3978 tuae
900 3935 1041 3997 quoque
1066 3915 1231 3997 dignitati
1261 3925 1389 3978 actuo
1414 3918 1476 3980 ho·

190 4022 268 4085 nori
292 4022 353 4083 illo
379 4023 484 4084 modo
509 4022 665 4096 detrahi,
701 4043 767 4104 pro
792 4032 915 4086 nostra
937 4023 1020 4085 inde
1045 4032 1196 4104 paterna
1221 4024 1477 4088 benevolentia

192 4149 301 4210 aegre
325 4128 483 4202 tulimus;
515 4129 725 4192 videbamus
750 4129 855 4192 etiarn
880 4132 1081 4211 exemplum
1105 4129 1139 4192 in
1166 4150 1209 4192 ea
1232 4150 1270 4192 re
1294 4131 1360 4192 toti
1386 4129 1474 4194 Ger·

190 4235 328 4297 maniae
361 4255 402 4297 ac
427 4235 671 4316 Principibus,
707 4236 958 4318 nobilibusque
991 4237 1201 4318 praesertim
1232 4236 1475 4318 perniciosum

188 4341 358 4423 proferri,
382 4341 411 4404 si
435 4341 620 4422 imperitae
645 4343 769 4422 plebes
794 4342 854 4405 illa
878 4343 1016 4406 ratione
1040 4344 1238 4406 subducere
1263 4363 1302 4405 se
1325 4364 1346 4405 a
1370 4363 1474 4426 supe·

187 4448 319 4511 riorum
352 4444 576 4528 obedientia,
612 4459 647 4510 et
679 4448 839 4512 ordinem
875 4470 1014 4512 omnem
1050 4449 1343 4531 disciplinamque
1376 4449 1474 4515 vitae

187 4559 332 4619 turbare
348 4566 383 4618 et
401 4555 620 4618 confundere
637 4566 867 4630 conarentur;
893 4577 983 4638 quae
1001 4577 1079 4618 cum
1097 4556 1215 4619 omnia
1227 4556 1353 4638 gravia
1368 4557 1474 4622 nobis

188 4671 224 4723 et
256 4664 344 4723 dura
367 4662 599 4742 videbantur,
635 4671 708 4724 turn
740 4662 826 4725 nihil
852 4663 972 4726 durius
1006 4684 1109 4746 quarn
1141 4665 1236 4745 quod
1268 4682 1347 4726 cum
1371 4673 1473 4729 tanto

190 4769 387 4832 animarum
411 4768 567 4832 fidelium
584 4768 808 4854 detrimento,
831 4769 899 4832 ista
919 4771 1022 4833 nobis
1038 4769 1244 4834 charissima
1268 4780 1305 4832 et
1319 4769 1470 4836 dilectis·
