3330 5580
716 471 775 524 0<l
815 472 848 523 72
889 469 943 523 ΞΗ

190 616 212 678 11
229 616 385 698 l’rincipi
410 637 474 698 per
498 625 588 679 sette
612 615 728 696 giorni
752 619 979 679 consultorno
1004 638 1069 679 eon
1096 627 1195 679 tanta
1218 619 1472 699 controversia,

190 726 256 786 che
288 725 319 785 el
345 725 446 786 lluca
470 721 616 786 Saxone
648 733 683 785 et
717 724 749 784 el
773 723 961 786 Marchese
986 725 1282 807 Brandemburgh
1313 746 1472 790 vennero

190 831 289 911 quasi
319 832 365 892 ad
396 851 536 917 manus,
569 842 603 893 01
634 833 787 892 sarebbe
817 829 907 893 fatto
940 850 977 893 se
1010 851 1080 895 non
1113 852 1150 895 se
1174 832 1271 895 fusse
1295 853 1412 896 messo
1436 833 1472 897 di

188 937 331 1018 meggio
361 935 574 1019 Saltzburgh
606 946 642 999 et
675 937 755 998 altri
786 938 853 998 che
877 937 912 998 vi
938 958 1064 1016 erano,
1098 940 1240 1019 quoda
1269 939 1473 1020 primordiis

189 1047 402 1107 electoratus
433 1045 479 1106 ad
511 1046 601 1106 haec
632 1064 744 1125 usque
776 1052 952 1124 tempora,
987 1043 1116 1107 dicono
1147 1045 1228 1106 tutti
1260 1047 1328 1109 mai
1353 1067 1472 1111 essere

189 1152 249 1232 piu
286 1152 459 1213 accaduto
497 1171 575 1213 cum
611 1160 756 1231 stupore
792 1150 945 1213 omnium
982 1159 1018 1212 et
1053 1151 1211 1232 periculo
1250 1151 1285 1213 di
1320 1156 1472 1236 qualche

189 1260 326 1338 grande
351 1259 509 1320 tumulto

279 1365 356 1426 Hor
386 1365 411 1426 li
435 1362 593 1444 Principi
624 1362 774 1426 Elettori
804 1363 838 1425 in
871 1366 904 1426 la
938 1366 1015 1426 loro
1049 1366 1124 1427 sala
1155 1364 1175 1426 a
1207 1376 1332 1447 questo
1367 1369 1472 1430 modo

190 1493 298 1535 erano
330 1471 450 1551 divisi,
482 1472 548 1533 che
578 1470 602 1532 li
634 1481 688 1533 tre
717 1469 948 1534 ecclesiastici
973 1479 1009 1532 et
1034 1473 1065 1533 el
1090 1471 1277 1535 Marchese
1302 1472 1337 1535 di
1363 1474 1471 1537 Bran·

189 1580 387 1661 demburgh
423 1598 531 1640 erano
564 1577 600 1639 di
634 1599 705 1640 uno
737 1579 855 1655 voler,
889 1596 988 1640 come
1021 1597 1129 1659 posso
1161 1579 1347 1642 intendere
1378 1581 1471 1643 assai

190 1690 308 1749 buono
333 1696 442 1767 certe,
467 1706 524 1747 ma
548 1705 618 1747 non
643 1686 702 1746 del
727 1694 818 1747 tutto
842 1703 941 1746 come
966 1684 1024 1746 noi
1050 1686 1221 1749 voleam0.

278 1794 320 1855 El
345 1790 489 1856 Saxone
518 1802 553 1855 et
584 1791 607 1853 il
632 1791 796 1854 Palatino
828 1791 1095 1853 obstinatissimi
1126 1791 1288 1873 insieme,
1322 1794 1390 1855 che
1423 1792 1469 1854 fa·

189 1921 300 1963 00000
316 1920 398 1962 cose
420 1900 466 1961 da
491 1897 602 1980 pacci,
629 1898 792 1961 oscirono
817 1897 897 1959 fora
921 1897 1103 1979 cridand0,
1128 1920 1199 1962 non
1224 1902 1389 1962 obstante
1406 1902 1471 1962 che

189 2010 352 2070 deveano
377 2005 477 2086 sequi
501 2005 651 2088 pacifice
675 2004 915 2086 pluralitatem
939 2015 1101 2068 votorum
1126 2006 1178 2068 sui
1203 2007 1355 2088 collegii.

279 2114 318 2176 Li
344 2122 485 2195 quattro
510 2112 646 2175 dissero
670 2132 736 2193 per
759 2131 895 2193 organo
920 2114 979 2175 del
1003 2113 1191 2176 Marchese
1219 2113 1255 2175 di
1279 2113 1471 2177 Brandem-

190 2223 305 2303 burgh
336 2223 465 2283 huomo
499 2231 535 2283 et
565 2219 674 2282 latine
708 2228 744 2282 et
774 2218 982 2281 Alemanice
1020 2219 1288 2299 facundissimo,
1330 2222 1364 2283 la
1395 2223 1471 2283 loro

190 2328 373 2409 opinione,
407 2329 477 2391 alla
509 2328 613 2407 quale
645 2346 731 2407 pare
758 2327 825 2388 che
849 2326 1053 2388 assentiano
1078 2327 1176 2389 molti
1200 2326 1352 2409 principi
1377 2328 1472 2391 della

189 2436 345 2498 secunda
370 2436 501 2513 classe,
534 2442 569 2495 et
591 2433 679 2513 perd
704 2433 812 2514 dopoi
836 2434 1006 2514 alquanto
1030 2433 1184 2515 spatiato
1209 2435 1244 2497 di
1275 2443 1414 2517 tempo,
1448 2429 1474 2498 11

188 2542 268 2604 altri
300 2540 357 2603 doi
382 2539 532 2602 Elettori
564 2539 699 2601 dissero
724 2539 968 2620 acquiescere,
1002 2540 1084 2621 quia
1108 2560 1256 2604 necesse
1281 2551 1372 2622 erat,
1409 2563 1472 2623 per

188 2651 222 2711 la
254 2647 420 2729 pluralita
452 2647 487 2708 di
517 2646 594 2708 suoi
626 2646 799 2726 colleghi;
834 2658 950 2708 tamen
983 2668 1048 2729 per
1078 2649 1102 2710 il
1126 2650 1265 2731 grande
1289 2658 1471 2714 contrasto

189 2755 302 2837 primo
334 2754 441 2833 fatto,
476 2763 511 2815 et
542 2774 607 2835 per
631 2755 664 2815 le
688 2753 849 2834 pratiche
875 2755 953 2816 chel
978 2755 1080 2817 Duca
1103 2752 1249 2818 Saxone
1272 2758 1388 2820 havea
1411 2759 1470 2820 ha·

189 2874 288 2942 vute,
317 2871 409 2924 tutta
432 2864 467 2923 la
490 2860 733 2941 conclusione,
770 2863 835 2923 che
860 2863 974 2924 devea
999 2883 1096 2925 esser
1119 2883 1185 2945 per
1209 2862 1268 2927 noi
1291 2863 1329 2926 fu
1353 2863 1470 2928 intric-

188 2981 278 3050 cata,
303 2972 369 3031 che
390 2968 434 3030 ne
448 2968 469 3031 'l
486 2969 587 3030 Duca
602 2964 747 3031 Saxone
771 2970 887 3030 havea
910 2970 1043 3031 havuto
1067 2972 1101 3031 al
1126 2990 1189 3033 suo
1214 2971 1329 3051 m0d0,
1354 2991 1471 3053 neque

189 3089 307 3140 tamen
341 3075 435 3137 andi)
467 3076 624 3138 secundo
656 3076 722 3138 che
754 3074 945 3138 benissimo
977 3078 1140 3140 haveano
1172 3077 1419 3141 comminciato
1446 3078 1470 3141 li

188 3185 268 3248 altri
302 3192 442 3265 quattro
468 3183 608 3246 elettori
634 3182 812 3246 deliberar
836 3203 901 3264 per
925 3182 993 3246 noi.
1041 3183 1119 3246 Hor
1142 3185 1176 3246 la
1200 3185 1404 3249 conclusion
1434 3187 1470 3248 di

189 3292 268 3354 tutti
293 3294 439 3373 (quanto
463 3290 642 3373 possiamo
666 3291 831 3353 intender
854 3290 889 3352 in
915 3291 1030 3370 questi
1054 3291 1193 3354 articuli
1217 3292 1290 3354 dati
1314 3313 1335 3354 a
1360 3292 1471 3356 Cesar

187 3401 223 3461 in
256 3398 378 3461 scritto
402 3398 622 3469 Alemanice)
652 3397 690 3459 fu
721 3397 835 3479 primo
867 3399 932 3460 che
957 3398 1208 3478 regratiavano
1234 3396 1307 3461 Sua
1329 3399 1471 3463 Maesta

188 3509 253 3569 che
285 3506 443 3587 petendo
476 3525 541 3586 per
571 3525 609 3567 se
640 3505 788 3567 mandar
811 3504 914 3568 fuora
945 3506 994 3567 tal
1018 3506 1185 3569 mandato
1210 3516 1329 3569 tamen
1353 3509 1472 3572 havea

187 3619 309 3676 voluto
341 3612 579 3675 communicer
610 3631 677 3674 con
704 3613 794 3674 loro:
832 3611 861 3673 Il
885 3613 951 3673 che
976 3632 1037 3674 era
1060 3615 1131 3675 ben
1156 3611 1247 3675 fatto
1263 3633 1329 3695 per
1345 3635 1471 3677 servat

184 3721 262 3803 jura
286 3718 444 3801 Imperii:
477 3719 606 3781 deinde
630 3721 696 3782 che
720 3740 785 3801 per
809 3717 928 3781 niente
952 3721 1001 3781 tal
1025 3720 1194 3783 mandato
1219 3721 1248 3782 si
1280 3723 1470 3786 mandasse

187 3826 290 3888 fuora
320 3845 385 3906 per
415 3827 480 3887 che
514 3828 667 3890 sarebbe
698 3846 804 3889 causa
837 3827 872 3888 di
901 3826 1136 3908 grandissimo
1162 3829 1330 3890 scandalo
1356 3849 1421 3910 per
1445 3830 1469 3892 li

187 3932 310 4014 populi
344 3933 409 3994 che
440 3931 500 4013 gia
533 3953 604 3995 non
638 3953 790 3996 cercano
822 3954 859 3996 se
890 3954 961 3996 non
992 3933 1114 3995 venire
1148 3935 1194 3996 ad
1221 3956 1319 3997 arma
1343 3944 1379 3998 et
1403 3938 1469 4000 che

187 4036 261 4100 Sua
284 4038 423 4101 Maesta
455 4041 569 4101 havea
600 4040 758 4103 divinato
790 4043 882 4102 bene
907 4061 927 4101 a
951 4041 1147 4103 demandar
1180 4044 1213 4103 el
1243 4063 1350 4124 parer
1380 4044 1467 4124 lore,

187 4144 319 4226 perche
350 4145 559 4208 altramente
592 4145 614 4208 l'
631 4147 810 4209 harrebbe
833 4147 925 4209 visto
950 4167 995 4208 un
1021 4149 1160 4228 grande
1184 4149 1290 4212 fuoco
1321 4149 1356 4210 in
1382 4148 1467 4213 Ger·

188 4251 315 4331 mania,
341 4272 359 4313 e
384 4250 458 4313 cosi
482 4251 541 4333 gia
566 4252 632 4314 sibi
657 4253 891 4317 vendicarunt
922 4263 1044 4316 votum
1067 4255 1244 4318 liberandi
1268 4257 1303 4319 in
1329 4259 1395 4320 hac
1419 4279 1468 4338 re,

186 4359 282 4439 quod
307 4370 423 4421 tamen
450 4358 690 4422 Cancellarius
715 4359 817 4422 nobis
841 4363 1076 4442 responderat
1100 4349 1169 4426 non
1194 4362 1367 4437 futurum3
1402 4367 1467 4427 che

188 4464 256 4527 Dio
294 4464 317 4527 li
346 4466 508 4546 perdoni.
566 4466 642 4529 Ben
677 4466 812 4530 dissero
846 4469 912 4530 che
946 4470 1066 4532 avanti
1098 4472 1163 4532 che
1195 4492 1233 4533 se
1264 4473 1415 4534 havesse
1446 4494 1468 4534 a

187 4572 365 4652 publicar,
399 4572 541 4636 omnino
572 4593 610 4636 se
641 4574 837 4638 chiamasse
861 4574 1015 4639 Martino
1040 4580 1105 4638 sub
1130 4579 1407 4641 salvoconducto
1432 4590 1468 4642 et

186 4677 468 4760 interrogaretur
491 4700 529 4743 se
554 4680 600 4743 lui
624 4682 740 4744 havea
764 4681 885 4744 scritto
910 4683 972 4745 tali
997 4683 1092 4764 libri,
1121 4695 1156 4746 et
1180 4704 1219 4747 se
1244 4684 1267 4745 li
1291 4704 1466 4749 comman-

188 4785 302 4866 dasse,
327 4787 392 4848 che
417 4789 535 4867 quello
561 4790 626 4850 che
651 4798 752 4850 tocca
776 4790 810 4849 la
834 4788 928 4869 fede,
953 4801 989 4852 01
1013 4791 1036 4851 11
1061 4791 1274 4852 sacramenti
1299 4792 1347 4854 lui
1367 4815 1466 4857 revo-
