3330 5580
702 479 950 535 0-433211ίθ1

186 623 406 705 praeclarum
431 623 570 687 facinus
592 633 749 688 vestrum
784 625 820 688 in
845 627 946 690 coelo
970 625 1085 709 ipsum
1109 626 1178 690 iam
1202 627 1332 691 emicat
1363 638 1468 711 atque

187 750 209 793 a
232 732 311 794 Deo
337 739 372 793 et
395 731 547 813 Angelis
570 733 766 813 laudatum,
791 743 910 798 tamen
934 743 1056 798 nostra
1079 754 1221 817 quoque
1245 736 1468 799 commenda·

187 836 282 901 tione
306 837 459 902 libenter
482 840 730 921 prosequimur
754 851 789 903 et
813 841 960 921 dignum
984 841 1079 904 omni
1112 842 1218 904 laude
1248 862 1290 905 ac
1314 844 1469 906 benevo-

187 945 295 1008 lentia
317 945 441 1009 intima
464 955 585 1009 nostra
598 945 802 1027 iudicamus,
819 949 1003 1012 hortantes
1017 968 1083 1010 vos
1098 964 1164 1030 per
1181 950 1334 1012 eundem
1350 949 1471 1030 Jesum

188 1051 247 1134 qui
272 1064 424 1116 mentem
449 1063 606 1117 sanctam
631 1054 734 1118 vobis
749 1054 867 1118 intulit
882 1056 928 1118 ad
944 1055 1116 1138 reliquam
1132 1055 1282 1137 gloriam
1307 1058 1472 1120 salutem·

188 1180 256 1241 que
281 1161 567 1241 comparandam,
592 1170 630 1223 ut
643 1162 828 1243 Templum
852 1162 922 1225 Dei
945 1164 1041 1244 quod
1064 1161 1099 1225 in
1124 1161 1229 1226 vobis
1252 1172 1318 1246 est,
1342 1163 1381 1226 in
1405 1164 1471 1227 sin·

188 1265 334 1329 caritate
376 1266 451 1329 eius
488 1266 572 1330 fidei
614 1288 719 1350 quam
753 1289 776 1331 a
811 1268 972 1351 patribus
1009 1269 1214 1351 accepistis,
1251 1270 1473 1334 custodiatis.

188 1372 278 1436 Nam
302 1393 373 1436 non
398 1376 506 1456 longe
530 1374 685 1437 futurum
710 1374 918 1439 confidimus
942 1375 1010 1439 Dei
1041 1374 1284 1439 misericordia
1317 1375 1473 1440 interve·

189 1480 328 1560 niente,
353 1491 426 1543 turn
451 1492 572 1544 nostra
600 1502 741 1563 quoque
766 1491 802 1546 et
826 1482 1003 1546 Caesarae
1025 1481 1225 1545 Maiestatis
1248 1481 1473 1566 aliorumque

188 1587 467 1651 orthodoxorum
491 1588 691 1671 principum
716 1610 827 1673 opera
849 1590 1063 1671 accedente,
1086 1588 1170 1671 quin
1196 1590 1292 1654 laete
1315 1589 1395 1654 istis
1427 1593 1473 1655 ab

189 1694 328 1758 haeresi
352 1693 518 1759 fluctibus
542 1697 758 1777 restituatur,
783 1716 932 1778 eumque
948 1694 1055 1760 finem
1068 1697 1192 1759 horum
1207 1698 1472 1761 haereticorum

189 1801 372 1865 videamus
397 1823 497 1884 quem
524 1803 675 1866 maiores
699 1803 809 1866 nostri
834 1802 982 1867 aliorum
1006 1804 1183 1866 viderunt.
1231 1803 1271 1865 In
1303 1823 1377 1885 quo
1410 1826 1474 1868 nos

189 1929 266 1972 cum
295 1909 391 1972 omni
423 1930 508 1973 cura
544 1910 777 1973 incumbimus
809 1920 844 1973 et
876 1910 996 1974 divina
1030 1931 1099 1993 ope
1129 1910 1243 1972 iuvari
1273 1930 1472 1994 speramus.

190 2016 319 2079 Datum
344 2017 485 2080 Romae
510 2027 575 2081 etc.
601 2017 658 2081 die
682 2017 780 2080 VIII.
806 2017 942 2100 Aprilis
971 2038 1063 2098 1524·
1112 2018 1219 2081 Anno
1244 2017 1370 2101 primo.

727 2215 933 2227 mmvww

797 2391 870 2457 148.

579 2496 739 2578 clemens
765 2498 844 2578 Vll.
872 2496 1071 2600 Campegio.

318 2626 410 2696 (011111.
429 2626 490 2685 vn.
509 2627 612 2686 Brevia
630 2626 668 2686 sd
686 2627 827 2701 Prbolpes
845 2643 896 2702 per
915 2626 1078 2687 dedolatum
1095 2629 1203 2702 scnpte
1220 2627 1266 2687 111.
1285 2630 1337 2701 11.)

687 2737 742 2806 (14.
761 2739 864 2804 Aprilis
886 2735 973 2807 1524.)

280 2861 384 2942 Quod
400 2862 523 2925 scribit
539 2864 585 2925 ad
604 2883 668 2926 nos
685 2862 760 2926 cir¹⁰
786 2873 847 2926 tua
871 2883 949 2926 esse
973 2883 1019 2926 ex
1044 2883 1190 2926 numero
1214 2863 1353 2926 illorum
1379 2865 1472 2946 prin·

191 2968 306 3050 cipum
332 2988 480 3050 quorum
496 2979 531 3032 et
546 2969 713 3033 nobilitas
737 2980 773 3034 et
796 2970 908 3033 virtus
923 2970 1043 3051 magni
1068 2991 1089 3032 a
1105 2969 1208 3032 nobis
1224 2969 1392 3033 facienda
1408 2983 1474 3055 est,

191 3075 250 3156 qui
268 3085 393 3158 optent
409 3075 494 3139 cleri
508 3076 722 3141 Germaniae
737 3077 1034 3157 reformationem,
1060 3077 1206 3139 multum
1222 3096 1382 3157 peream
1398 3098 1474 3142 rem

191 3183 236 3244 ad
258 3184 435 3245 tollendas
459 3182 652 3247 seditiones
675 3193 710 3246 et
734 3186 902 3247 turnultus
924 3182 1227 3246 schismaticorum
1247 3182 1473 3264 profuturam

193 3290 419 3368 arbitrentur,
444 3289 481 3353 id
497 3291 600 3353 nobis
616 3290 817 3373 intelligere
832 3290 898 3353 fuit
914 3290 1212 3353 iucundissimum.
1259 3288 1354 3370 Quid
1379 3291 1474 3356 enim

191 3397 287 3461 aliud
311 3417 387 3478 noS,
411 3406 643 3480 posteaquam
677 3399 723 3460 ad
754 3400 822 3462 hoc
847 3399 1027 3481 pastorale
1051 3396 1207 3460 officium
1231 3395 1351 3459 divina
1375 3397 1474 3461 boni·

191 3514 264 3568 tate
295 3504 413 3567 vocati
436 3504 579 3586 fuimus,
613 3513 674 3567 aut
704 3505 939 3587 cogitavimus
971 3514 1032 3567 aut
1063 3503 1264 3586 optavimus
1299 3524 1403 3587 quam
1436 3505 1472 3568 in

191 3611 352 3675 Ecclesia
375 3611 443 3674 Dei
468 3611 649 3694 corrigere
673 3632 764 3693 quae
789 3613 986 3693 depravata
1013 3621 1094 3675 sunt
1125 3621 1161 3673 et
1191 3611 1287 3674 illam
1318 3610 1354 3673 in
1383 3613 1474 3676 anti·

192 3739 298 3801 quum
330 3719 557 3801 splendorem
589 3739 700 3800 purae
734 3727 770 3782 et
803 3739 910 3782 verae
939 3717 1122 3800 religionis
1152 3738 1338 3797 revocare,
1373 3718 1474 3782 cuius

191 3825 305 3889 nostri
329 3825 497 3889 desiderii
520 3826 636 3889 Deum
661 3834 787 3889 testem
812 3827 983 3889 habemus
1011 3836 1047 3889 et
1080 3825 1184 3889 cir¹³⁰¹¹¹
1214 3825 1319 3888 etiam
1351 3829 1474 3890 tuam?

192 3933 265 3997 Sed
290 3933 477 4016 quominus
501 3933 618 3997 statim
643 3937 689 3997 ab
713 3933 814 3996 initio
838 3933 873 3996 in
898 3935 988 3996 hanc
1014 3954 1087 3996 rem
1112 3941 1147 3995 et
1171 3952 1261 4016 opus
1291 3932 1472 3996 incumbe-

193 4061 310 4105 remus
346 4041 437 4104 aliae
473 4041 657 4122 graviores
691 4050 726 4103 et
755 4040 983 4104 instantiores
1018 4061 1124 4103 curae
1152 4038 1296 4103 fuerunt
1325 4039 1473 4122 impedi·

191 4158 330 4228 mento,
363 4169 441 4211 cum
473 4148 565 4212 enim
596 4149 642 4210 ad
674 4149 834 4212 sedanda
858 4148 1087 4212 acerbissima
1111 4149 1206 4210 bella
1229 4146 1357 4228 quibus
1382 4147 1473 4210 chri·

191 4255 326 4318 stianus
350 4255 447 4318 orbis
469 4254 599 4337 flagrat
623 4255 817 4336 universus,
843 4276 920 4319 cum
945 4257 989 4318 ad
1015 4252 1227 4318 imminentis
1251 4263 1286 4316 et
1310 4253 1473 4334 urgentis

191 4362 399 4427 ferocissimi
412 4362 549 4426 Turcae
565 4362 718 4444 impetus
733 4363 931 4445 evitandos,
948 4383 1026 4426 cum
1041 4362 1087 4425 ad
1103 4380 1192 4441 eam,
1207 4381 1298 4442 quae
1314 4360 1419 4423 nobis
1437 4369 1473 4423 et

193 4470 227 4532 in
243 4489 363 4533 amore
383 4478 419 4532 et
435 4470 469 4532 in
487 4469 655 4551 opinione
670 4469 810 4533 virtutis
826 4469 1019 4552 potissima,
1043 4469 1077 4532 in
1091 4467 1317 4532 Germaniam
1334 4467 1472 4531 domes·

192 4576 270 4638 ticis
308 4575 408 4639 malis
439 4576 660 4640 liberandam
692 4576 810 4640 omnia
843 4576 961 4639 studia
997 4585 1032 4639 et
1068 4575 1215 4639 consilia
1253 4585 1376 4636 nostra
1407 4573 1471 4636 vix

192 4683 383 4746 suffectura
408 4703 631 4747 cerneremus
639 4732 648 4763 ,
683 4703 753 4746 non
778 4683 942 4746 duximus
966 4684 1012 4746 ad
1036 4692 1213 4745 tantarum
1238 4700 1355 4744 rerum
1379 4701 1471 4744 onus

190 4792 281 4856 hunc
306 4791 412 4856 etiam
435 4793 593 4856 laborem
616 4788 878 4855 reformationis
902 4790 1019 4854 subito
1034 4790 1236 4853 addendum
1252 4807 1342 4868 esse,
1365 4808 1468 4870 prae·
