3330 5580
679 483 927 537 *emeda

160 666 240 724 243;
267 667 312 707 ex
337 645 467 708 nostris
492 665 619 708 novem
644 645 762 724 occisi,
788 653 822 707 et
847 665 936 708 unus
958 645 1174 725 Capitaneus
1204 639 1446 720 Treverensis,

159 755 243 816 dum
266 755 408 815 incaute
432 753 571 833 quaerit
595 754 745 814 rusticos
769 753 805 813 in
831 772 975 815 nemore
1001 764 1124 814 contra
1147 753 1279 817 iussum
1305 749 1445 831 Capita·

160 879 328 939 neorum,
362 862 408 922 ab
438 879 509 921 uno
545 880 592 922 ex
624 858 753 921 nostris
789 879 855 940 pro
879 863 1010 922 rustico
1036 859 1215 940 impetitur
1238 858 1446 933 bombarda,

161 976 197 1029 et
221 966 380 1028 moritur.
415 964 614 1028 Stationem
639 965 763 1028 habuit
786 965 847 1027 illo
871 966 929 1027 die
954 967 1143 1043 exercitus,
1168 976 1204 1028 et
1219 974 1390 1046 sequente
1413 962 1448 1023 in

161 1072 432 1154 Kungshoffen:
458 1074 623 1136 noctibus
647 1083 764 1134 tamen
790 1074 962 1134 ambabus
987 1074 1123 1154 equites
1139 1074 1185 1135 ad
1209 1093 1326 1135 arcem
1350 1070 1446 1133 missi

161 1192 252 1260 sunt,
278 1191 315 1241 ut
339 1182 385 1242 ab
411 1179 567 1242 obsessis
592 1179 794 1259 intelligant
819 1179 937 1260 quoin
957 1190 1051 1242 statu
1076 1191 1157 1242 sunt
1182 1180 1309 1242 omnia.
1342 1178 1446 1240 Unde

161 1287 267 1349 tertia
291 1286 386 1366 Junii
409 1286 443 1348 in
471 1297 575 1349 nocte
600 1285 847 1365 significarunt
872 1289 959 1348 8000
976 1287 1184 1349 rusticorum
1210 1287 1340 1349 exiisse
1360 1286 1446 1348 Her·

162 1394 308 1476 bipolim
334 1414 459 1455 versus
483 1394 701 1455 'sauberum:
732 1404 858 1473 quarta
889 1392 983 1472 Junii
1008 1393 1211 1476 intelligens
1236 1394 1309 1475 liga
1333 1413 1446 1474 prope

162 1521 240 1563 esse
264 1499 333 1562 illis
358 1500 526 1580 occurrit,
552 1499 609 1580 qui
636 1499 835 1562 nescientes
860 1520 961 1562 cesos
987 1521 1064 1563 esse
1097 1500 1205 1564 Otten
1231 1500 1446 1562 Waldenses

163 1608 291 1689 quibus
316 1608 499 1690 suppetias
523 1606 617 1671 ferre
642 1609 827 1685 volebant,
861 1607 975 1688 primo
1008 1607 1127 1688 itaque
1152 1628 1347 1689 congressu
1373 1607 1445 1669 fun·

163 1717 294 1777 duntur
308 1714 440 1793 rustici,
458 1724 493 1776 et
509 1713 664 1793 fugiunt:
681 1715 831 1776 trecenti
849 1714 882 1775 in
900 1714 1098 1795 proximam
1123 1735 1240 1777 arcem
1265 1735 1378 1796 nuper
1402 1717 1447 1776 ab

164 1822 216 1885 eis
240 1825 459 1883 combustam
484 1820 696 1901 confugiunt
720 1831 755 1883 et
779 1833 849 1882 tam
875 1821 1101 1901 pertinaciter
1135 1843 1173 1884 se
1198 1822 1446 1897 defenderunt,

164 1942 202 1990 ut
226 1949 268 1990 eo
295 1928 353 1990 die
377 1948 448 1991 non
473 1941 786 2009 expugnarentur;
812 1948 946 1990 summo
978 1948 1081 1991 mane
1106 1929 1290 1992 tormentis
1311 1949 1446 1991 murum

163 2035 371 2118 fregerunt,
408 2045 442 2095 et
472 2035 507 2096 vi
533 2035 769 2116 irrumpentes
794 2034 921 2097 milites
946 2036 1099 2098 rusticos
1125 2056 1247 2099 omnes
1271 2038 1316 2098 ad
1342 2057 1447 2099 unum

163 2142 394 2205 trucidarunt.
437 2142 475 2203 In
501 2151 575 2203 toto
604 2144 699 2204 bello
731 2161 908 2223 nunquam
933 2144 1015 2222 plus
1040 2143 1157 2204 damni
1183 2143 1338 2225 suscepit
1363 2143 1446 2224 liga,

164 2271 244 2311 nam
278 2248 536 2330 quinquaginta
572 2269 618 2311 ex
650 2248 780 2311 nostris
805 2262 887 2311 ante
913 2249 1033 2310 turrim
1073 2252 1290 2329 occubuere,
1327 2253 1447 2331 plures

164 2356 247 2427 laci;
285 2356 430 2436 cognito
468 2367 584 2417 autem
620 2376 665 2417 ex
702 2356 845 2438 captivo
882 2356 1031 2418 rusticos
1066 2358 1186 2437 plures
1218 2357 1251 2419 in
1284 2357 1447 2438 proxima

164 2465 267 2546 sylva
291 2463 445 2541 latitare,
471 2463 649 2543 equitatus
674 2465 811 2545 sylvam
827 2462 1020 2539 circundat,
1039 2463 1167 2527 milites
1181 2464 1446 2545 ingrediuntur:

164 2571 370 2633 ceciderunt
405 2570 439 2630 in
475 2590 633 2645 nemore,
670 2571 703 2631 in
742 2570 829 2632 turri
864 2581 899 2632 et
931 2589 1126 2651 congressu
1163 2575 1256 2634 ultra
1291 2571 1447 2653 quinque

166 2677 273 2741 millia
298 2676 529 2739 rusticorum:
561 2697 604 2739 eo
630 2677 686 2738 die
711 2676 889 2739 exercitus
919 2677 1143 2758 Herbipolim
1168 2679 1318 2741 obsedit.
1366 2678 1446 2739 Tre·

166 2805 285 2848 ceren.
311 2783 508 2863 Palatinus,
541 2793 576 2845 et
608 2783 841 2864 Herbipolen.
868 2782 973 2846 fidam
998 2804 1115 2847 arcem
1140 2785 1379 2864 intraverunt,
1412 2795 1448 2848 et

165 2905 236 2954 tam
261 2893 467 2972 frequentes
492 2891 605 2954 iactus
630 2903 885 2954 tormentorum
916 2913 961 2954 ex
987 2893 1110 2955 castris
1136 2905 1170 2955 et
1196 2914 1241 2955 ex
1269 2913 1350 2955 arce
1375 2892 1446 2954 fue·

167 3010 261 3078 runt,
291 3013 329 3060 ut
360 2998 470 3060 maior
494 3019 577 3079 pars
602 2998 810 3060 rusticorum
836 3012 940 3060 nocte
965 2999 1201 3063 dilaberetur:
1232 3011 1332 3063 erant
1356 3000 1448 3063 enim

167 3108 281 3167 adbuc
311 3126 437 3168 novem
463 3105 571 3167 millia
595 3104 806 3167 rusticorum
831 3105 865 3167 in
891 3105 1088 3170 obsidione.
1135 3107 1203 3170 Die
1228 3128 1315 3190 ergo
1347 3118 1449 3169 sexta

166 3213 259 3291 Junii
275 3213 373 3274 Urbs
390 3233 454 3292 per
480 3213 694 3274 deditionem
719 3212 817 3274 venit
841 3213 875 3273 in
900 3223 1114 3294 potestatem
1138 3215 1242 3295 ligae,
1267 3216 1360 3276 unde
1386 3216 1448 3276 Ca·

167 3319 329 3401 pitaneus
364 3323 542 3400 generalis
572 3319 666 3400 ligae
691 3319 735 3382 D.
773 3318 952 3399 Georgius
990 3321 1138 3402 Dapifer
1175 3323 1220 3383 de
1257 3321 1449 3403 Waltpurg

169 3427 301 3489 Urbem
327 3427 517 3505 ingressus,
539 3439 572 3487 et
586 3425 770 3506 Principes
795 3447 841 3488 ex
866 3446 948 3489 arce
973 3428 1233 3491 descendentes
1256 3429 1370 3510 primo
1396 3450 1444 3491 se-

167 3544 363 3616 gregarunt
388 3553 509 3595 omnes
534 3533 694 3594 subditos
723 3533 927 3596 Marchinos
957 3534 1138 3614 Casimiri,
1169 3556 1258 3616 quos
1290 3537 1336 3599 ad
1369 3557 1448 3598 eum

167 3641 335 3704 miserunt
352 3640 550 3720 puniendos
573 3643 651 3717 1483
668 3640 835 3722 rusticos,
862 3640 942 3703 dein
968 3642 1116 3723 aliquot,
1141 3653 1177 3705 et
1201 3652 1341 3706 centum
1366 3665 1445 3706 mox

169 3748 338 3811 decollari
363 3746 544 3823 lecerunt,
578 3746 763 3809 lictoribus
791 3751 981 3811 mactando
1013 3748 1127 3831 fessis,
1160 3751 1339 3814 adservati
1368 3762 1449 3814 sunt

172 3862 234 3933 700
259 3854 407 3935 captivi,
432 3852 558 3931 reliqui
587 3854 633 3915 ad
664 3854 809 3935 propria
837 3855 936 3917 abire
969 3855 1070 3936 iussi,
1095 3878 1248 3941 poenam
1273 3859 1389 3939 ligae,
1414 3869 1449 3921 et

170 3961 397 4024 Dominorum
424 3969 670 4040 expectantes,
694 3981 774 4023 nam
799 3961 848 4023 ita
875 3963 965 4025 solet
990 3963 1064 4045 liga
1087 3966 1241 4028 rebelles
1262 3965 1295 4028 in
1312 3966 1450 4028 comuni

170 4069 311 4152 punice,
336 4077 371 4128 et
396 4086 502 4149 super
527 4066 669 4129 residuo
693 4080 854 4130 reservat
878 4089 1030 4150 poenam
1055 4081 1125 4134 tam
1150 4073 1321 4154 corporis,
1345 4093 1450 4154 quam

170 4178 341 4239 bonorum
375 4174 517 4235 domino
552 4173 721 4254 cuiusque
753 4174 831 4238 loci.
888 4175 931 4237 Et
967 4177 1048 4256 quia
1080 4199 1212 4241 cuneus
1242 4180 1309 4242 iste
1338 4178 1451 4260 magis

170 4282 402 4346 formidabilis
425 4281 490 4342 fuit
516 4280 681 4359 coeteris,
706 4293 742 4343 et
766 4281 919 4345 exitialis
943 4282 1046 4346 Clero
1080 4297 1115 4347 et
1140 4286 1334 4367 nobilitati,
1367 4287 1451 4350 licet

170 4411 282 4472 parvo
310 4389 460 4469 negocio
486 4389 591 4452 fuerit
608 4388 707 4450 fusus
744 4399 780 4450 et
805 4389 1011 4471 dissipatus,
1036 4393 1304 4456 subnotabimus
1328 4394 1450 4457 Mona·

170 4497 278 4560 steria
301 4496 417 4558 diruta
440 4510 474 4558 et
499 4517 599 4559 arces
624 4505 768 4558 exustas
792 4514 834 4558 ac
858 4497 1039 4577 spoliatas.

384 4603 604 4666 Ebracenses
1023 4606 1135 4671 'fores

391 4707 641 4773 Schwartzach
1029 4712 1245 4777 Bildhausen

385 4817 604 4882 Heidenleld
1030 4820 1160 4884 Vesser
