<?xml version="1.0" encoding="UTF-8"?>
<!DOCTYPE html PUBLIC "-//W3C//DTD XHTML 1.0 Transitional//EN"
    "http://www.w3.org/TR/xhtml1/DTD/xhtml1-transitional.dtd">
<html xmlns="http://www.w3.org/1999/xhtml" xml:lang="en" lang="en">
 <head>
  <title>
</title>
<meta http-equiv="Content-Type" content="text/html;charset=utf-8" />
  <meta name='ocr-system' content='tesseract 3.04.00' />
  <meta name='ocr-capabilities' content='ocr_page ocr_carea ocr_par ocr_line ocrx_word'/>
</head>
<body>
  <div class='ocr_page' id='page_1' title='image "./monumentareform00vatigoog_0536.png"; bbox 0 0 3330 5580; ppageno 0'>
   <div class='ocr_carea' id='block_1_1' title="bbox 708 482 956 539">
    <p class='ocr_par' dir='ltr' id='par_1_1' title="bbox 708 482 956 539">
     <span class='ocr_line' id='line_1_1' title="bbox 708 482 956 539; baseline -0.004 0"><span class='ocrx_word' id='word_1_1' title='bbox 708 482 956 539; x_wconf 43' lang='lat' dir='ltr'>&amp;libb-0</span> 
     </span>
    </p>
   </div>
   <div class='ocr_carea' id='block_1_2' title="bbox 188 627 1481 4560">
    <p class='ocr_par' dir='ltr' id='par_1_2' title="bbox 188 627 1481 4560">
     <span class='ocr_line' id='line_1_2' title="bbox 188 627 1472 710; baseline -0.003 -20"><span class='ocrx_word' id='word_1_2' title='bbox 188 649 232 690; x_wconf 90' lang='lat' dir='ltr'>ac</span> <span class='ocrx_word' id='word_1_3' title='bbox 257 627 485 691; x_wconf 86' lang='lat' dir='ltr'>nobilissimis</span> <span class='ocrx_word' id='word_1_4' title='bbox 510 627 680 691; x_wconf 85' lang='lat' dir='ltr'>fratribus</span> <span class='ocrx_word' id='word_1_5' title='bbox 704 629 789 708; x_wconf 91' lang='lat' dir='ltr'>tuis,</span> <span class='ocrx_word' id='word_1_6' title='bbox 821 629 880 710; x_wconf 91' lang='lat' dir='ltr'>qui</span> <span class='ocrx_word' id='word_1_7' title='bbox 912 628 976 691; x_wconf 93' lang='lat' dir='ltr'>tibi</span> <span class='ocrx_word' id='word_1_8' title='bbox 1006 628 1040 690; x_wconf 90' lang='lat' dir='ltr'>in</span> <span class='ocrx_word' id='word_1_9' title='bbox 1076 649 1118 689; x_wconf 87' lang='lat' dir='ltr'>ea</span> <span class='ocrx_word' id='word_1_10' title='bbox 1153 648 1191 689; x_wconf 87' lang='lat' dir='ltr'>re</span> <span class='ocrx_word' id='word_1_11' title='bbox 1226 648 1360 689; x_wconf 89' lang='lat' dir='ltr'>summa</span> <span class='ocrx_word' id='word_1_12' title='bbox 1395 645 1472 687; x_wconf 93' lang='lat' dir='ltr'>cum</span> 
     </span>
     <span class='ocr_line' id='line_1_3' title="bbox 188 732 1474 818; baseline -0.003 -21"><span class='ocrx_word' id='word_1_13' title='bbox 188 735 320 799; x_wconf 87' lang='lat' dir='ltr'>virtute</span> <span class='ocrx_word' id='word_1_14' title='bbox 344 734 538 815; x_wconf 86' lang='lat' dir='ltr'>affuerunt,</span> <span class='ocrx_word' id='word_1_15' title='bbox 575 756 640 818; x_wconf 92' lang='lat' dir='ltr'>per</span> <span class='ocrx_word' id='word_1_16' title='bbox 674 735 762 798; x_wconf 89' lang='lat' dir='ltr'>alias</span> <span class='ocrx_word' id='word_1_17' title='bbox 797 745 937 798; x_wconf 89' lang='lat' dir='ltr'>nostras</span> <span class='ocrx_word' id='word_1_18' title='bbox 971 736 1107 798; x_wconf 79' lang='lat' dir='ltr'>litteras</span> <span class='ocrx_word' id='word_1_19' title='bbox 1142 735 1179 796; x_wconf 91' lang='lat' dir='ltr'>in</span> <span class='ocrx_word' id='word_1_20' title='bbox 1211 733 1325 796; x_wconf 84' lang='lat' dir='ltr'>forma</span> <span class='ocrx_word' id='word_1_21' title='bbox 1353 732 1474 795; x_wconf 90' lang='lat' dir='ltr'>brevis</span> 
     </span>
     <span class='ocr_line' id='line_1_4' title="bbox 188 842 1475 925; baseline -0.004 -19"><span class='ocrx_word' id='word_1_22' title='bbox 188 842 359 925; x_wconf 86' lang='lat' dir='ltr'>gratulati</span> <span class='ocrx_word' id='word_1_23' title='bbox 383 863 502 905; x_wconf 90' lang='lat' dir='ltr'>sumus</span> <span class='ocrx_word' id='word_1_24' title='bbox 527 854 562 905; x_wconf 92' lang='lat' dir='ltr'>et</span> <span class='ocrx_word' id='word_1_25' title='bbox 585 843 621 906; x_wconf 93' lang='lat' dir='ltr'>in</span> <span class='ocrx_word' id='word_1_26' title='bbox 647 842 851 924; x_wconf 89' lang='lat' dir='ltr'>praesentia</span> <span class='ocrx_word' id='word_1_27' title='bbox 875 844 991 905; x_wconf 90' lang='lat' dir='ltr'>denuo</span> <span class='ocrx_word' id='word_1_28' title='bbox 1017 844 1250 922; x_wconf 88' lang='lat' dir='ltr'>gratulamur;</span> <span class='ocrx_word' id='word_1_29' title='bbox 1276 862 1316 902; x_wconf 89' lang='lat' dir='ltr'>ac</span> <span class='ocrx_word' id='word_1_30' title='bbox 1341 861 1407 922; x_wconf 90' lang='lat' dir='ltr'>pro</span> <span class='ocrx_word' id='word_1_31' title='bbox 1432 861 1475 902; x_wconf 88' lang='lat' dir='ltr'>ea</span> 
     </span>
     <span class='ocr_line' id='line_1_5' title="bbox 189 947 1474 1031; baseline -0.002 -20"><span class='ocrx_word' id='word_1_32' title='bbox 189 960 320 1030; x_wconf 87' lang='lat' dir='ltr'>quate</span> <span class='ocrx_word' id='word_1_33' title='bbox 345 959 380 1013; x_wconf 90' lang='lat' dir='ltr'>et</span> <span class='ocrx_word' id='word_1_34' title='bbox 404 949 604 1012; x_wconf 89' lang='lat' dir='ltr'>universam</span> <span class='ocrx_word' id='word_1_35' title='bbox 630 949 799 1012; x_wconf 83' lang='lat' dir='ltr'>familiam</span> <span class='ocrx_word' id='word_1_36' title='bbox 824 960 920 1011; x_wconf 89' lang='lat' dir='ltr'>tuam</span> <span class='ocrx_word' id='word_1_37' title='bbox 944 949 1209 1031; x_wconf 84' lang='lat' dir='ltr'>prosequimur,</span> <span class='ocrx_word' id='word_1_38' title='bbox 1241 947 1414 1010; x_wconf 86' lang='lat' dir='ltr'>charitate</span> <span class='ocrx_word' id='word_1_39' title='bbox 1440 959 1474 1009; x_wconf 89' lang='lat' dir='ltr'>et</span> 
     </span>
     <span class='ocr_line' id='line_1_6' title="bbox 189 1055 1473 1136; baseline -0.003 -17"><span class='ocrx_word' id='word_1_40' title='bbox 189 1055 392 1136; x_wconf 86' lang='lat' dir='ltr'>affectione,</span> <span class='ocrx_word' id='word_1_41' title='bbox 409 1058 500 1120; x_wconf 91' lang='lat' dir='ltr'>hanc</span> <span class='ocrx_word' id='word_1_42' title='bbox 525 1066 622 1119; x_wconf 91' lang='lat' dir='ltr'>tuam</span> <span class='ocrx_word' id='word_1_43' title='bbox 646 1057 787 1119; x_wconf 88' lang='lat' dir='ltr'>laudem</span> <span class='ocrx_word' id='word_1_44' title='bbox 813 1068 847 1118; x_wconf 91' lang='lat' dir='ltr'>et</span> <span class='ocrx_word' id='word_1_45' title='bbox 871 1056 1022 1135; x_wconf 85' lang='lat' dir='ltr'>gloriam</span> <span class='ocrx_word' id='word_1_46' title='bbox 1046 1056 1229 1117; x_wconf 90' lang='lat' dir='ltr'>nobiscum</span> <span class='ocrx_word' id='word_1_47' title='bbox 1254 1074 1473 1116; x_wconf 90' lang='lat' dir='ltr'>communem</span> 
     </span>
     <span class='ocr_line' id='line_1_7' title="bbox 190 1161 1473 1245; baseline -0.002 -20"><span class='ocrx_word' id='word_1_48' title='bbox 190 1183 270 1226; x_wconf 89' lang='lat' dir='ltr'>esse</span> <span class='ocrx_word' id='word_1_49' title='bbox 295 1163 466 1244; x_wconf 88' lang='lat' dir='ltr'>ducimus,</span> <span class='ocrx_word' id='word_1_50' title='bbox 489 1183 638 1245; x_wconf 89' lang='lat' dir='ltr'>cumque</span> <span class='ocrx_word' id='word_1_51' title='bbox 663 1162 743 1225; x_wconf 89' lang='lat' dir='ltr'>Tibi</span> <span class='ocrx_word' id='word_1_52' title='bbox 768 1183 788 1224; x_wconf 88' lang='lat' dir='ltr'>a</span> <span class='ocrx_word' id='word_1_53' title='bbox 813 1163 892 1225; x_wconf 89' lang='lat' dir='ltr'>Deo</span> <span class='ocrx_word' id='word_1_54' title='bbox 921 1161 1054 1243; x_wconf 91' lang='lat' dir='ltr'>optimo</span> <span class='ocrx_word' id='word_1_55' title='bbox 1079 1173 1176 1226; x_wconf 90' lang='lat' dir='ltr'>recte</span> <span class='ocrx_word' id='word_1_56' title='bbox 1205 1163 1379 1225; x_wconf 84' lang='lat' dir='ltr'>factorum</span> <span class='ocrx_word' id='word_1_57' title='bbox 1404 1183 1473 1224; x_wconf 91' lang='lat' dir='ltr'>om·</span> 
     </span>
     <span class='ocr_line' id='line_1_8' title="bbox 190 1267 1471 1351; baseline -0.002 -18"><span class='ocrx_word' id='word_1_58' title='bbox 190 1271 287 1333; x_wconf 94' lang='lat' dir='ltr'>nium</span> <span class='ocrx_word' id='word_1_59' title='bbox 310 1279 576 1333; x_wconf 88' lang='lat' dir='ltr'>remuneratore</span> <span class='ocrx_word' id='word_1_60' title='bbox 600 1268 801 1350; x_wconf 85' lang='lat' dir='ltr'>largissimo</span> <span class='ocrx_word' id='word_1_61' title='bbox 826 1267 969 1351; x_wconf 89' lang='lat' dir='ltr'>pietatis</span> <span class='ocrx_word' id='word_1_62' title='bbox 1005 1289 1046 1331; x_wconf 88' lang='lat' dir='ltr'>ac</span> <span class='ocrx_word' id='word_1_63' title='bbox 1077 1268 1160 1332; x_wconf 87' lang='lat' dir='ltr'>fidei</span> <span class='ocrx_word' id='word_1_64' title='bbox 1193 1279 1274 1332; x_wconf 90' lang='lat' dir='ltr'>tuae</span> <span class='ocrx_word' id='word_1_65' title='bbox 1306 1269 1340 1331; x_wconf 92' lang='lat' dir='ltr'>in</span> <span class='ocrx_word' id='word_1_66' title='bbox 1372 1270 1471 1330; x_wconf 87' lang='lat' dir='ltr'>caelo</span> 
     </span>
     <span class='ocr_line' id='line_1_9' title="bbox 190 1375 1476 1458; baseline -0.002 -19"><span class='ocrx_word' id='word_1_67' title='bbox 190 1376 385 1441; x_wconf 88' lang='lat' dir='ltr'>constituta</span> <span class='ocrx_word' id='word_1_68' title='bbox 409 1376 480 1439; x_wconf 90' lang='lat' dir='ltr'>sint</span> <span class='ocrx_word' id='word_1_69' title='bbox 513 1376 673 1458; x_wconf 89' lang='lat' dir='ltr'>praemia</span> <span class='ocrx_word' id='word_1_70' title='bbox 701 1376 934 1458; x_wconf 90' lang='lat' dir='ltr'>sempiterna,</span> <span class='ocrx_word' id='word_1_71' title='bbox 968 1375 1003 1437; x_wconf 90' lang='lat' dir='ltr'>in</span> <span class='ocrx_word' id='word_1_72' title='bbox 1037 1398 1102 1440; x_wconf 92' lang='lat' dir='ltr'>nos</span> <span class='ocrx_word' id='word_1_73' title='bbox 1132 1397 1273 1458; x_wconf 90' lang='lat' dir='ltr'>quoque</span> <span class='ocrx_word' id='word_1_74' title='bbox 1305 1398 1347 1438; x_wconf 89' lang='lat' dir='ltr'>ea</span> <span class='ocrx_word' id='word_1_75' title='bbox 1381 1377 1476 1438; x_wconf 88' lang='lat' dir='ltr'>dona</span> 
     </span>
     <span class='ocr_line' id='line_1_10' title="bbox 188 1482 1476 1567; baseline -0.002 -21"><span class='ocrx_word' id='word_1_76' title='bbox 188 1503 284 1567; x_wconf 87' lang='lat' dir='ltr'>quae</span> <span class='ocrx_word' id='word_1_77' title='bbox 307 1485 353 1546; x_wconf 88' lang='lat' dir='ltr'>ab</span> <span class='ocrx_word' id='word_1_78' title='bbox 383 1483 462 1566; x_wconf 90' lang='lat' dir='ltr'>ipso</span> <span class='ocrx_word' id='word_1_79' title='bbox 493 1483 574 1547; x_wconf 89' lang='lat' dir='ltr'>Deo</span> <span class='ocrx_word' id='word_1_80' title='bbox 606 1504 672 1565; x_wconf 92' lang='lat' dir='ltr'>pro</span> <span class='ocrx_word' id='word_1_81' title='bbox 705 1482 798 1545; x_wconf 92' lang='lat' dir='ltr'>illius</span> <span class='ocrx_word' id='word_1_82' title='bbox 829 1483 1000 1545; x_wconf 90' lang='lat' dir='ltr'>immensa</span> <span class='ocrx_word' id='word_1_83' title='bbox 1033 1484 1221 1547; x_wconf 89' lang='lat' dir='ltr'>clementia</span> <span class='ocrx_word' id='word_1_84' title='bbox 1250 1494 1285 1545; x_wconf 87' lang='lat' dir='ltr'>et</span> <span class='ocrx_word' id='word_1_85' title='bbox 1316 1483 1476 1545; x_wconf 89' lang='lat' dir='ltr'>bonitate</span> 
     </span>
     <span class='ocr_line' id='line_1_11' title="bbox 190 1589 1473 1670; baseline -0.002 -16"><span class='ocrx_word' id='word_1_86' title='bbox 190 1591 295 1655; x_wconf 90' lang='lat' dir='ltr'>nobis</span> <span class='ocrx_word' id='word_1_87' title='bbox 317 1610 488 1655; x_wconf 88' lang='lat' dir='ltr'>concessa</span> <span class='ocrx_word' id='word_1_88' title='bbox 512 1603 610 1669; x_wconf 85' lang='lat' dir='ltr'>sunt,</span> <span class='ocrx_word' id='word_1_89' title='bbox 636 1589 834 1670; x_wconf 85' lang='lat' dir='ltr'>quibusque</span> <span class='ocrx_word' id='word_1_90' title='bbox 864 1610 929 1651; x_wconf 92' lang='lat' dir='ltr'>nos</span> <span class='ocrx_word' id='word_1_91' title='bbox 960 1609 1068 1670; x_wconf 91' lang='lat' dir='ltr'>parce</span> <span class='ocrx_word' id='word_1_92' title='bbox 1092 1591 1143 1652; x_wconf 89' lang='lat' dir='ltr'>uti</span> <span class='ocrx_word' id='word_1_93' title='bbox 1167 1593 1321 1653; x_wconf 88' lang='lat' dir='ltr'>solemus</span> <span class='ocrx_word' id='word_1_94' title='bbox 1346 1602 1381 1652; x_wconf 91' lang='lat' dir='ltr'>et</span> <span class='ocrx_word' id='word_1_95' title='bbox 1405 1610 1473 1652; x_wconf 93' lang='lat' dir='ltr'>mo-</span> 
     </span>
     <span class='ocr_line' id='line_1_12' title="bbox 189 1696 1474 1778; baseline -0.002 -17"><span class='ocrx_word' id='word_1_96' title='bbox 189 1700 327 1778; x_wconf 87' lang='lat' dir='ltr'>derate,</span> <span class='ocrx_word' id='word_1_97' title='bbox 351 1708 469 1761; x_wconf 89' lang='lat' dir='ltr'>tecum</span> <span class='ocrx_word' id='word_1_98' title='bbox 493 1699 540 1760; x_wconf 93' lang='lat' dir='ltr'>ob</span> <span class='ocrx_word' id='word_1_99' title='bbox 564 1698 688 1760; x_wconf 90' lang='lat' dir='ltr'>merita</span> <span class='ocrx_word' id='word_1_100' title='bbox 712 1710 774 1760; x_wconf 88' lang='lat' dir='ltr'>tua</span> <span class='ocrx_word' id='word_1_101' title='bbox 797 1697 980 1760; x_wconf 87' lang='lat' dir='ltr'>liberalius</span> <span class='ocrx_word' id='word_1_102' title='bbox 1004 1697 1264 1760; x_wconf 89' lang='lat' dir='ltr'>communicare</span> <span class='ocrx_word' id='word_1_103' title='bbox 1290 1696 1474 1759; x_wconf 86' lang='lat' dir='ltr'>voluimus.</span> 
     </span>
     <span class='ocr_line' id='line_1_13' title="bbox 190 1804 1475 1888; baseline -0.003 -20"><span class='ocrx_word' id='word_1_104' title='bbox 190 1805 279 1869; x_wconf 84' lang='lat' dir='ltr'>Cum</span> <span class='ocrx_word' id='word_1_105' title='bbox 302 1804 422 1888; x_wconf 88' lang='lat' dir='ltr'>itaque</span> <span class='ocrx_word' id='word_1_106' title='bbox 450 1804 486 1867; x_wconf 93' lang='lat' dir='ltr'>in</span> <span class='ocrx_word' id='word_1_107' title='bbox 510 1804 714 1886; x_wconf 87' lang='lat' dir='ltr'>praesentia</span> <span class='ocrx_word' id='word_1_108' title='bbox 743 1818 871 1885; x_wconf 87' lang='lat' dir='ltr'>agatur</span> <span class='ocrx_word' id='word_1_109' title='bbox 901 1825 1014 1866; x_wconf 91' lang='lat' dir='ltr'>annus</span> <span class='ocrx_word' id='word_1_110' title='bbox 1038 1804 1192 1884; x_wconf 89' lang='lat' dir='ltr'>Jubilaei</span> <span class='ocrx_word' id='word_1_111' title='bbox 1221 1806 1266 1866; x_wconf 89' lang='lat' dir='ltr'>de</span> <span class='ocrx_word' id='word_1_112' title='bbox 1294 1816 1407 1866; x_wconf 89' lang='lat' dir='ltr'>morte</span> <span class='ocrx_word' id='word_1_113' title='bbox 1440 1813 1475 1866; x_wconf 91' lang='lat' dir='ltr'>et</span> 
     </span>
     <span class='ocr_line' id='line_1_14' title="bbox 188 1909 1474 1992; baseline -0.002 -17"><span class='ocrx_word' id='word_1_114' title='bbox 188 1913 351 1975; x_wconf 93' lang='lat' dir='ltr'>instituto</span> <span class='ocrx_word' id='word_1_115' title='bbox 375 1911 421 1975; x_wconf 87' lang='lat' dir='ltr'>fe.</span> <span class='ocrx_word' id='word_1_116' title='bbox 446 1931 496 1977; x_wconf 88' lang='lat' dir='ltr'>re.</span> <span class='ocrx_word' id='word_1_117' title='bbox 522 1909 559 1974; x_wconf 90' lang='lat' dir='ltr'>S.</span> <span class='ocrx_word' id='word_1_118' title='bbox 584 1912 630 1974; x_wconf 87' lang='lat' dir='ltr'>R.</span> <span class='ocrx_word' id='word_1_119' title='bbox 656 1911 694 1976; x_wconf 88' lang='lat' dir='ltr'>E.</span> <span class='ocrx_word' id='word_1_120' title='bbox 720 1910 932 1974; x_wconf 87' lang='lat' dir='ltr'>Pontificum</span> <span class='ocrx_word' id='word_1_121' title='bbox 957 1912 1250 1992; x_wconf 80' lang='lat' dir='ltr'>predecessorum</span> <span class='ocrx_word' id='word_1_122' title='bbox 1274 1921 1474 1972; x_wconf 92' lang='lat' dir='ltr'>nostrorum</span> 
     </span>
     <span class='ocr_line' id='line_1_15' title="bbox 191 2016 1476 2101; baseline -0.002 -20"><span class='ocrx_word' id='word_1_123' title='bbox 191 2018 491 2101; x_wconf 89' lang='lat' dir='ltr'>vigesimoquinto</span> <span class='ocrx_word' id='word_1_124' title='bbox 503 2018 663 2099; x_wconf 88' lang='lat' dir='ltr'>quolibet</span> <span class='ocrx_word' id='word_1_125' title='bbox 674 2039 767 2081; x_wconf 88' lang='lat' dir='ltr'>anno</span> <span class='ocrx_word' id='word_1_126' title='bbox 782 2018 954 2081; x_wconf 89' lang='lat' dir='ltr'>celebrari</span> <span class='ocrx_word' id='word_1_127' title='bbox 969 2017 1101 2097; x_wconf 90' lang='lat' dir='ltr'>solitus,</span> <span class='ocrx_word' id='word_1_128' title='bbox 1115 2018 1179 2080; x_wconf 92' lang='lat' dir='ltr'>tibi</span> <span class='ocrx_word' id='word_1_129' title='bbox 1193 2039 1233 2080; x_wconf 87' lang='lat' dir='ltr'>ac</span> <span class='ocrx_word' id='word_1_130' title='bbox 1248 2016 1352 2079; x_wconf 91' lang='lat' dir='ltr'>dictis</span> <span class='ocrx_word' id='word_1_131' title='bbox 1362 2016 1476 2079; x_wconf 84' lang='lat' dir='ltr'>fratri·</span> 
     </span>
     <span class='ocr_line' id='line_1_16' title="bbox 188 2124 1476 2207; baseline -0.002 -19"><span class='ocrx_word' id='word_1_132' title='bbox 188 2129 257 2188; x_wconf 91' lang='lat' dir='ltr'>bus</span> <span class='ocrx_word' id='word_1_133' title='bbox 265 2124 334 2187; x_wconf 92' lang='lat' dir='ltr'>tuis</span> <span class='ocrx_word' id='word_1_134' title='bbox 347 2136 499 2205; x_wconf 86' lang='lat' dir='ltr'>tuaeque</span> <span class='ocrx_word' id='word_1_135' title='bbox 510 2146 552 2187; x_wconf 90' lang='lat' dir='ltr'>ac</span> <span class='ocrx_word' id='word_1_136' title='bbox 561 2125 712 2202; x_wconf 85' lang='lat' dir='ltr'>illorum,</span> <span class='ocrx_word' id='word_1_137' title='bbox 723 2125 781 2206; x_wconf 93' lang='lat' dir='ltr'>qui</span> <span class='ocrx_word' id='word_1_138' title='bbox 792 2127 939 2207; x_wconf 85' lang='lat' dir='ltr'>habent,</span> <span class='ocrx_word' id='word_1_139' title='bbox 950 2125 1119 2187; x_wconf 90' lang='lat' dir='ltr'>uxoribus</span> <span class='ocrx_word' id='word_1_140' title='bbox 1130 2136 1165 2186; x_wconf 92' lang='lat' dir='ltr'>et</span> <span class='ocrx_word' id='word_1_141' title='bbox 1178 2124 1476 2205; x_wconf 85' lang='lat' dir='ltr'>utriusquesexus</span> 
     </span>
     <span class='ocr_line' id='line_1_17' title="bbox 191 2231 1475 2316; baseline -0.003 -21"><span class='ocrx_word' id='word_1_142' title='bbox 191 2231 284 2316; x_wconf 91' lang='lat' dir='ltr'>proli</span> <span class='ocrx_word' id='word_1_143' title='bbox 316 2233 455 2313; x_wconf 87' lang='lat' dir='ltr'>tuisque</span> <span class='ocrx_word' id='word_1_144' title='bbox 484 2253 528 2295; x_wconf 88' lang='lat' dir='ltr'>ac</span> <span class='ocrx_word' id='word_1_145' title='bbox 560 2233 699 2295; x_wconf 92' lang='lat' dir='ltr'>illorum</span> <span class='ocrx_word' id='word_1_146' title='bbox 733 2232 828 2294; x_wconf 89' lang='lat' dir='ltr'>veris</span> <span class='ocrx_word' id='word_1_147' title='bbox 856 2232 1089 2295; x_wconf 89' lang='lat' dir='ltr'>familiaribus</span> <span class='ocrx_word' id='word_1_148' title='bbox 1120 2231 1300 2308; x_wconf 90' lang='lat' dir='ltr'>omnibus,</span> <span class='ocrx_word' id='word_1_149' title='bbox 1339 2250 1475 2291; x_wconf 86' lang='lat' dir='ltr'>necnon</span> 
     </span>
     <span class='ocr_line' id='line_1_18' title="bbox 191 2336 1478 2420; baseline -0.005 -18"><span class='ocrx_word' id='word_1_150' title='bbox 191 2340 356 2402; x_wconf 90' lang='lat' dir='ltr'>omnibus</span> <span class='ocrx_word' id='word_1_151' title='bbox 401 2351 435 2402; x_wconf 89' lang='lat' dir='ltr'>et</span> <span class='ocrx_word' id='word_1_152' title='bbox 468 2339 619 2420; x_wconf 90' lang='lat' dir='ltr'>singulis</span> <span class='ocrx_word' id='word_1_153' title='bbox 654 2339 837 2420; x_wconf 88' lang='lat' dir='ltr'>utriusque</span> <span class='ocrx_word' id='word_1_154' title='bbox 871 2360 977 2401; x_wconf 83' lang='lat' dir='ltr'>sexus</span> <span class='ocrx_word' id='word_1_155' title='bbox 1015 2336 1312 2400; x_wconf 86' lang='lat' dir='ltr'>Christifidelibus</span> <span class='ocrx_word' id='word_1_156' title='bbox 1354 2336 1478 2417; x_wconf 92' lang='lat' dir='ltr'>oppidi</span> 
     </span>
     <span class='ocr_line' id='line_1_19' title="bbox 191 2442 1478 2527; baseline -0.003 -19"><span class='ocrx_word' id='word_1_157' title='bbox 191 2445 329 2509; x_wconf 77' lang='lat' dir='ltr'>Nancei</span> <span class='ocrx_word' id='word_1_158' title='bbox 353 2445 386 2508; x_wconf 93' lang='lat' dir='ltr'>in</span> <span class='ocrx_word' id='word_1_159' title='bbox 417 2466 488 2527; x_wconf 90' lang='lat' dir='ltr'>quo</span> <span class='ocrx_word' id='word_1_160' title='bbox 512 2460 550 2507; x_wconf 93' lang='lat' dir='ltr'>tu</span> <span class='ocrx_word' id='word_1_161' title='bbox 574 2446 802 2509; x_wconf 80' lang='lat' dir='ltr'>residentiam</span> <span class='ocrx_word' id='word_1_162' title='bbox 828 2448 939 2508; x_wconf 90' lang='lat' dir='ltr'>habes</span> <span class='ocrx_word' id='word_1_163' title='bbox 975 2444 1100 2507; x_wconf 86' lang='lat' dir='ltr'>incolis</span> <span class='ocrx_word' id='word_1_164' title='bbox 1136 2456 1171 2505; x_wconf 93' lang='lat' dir='ltr'>et</span> <span class='ocrx_word' id='word_1_165' title='bbox 1206 2442 1478 2522; x_wconf 84' lang='lat' dir='ltr'>habitatoribus,</span> 
     </span>
     <span class='ocr_line' id='line_1_20' title="bbox 191 2550 1474 2635; baseline -0.003 -20"><span class='ocrx_word' id='word_1_166' title='bbox 191 2574 235 2615; x_wconf 88' lang='lat' dir='ltr'>ac</span> <span class='ocrx_word' id='word_1_167' title='bbox 270 2564 458 2635; x_wconf 88' lang='lat' dir='ltr'>praeterea</span> <span class='ocrx_word' id='word_1_168' title='bbox 489 2564 640 2634; x_wconf 88' lang='lat' dir='ltr'>quatuor</span> <span class='ocrx_word' id='word_1_169' title='bbox 681 2553 834 2615; x_wconf 92' lang='lat' dir='ltr'>millibus</span> <span class='ocrx_word' id='word_1_170' title='bbox 877 2554 955 2615; x_wconf 89' lang='lat' dir='ltr'>allis</span> <span class='ocrx_word' id='word_1_171' title='bbox 991 2553 1023 2614; x_wconf 91' lang='lat' dir='ltr'>in</span> <span class='ocrx_word' id='word_1_172' title='bbox 1059 2561 1170 2613; x_wconf 90' lang='lat' dir='ltr'>totum</span> <span class='ocrx_word' id='word_1_173' title='bbox 1202 2550 1252 2612; x_wconf 92' lang='lat' dir='ltr'>tui</span> <span class='ocrx_word' id='word_1_174' title='bbox 1284 2572 1323 2612; x_wconf 87' lang='lat' dir='ltr'>ac</span> <span class='ocrx_word' id='word_1_175' title='bbox 1358 2550 1474 2612; x_wconf 86' lang='lat' dir='ltr'>dilecti</span> 
     </span>
     <span class='ocr_line' id='line_1_21' title="bbox 191 2658 1475 2742; baseline -0.003 -19"><span class='ocrx_word' id='word_1_176' title='bbox 191 2660 255 2723; x_wconf 83' lang='lat' dir='ltr'>lilii</span> <span class='ocrx_word' id='word_1_177' title='bbox 279 2660 391 2723; x_wconf 88' lang='lat' dir='ltr'>nostri</span> <span class='ocrx_word' id='word_1_178' title='bbox 414 2660 562 2738; x_wconf 92' lang='lat' dir='ltr'>Joannis</span> <span class='ocrx_word' id='word_1_179' title='bbox 587 2660 784 2722; x_wconf 85' lang='lat' dir='ltr'>Cardinalis</span> <span class='ocrx_word' id='word_1_180' title='bbox 809 2660 1065 2742; x_wconf 88' lang='lat' dir='ltr'>Lothoringiae</span> <span class='ocrx_word' id='word_1_181' title='bbox 1090 2670 1383 2739; x_wconf 88' lang='lat' dir='ltr'>caeterorumque</span> <span class='ocrx_word' id='word_1_182' title='bbox 1408 2658 1475 2719; x_wconf 85' lang='lat' dir='ltr'>fra-</span> 
     </span>
     <span class='ocr_line' id='line_1_22' title="bbox 191 2767 1477 2846; baseline -0.002 -17"><span class='ocrx_word' id='word_1_183' title='bbox 191 2779 285 2829; x_wconf 89' lang='lat' dir='ltr'>trum</span> <span class='ocrx_word' id='word_1_184' title='bbox 310 2777 449 2830; x_wconf 88' lang='lat' dir='ltr'>tuorum</span> <span class='ocrx_word' id='word_1_185' title='bbox 474 2767 621 2829; x_wconf 89' lang='lat' dir='ltr'>arbitrio</span> <span class='ocrx_word' id='word_1_186' title='bbox 646 2779 681 2828; x_wconf 88' lang='lat' dir='ltr'>et</span> <span class='ocrx_word' id='word_1_187' title='bbox 705 2767 836 2830; x_wconf 90' lang='lat' dir='ltr'>iudicio</span> <span class='ocrx_word' id='word_1_188' title='bbox 862 2767 1094 2830; x_wconf 89' lang='lat' dir='ltr'>communiter</span> <span class='ocrx_word' id='word_1_189' title='bbox 1118 2767 1173 2828; x_wconf 92' lang='lat' dir='ltr'>vel</span> <span class='ocrx_word' id='word_1_190' title='bbox 1200 2777 1359 2846; x_wconf 88' lang='lat' dir='ltr'>prorata</span> <span class='ocrx_word' id='word_1_191' title='bbox 1376 2778 1477 2846; x_wconf 87' lang='lat' dir='ltr'>parte</span> 
     </span>
     <span class='ocr_line' id='line_1_23' title="bbox 191 2872 1475 2956; baseline -0.001 -21"><span class='ocrx_word' id='word_1_192' title='bbox 191 2873 378 2956; x_wconf 83' lang='lat' dir='ltr'>eligendis,</span> <span class='ocrx_word' id='word_1_193' title='bbox 404 2874 464 2955; x_wconf 93' lang='lat' dir='ltr'>qui</span> <span class='ocrx_word' id='word_1_194' title='bbox 488 2872 641 2936; x_wconf 89' lang='lat' dir='ltr'>fideliter</span> <span class='ocrx_word' id='word_1_195' title='bbox 665 2886 940 2955; x_wconf 89' lang='lat' dir='ltr'>constanterque</span> <span class='ocrx_word' id='word_1_196' title='bbox 965 2874 1070 2936; x_wconf 89' lang='lat' dir='ltr'>armis</span> <span class='ocrx_word' id='word_1_197' title='bbox 1086 2873 1139 2934; x_wconf 88' lang='lat' dir='ltr'>usi</span> <span class='ocrx_word' id='word_1_198' title='bbox 1156 2873 1365 2953; x_wconf 81' lang='lat' dir='ltr'>religionem</span> <span class='ocrx_word' id='word_1_199' title='bbox 1390 2872 1475 2934; x_wconf 90' lang='lat' dir='ltr'>chri·</span> 
     </span>
     <span class='ocr_line' id='line_1_24' title="bbox 194 2979 1477 3064; baseline -0.002 -21"><span class='ocrx_word' id='word_1_200' title='bbox 194 2982 348 3044; x_wconf 86' lang='lat' dir='ltr'>stianam</span> <span class='ocrx_word' id='word_1_201' title='bbox 371 2981 432 3064; x_wconf 89' lang='lat' dir='ltr'>pio</span> <span class='ocrx_word' id='word_1_202' title='bbox 458 2981 575 3043; x_wconf 90' lang='lat' dir='ltr'>animo</span> <span class='ocrx_word' id='word_1_203' title='bbox 600 2979 836 3060; x_wconf 83' lang='lat' dir='ltr'>defenderint,</span> <span class='ocrx_word' id='word_1_204' title='bbox 862 2995 899 3042; x_wconf 99' lang='lat' dir='ltr'>ut</span> <span class='ocrx_word' id='word_1_205' title='bbox 925 2992 1091 3062; x_wconf 87' lang='lat' dir='ltr'>quattuor</span> <span class='ocrx_word' id='word_1_206' title='bbox 1107 2980 1277 3043; x_wconf 89' lang='lat' dir='ltr'>ecclesias</span> <span class='ocrx_word' id='word_1_207' title='bbox 1294 3001 1358 3061; x_wconf 90' lang='lat' dir='ltr'>per</span> <span class='ocrx_word' id='word_1_208' title='bbox 1384 2991 1417 3043; x_wconf 93' lang='lat' dir='ltr'>te</span> <span class='ocrx_word' id='word_1_209' title='bbox 1442 2991 1477 3041; x_wconf 89' lang='lat' dir='ltr'>et</span> 
     </span>
     <span class='ocr_line' id='line_1_25' title="bbox 193 3087 1477 3169; baseline 0 -20"><span class='ocrx_word' id='word_1_210' title='bbox 193 3087 323 3150; x_wconf 89' lang='lat' dir='ltr'>fratres</span> <span class='ocrx_word' id='word_1_211' title='bbox 364 3098 443 3150; x_wconf 92' lang='lat' dir='ltr'>tuos</span> <span class='ocrx_word' id='word_1_212' title='bbox 476 3088 689 3150; x_wconf 91' lang='lat' dir='ltr'>coniunctim</span> <span class='ocrx_word' id='word_1_213' title='bbox 719 3089 777 3149; x_wconf 88' lang='lat' dir='ltr'>vel</span> <span class='ocrx_word' id='word_1_214' title='bbox 808 3088 946 3150; x_wconf 88' lang='lat' dir='ltr'>divisim</span> <span class='ocrx_word' id='word_1_215' title='bbox 980 3109 1045 3169; x_wconf 92' lang='lat' dir='ltr'>pro</span> <span class='ocrx_word' id='word_1_216' title='bbox 1077 3087 1265 3150; x_wconf 87' lang='lat' dir='ltr'>cuiuslibet</span> <span class='ocrx_word' id='word_1_217' title='bbox 1293 3090 1477 3150; x_wconf 88' lang='lat' dir='ltr'>voluntate</span> 
     </span>
     <span class='ocr_line' id='line_1_26' title="bbox 192 3194 1476 3276; baseline -0.001 -19"><span class='ocrx_word' id='word_1_218' title='bbox 192 3205 231 3257; x_wconf 90' lang='lat' dir='ltr'>et</span> <span class='ocrx_word' id='word_1_219' title='bbox 257 3194 473 3257; x_wconf 89' lang='lat' dir='ltr'>conscientia</span> <span class='ocrx_word' id='word_1_220' title='bbox 499 3194 722 3275; x_wconf 89' lang='lat' dir='ltr'>deputandas</span> <span class='ocrx_word' id='word_1_221' title='bbox 747 3215 812 3276; x_wconf 91' lang='lat' dir='ltr'>per</span> <span class='ocrx_word' id='word_1_222' title='bbox 837 3194 1036 3274; x_wconf 90' lang='lat' dir='ltr'>quindecim</span> <span class='ocrx_word' id='word_1_223' title='bbox 1062 3195 1249 3257; x_wconf 90' lang='lat' dir='ltr'>continuos</span> <span class='ocrx_word' id='word_1_224' title='bbox 1280 3197 1338 3257; x_wconf 89' lang='lat' dir='ltr'>vel</span> <span class='ocrx_word' id='word_1_225' title='bbox 1373 3195 1476 3256; x_wconf 90' lang='lat' dir='ltr'>etiam</span> 
     </span>
     <span class='ocr_line' id='line_1_27' title="bbox 192 3300 1478 3384; baseline 0 -21"><span class='ocrx_word' id='word_1_226' title='bbox 192 3302 441 3381; x_wconf 89' lang='lat' dir='ltr'>interpellatos</span> <span class='ocrx_word' id='word_1_227' title='bbox 465 3302 542 3363; x_wconf 89' lang='lat' dir='ltr'>dies</span> <span class='ocrx_word' id='word_1_228' title='bbox 566 3303 695 3364; x_wconf 88' lang='lat' dir='ltr'>devote</span> <span class='ocrx_word' id='word_1_229' title='bbox 719 3302 937 3384; x_wconf 87' lang='lat' dir='ltr'>praeviaque</span> <span class='ocrx_word' id='word_1_230' title='bbox 963 3302 1188 3364; x_wconf 83' lang='lat' dir='ltr'>confessione</span> <span class='ocrx_word' id='word_1_231' title='bbox 1213 3311 1249 3362; x_wconf 87' lang='lat' dir='ltr'>et</span> <span class='ocrx_word' id='word_1_232' title='bbox 1267 3300 1478 3363; x_wconf 87' lang='lat' dir='ltr'>contritione</span> 
     </span>
     <span class='ocr_line' id='line_1_28' title="bbox 194 3408 1477 3490; baseline 0.001 -21"><span class='ocrx_word' id='word_1_233' title='bbox 194 3408 384 3488; x_wconf 87' lang='lat' dir='ltr'>visitando,</span> <span class='ocrx_word' id='word_1_234' title='bbox 409 3408 609 3489; x_wconf 88' lang='lat' dir='ltr'>ibidemque</span> <span class='ocrx_word' id='word_1_235' title='bbox 635 3408 770 3490; x_wconf 88' lang='lat' dir='ltr'>aliquas</span> <span class='ocrx_word' id='word_1_236' title='bbox 795 3408 975 3470; x_wconf 85' lang='lat' dir='ltr'>orationes</span> <span class='ocrx_word' id='word_1_237' title='bbox 999 3411 1129 3472; x_wconf 90' lang='lat' dir='ltr'>devote</span> <span class='ocrx_word' id='word_1_238' title='bbox 1150 3409 1313 3487; x_wconf 88' lang='lat' dir='ltr'>dicend0,</span> <span class='ocrx_word' id='word_1_239' title='bbox 1339 3429 1477 3471; x_wconf 89' lang='lat' dir='ltr'>necnon</span> 
     </span>
     <span class='ocr_line' id='line_1_29' title="bbox 196 3514 1479 3598; baseline 0 -21"><span class='ocrx_word' id='word_1_240' title='bbox 196 3514 329 3598; x_wconf 89' lang='lat' dir='ltr'>aliquid</span> <span class='ocrx_word' id='word_1_241' title='bbox 355 3517 456 3578; x_wconf 89' lang='lat' dir='ltr'>iuxta</span> <span class='ocrx_word' id='word_1_242' title='bbox 480 3515 667 3577; x_wconf 89' lang='lat' dir='ltr'>cuiuslibet</span> <span class='ocrx_word' id='word_1_243' title='bbox 692 3515 943 3577; x_wconf 87' lang='lat' dir='ltr'>conscientiam</span> <span class='ocrx_word' id='word_1_244' title='bbox 976 3527 1011 3577; x_wconf 88' lang='lat' dir='ltr'>et</span> <span class='ocrx_word' id='word_1_245' title='bbox 1045 3516 1262 3579; x_wconf 87' lang='lat' dir='ltr'>confessoris</span> <span class='ocrx_word' id='word_1_246' title='bbox 1295 3516 1479 3578; x_wconf 90' lang='lat' dir='ltr'>consilium</span> 
     </span>
     <span class='ocr_line' id='line_1_30' title="bbox 197 3623 1480 3704; baseline 0 -20"><span class='ocrx_word' id='word_1_247' title='bbox 197 3623 231 3684; x_wconf 94' lang='lat' dir='ltr'>in</span> <span class='ocrx_word' id='word_1_248' title='bbox 262 3623 332 3685; x_wconf 90' lang='lat' dir='ltr'>alia</span> <span class='ocrx_word' id='word_1_249' title='bbox 362 3623 421 3704; x_wconf 85' lang='lat' dir='ltr'>pia</span> <span class='ocrx_word' id='word_1_250' title='bbox 452 3643 563 3704; x_wconf 87' lang='lat' dir='ltr'>opera</span> <span class='ocrx_word' id='word_1_251' title='bbox 595 3623 779 3702; x_wconf 89' lang='lat' dir='ltr'>erogando</span> <span class='ocrx_word' id='word_1_252' title='bbox 813 3643 854 3684; x_wconf 91' lang='lat' dir='ltr'>ac</span> <span class='ocrx_word' id='word_1_253' title='bbox 891 3623 980 3685; x_wconf 89' lang='lat' dir='ltr'>alias</span> <span class='ocrx_word' id='word_1_254' title='bbox 1013 3623 1112 3685; x_wconf 85' lang='lat' dir='ltr'>iuxta</span> <span class='ocrx_word' id='word_1_255' title='bbox 1147 3624 1341 3685; x_wconf 89' lang='lat' dir='ltr'>litterarum</span> <span class='ocrx_word' id='word_1_256' title='bbox 1372 3643 1480 3704; x_wconf 86' lang='lat' dir='ltr'>super</span> 
     </span>
     <span class='ocr_line' id='line_1_31' title="bbox 200 3728 1480 3812; baseline 0.002 -22"><span class='ocrx_word' id='word_1_257' title='bbox 200 3728 364 3809; x_wconf 87' lang='lat' dir='ltr'>Jubilaeo</span> <span class='ocrx_word' id='word_1_258' title='bbox 390 3752 411 3792; x_wconf 88' lang='lat' dir='ltr'>a</span> <span class='ocrx_word' id='word_1_259' title='bbox 436 3729 538 3792; x_wconf 90' lang='lat' dir='ltr'>nobis</span> <span class='ocrx_word' id='word_1_260' title='bbox 563 3729 735 3791; x_wconf 89' lang='lat' dir='ltr'>editarum</span> <span class='ocrx_word' id='word_1_261' title='bbox 760 3740 917 3792; x_wconf 89' lang='lat' dir='ltr'>tenorem</span> <span class='ocrx_word' id='word_1_262' title='bbox 938 3740 990 3792; x_wconf 94' lang='lat' dir='ltr'>tot</span> <span class='ocrx_word' id='word_1_263' title='bbox 1015 3742 1050 3794; x_wconf 90' lang='lat' dir='ltr'>et</span> <span class='ocrx_word' id='word_1_264' title='bbox 1066 3732 1208 3793; x_wconf 88' lang='lat' dir='ltr'>easdem</span> <span class='ocrx_word' id='word_1_265' title='bbox 1224 3752 1264 3793; x_wconf 92' lang='lat' dir='ltr'>ac</span> <span class='ocrx_word' id='word_1_266' title='bbox 1282 3730 1361 3793; x_wconf 89' lang='lat' dir='ltr'>illas</span> <span class='ocrx_word' id='word_1_267' title='bbox 1383 3749 1480 3812; x_wconf 91' lang='lat' dir='ltr'>pror·</span> 
     </span>
     <span class='ocr_line' id='line_1_32' title="bbox 199 3835 1478 3919; baseline -0.001 -21"><span class='ocrx_word' id='word_1_268' title='bbox 199 3856 259 3898; x_wconf 90' lang='lat' dir='ltr'>sus</span> <span class='ocrx_word' id='word_1_269' title='bbox 284 3837 415 3899; x_wconf 87' lang='lat' dir='ltr'>similes</span> <span class='ocrx_word' id='word_1_270' title='bbox 440 3848 474 3899; x_wconf 90' lang='lat' dir='ltr'>et</span> <span class='ocrx_word' id='word_1_271' title='bbox 500 3835 679 3917; x_wconf 89' lang='lat' dir='ltr'>plenarias</span> <span class='ocrx_word' id='word_1_272' title='bbox 696 3836 936 3915; x_wconf 89' lang='lat' dir='ltr'>indulgentias</span> <span class='ocrx_word' id='word_1_273' title='bbox 952 3858 993 3898; x_wconf 91' lang='lat' dir='ltr'>ac</span> <span class='ocrx_word' id='word_1_274' title='bbox 1009 3850 1236 3919; x_wconf 89' lang='lat' dir='ltr'>peccatorum</span> <span class='ocrx_word' id='word_1_275' title='bbox 1251 3837 1478 3900; x_wconf 89' lang='lat' dir='ltr'>remissiones</span> 
     </span>
     <span class='ocr_line' id='line_1_33' title="bbox 199 3943 1479 4027; baseline -0.001 -21"><span class='ocrx_word' id='word_1_276' title='bbox 199 3955 233 4006; x_wconf 88' lang='lat' dir='ltr'>et</span> <span class='ocrx_word' id='word_1_277' title='bbox 269 3943 438 4006; x_wconf 77' lang='lat' dir='ltr'>Sanctum</span> <span class='ocrx_word' id='word_1_278' title='bbox 463 3943 662 4022; x_wconf 88' lang='lat' dir='ltr'>Jubilaeum</span> <span class='ocrx_word' id='word_1_279' title='bbox 693 3943 922 4024; x_wconf 88' lang='lat' dir='ltr'>consequaris</span> <span class='ocrx_word' id='word_1_280' title='bbox 954 3956 989 4006; x_wconf 93' lang='lat' dir='ltr'>et</span> <span class='ocrx_word' id='word_1_281' title='bbox 1020 3956 1292 4027; x_wconf 88' lang='lat' dir='ltr'>consequantur,</span> <span class='ocrx_word' id='word_1_282' title='bbox 1324 3965 1411 4025; x_wconf 89' lang='lat' dir='ltr'>quas</span> <span class='ocrx_word' id='word_1_283' title='bbox 1444 3955 1479 4006; x_wconf 91' lang='lat' dir='ltr'>et</span> 
     </span>
     <span class='ocr_line' id='line_1_34' title="bbox 199 4050 1480 4131; baseline 0 -19"><span class='ocrx_word' id='word_1_284' title='bbox 199 4051 293 4131; x_wconf 89' lang='lat' dir='ltr'>quod</span> <span class='ocrx_word' id='word_1_285' title='bbox 319 4050 587 4131; x_wconf 87' lang='lat' dir='ltr'>consequereris</span> <span class='ocrx_word' id='word_1_286' title='bbox 612 4071 654 4112; x_wconf 89' lang='lat' dir='ltr'>ac</span> <span class='ocrx_word' id='word_1_287' title='bbox 678 4062 981 4131; x_wconf 87' lang='lat' dir='ltr'>consequerentur</span> <span class='ocrx_word' id='word_1_288' title='bbox 1005 4052 1034 4113; x_wconf 91' lang='lat' dir='ltr'>si</span> <span class='ocrx_word' id='word_1_289' title='bbox 1058 4053 1223 4115; x_wconf 90' lang='lat' dir='ltr'>basilicas</span> <span class='ocrx_word' id='word_1_290' title='bbox 1248 4062 1284 4114; x_wconf 89' lang='lat' dir='ltr'>et</span> <span class='ocrx_word' id='word_1_291' title='bbox 1308 4050 1480 4113; x_wconf 89' lang='lat' dir='ltr'>ecclesias</span> 
     </span>
     <span class='ocr_line' id='line_1_35' title="bbox 199 4156 1478 4240; baseline -0.001 -21"><span class='ocrx_word' id='word_1_292' title='bbox 199 4158 312 4219; x_wconf 87' lang='lat' dir='ltr'>almae</span> <span class='ocrx_word' id='word_1_293' title='bbox 353 4156 450 4219; x_wconf 89' lang='lat' dir='ltr'>urbis</span> <span class='ocrx_word' id='word_1_294' title='bbox 487 4171 629 4219; x_wconf 88' lang='lat' dir='ltr'>nostrae</span> <span class='ocrx_word' id='word_1_295' title='bbox 661 4157 801 4219; x_wconf 89' lang='lat' dir='ltr'>Romae</span> <span class='ocrx_word' id='word_1_296' title='bbox 836 4159 894 4220; x_wconf 90' lang='lat' dir='ltr'>vel</span> <span class='ocrx_word' id='word_1_297' title='bbox 926 4168 1029 4220; x_wconf 82' lang='lat' dir='ltr'>extra</span> <span class='ocrx_word' id='word_1_298' title='bbox 1060 4181 1136 4222; x_wconf 89' lang='lat' dir='ltr'>eam</span> <span class='ocrx_word' id='word_1_299' title='bbox 1168 4179 1234 4240; x_wconf 92' lang='lat' dir='ltr'>pro</span> <span class='ocrx_word' id='word_1_300' title='bbox 1265 4157 1478 4238; x_wconf 85' lang='lat' dir='ltr'>indulgenti-</span> 
     </span>
     <span class='ocr_line' id='line_1_36' title="bbox 199 4263 1478 4347; baseline 0 -22"><span class='ocrx_word' id='word_1_301' title='bbox 199 4284 297 4325; x_wconf 90' lang='lat' dir='ltr'>arum</span> <span class='ocrx_word' id='word_1_302' title='bbox 322 4263 522 4326; x_wconf 90' lang='lat' dir='ltr'>huiusmodi</span> <span class='ocrx_word' id='word_1_303' title='bbox 547 4264 797 4326; x_wconf 88' lang='lat' dir='ltr'>consecutione</span> <span class='ocrx_word' id='word_1_304' title='bbox 822 4263 856 4325; x_wconf 93' lang='lat' dir='ltr'>in</span> <span class='ocrx_word' id='word_1_305' title='bbox 882 4264 1008 4327; x_wconf 87' lang='lat' dir='ltr'>litteris</span> <span class='ocrx_word' id='word_1_306' title='bbox 1033 4265 1163 4328; x_wconf 89' lang='lat' dir='ltr'>nostris</span> <span class='ocrx_word' id='word_1_307' title='bbox 1188 4267 1377 4347; x_wconf 88' lang='lat' dir='ltr'>deputatas</span> <span class='ocrx_word' id='word_1_308' title='bbox 1402 4264 1478 4326; x_wconf 89' lang='lat' dir='ltr'>visi·</span> 
     </span>
     <span class='ocr_line' id='line_1_37' title="bbox 199 4369 1477 4453; baseline 0 -21"><span class='ocrx_word' id='word_1_309' title='bbox 199 4380 295 4433; x_wconf 90' lang='lat' dir='ltr'>tares</span> <span class='ocrx_word' id='word_1_310' title='bbox 319 4392 360 4433; x_wconf 85' lang='lat' dir='ltr'>ac</span> <span class='ocrx_word' id='word_1_311' title='bbox 386 4369 570 4433; x_wconf 82' lang='lat' dir='ltr'>visitarent</span> <span class='ocrx_word' id='word_1_312' title='bbox 594 4382 717 4433; x_wconf 91' lang='lat' dir='ltr'>tenore</span> <span class='ocrx_word' id='word_1_313' title='bbox 742 4371 982 4451; x_wconf 89' lang='lat' dir='ltr'>praesentium</span> <span class='ocrx_word' id='word_1_314' title='bbox 1000 4374 1044 4450; x_wconf 84' lang='lat' dir='ltr'>de</span> <span class='ocrx_word' id='word_1_315' title='bbox 1061 4371 1314 4453; x_wconf 88' lang='lat' dir='ltr'>omnipotentis</span> <span class='ocrx_word' id='word_1_316' title='bbox 1332 4371 1397 4433; x_wconf 88' lang='lat' dir='ltr'>Dei</span> <span class='ocrx_word' id='word_1_317' title='bbox 1422 4370 1477 4432; x_wconf 92' lang='lat' dir='ltr'>mi·</span> 
     </span>
     <span class='ocr_line' id='line_1_38' title="bbox 200 4473 1481 4560; baseline 0 -21"><span class='ocrx_word' id='word_1_318' title='bbox 200 4473 396 4541; x_wconf 83' lang='lat' dir='ltr'>sericordia</span> <span class='ocrx_word' id='word_1_319' title='bbox 420 4478 646 4541; x_wconf 89' lang='lat' dir='ltr'>concedimus</span> <span class='ocrx_word' id='word_1_320' title='bbox 671 4490 706 4540; x_wconf 92' lang='lat' dir='ltr'>et</span> <span class='ocrx_word' id='word_1_321' title='bbox 730 4478 971 4560; x_wconf 84' lang='lat' dir='ltr'>indulgemus,</span> <span class='ocrx_word' id='word_1_322' title='bbox 1004 4500 1075 4542; x_wconf 91' lang='lat' dir='ltr'>non</span> <span class='ocrx_word' id='word_1_323' title='bbox 1100 4479 1323 4542; x_wconf 89' lang='lat' dir='ltr'>obstantibus</span> <span class='ocrx_word' id='word_1_324' title='bbox 1355 4478 1481 4539; x_wconf 91' lang='lat' dir='ltr'>litteris</span> 
     </span>
    </p>
   </div>
   <div class='ocr_carea' id='block_1_3' title="bbox 200 4585 1478 4772">
    <p class='ocr_par' dir='ltr' id='par_1_3' title="bbox 200 4585 1478 4772">
     <span class='ocr_line' id='line_1_39' title="bbox 200 4585 1478 4668; baseline 0.001 -22"><span class='ocrx_word' id='word_1_325' title='bbox 200 4585 403 4665; x_wconf 86' lang='lat' dir='ltr'>praedictis,</span> <span class='ocrx_word' id='word_1_326' title='bbox 429 4585 651 4667; x_wconf 81' lang='lat' dir='ltr'>caeterisque</span> <span class='ocrx_word' id='word_1_327' title='bbox 677 4585 863 4647; x_wconf 89' lang='lat' dir='ltr'>contrariis</span> <span class='ocrx_word' id='word_1_328' title='bbox 888 4586 1176 4668; x_wconf 88' lang='lat' dir='ltr'>quibuscumque.</span> <span class='ocrx_word' id='word_1_329' title='bbox 1232 4586 1312 4649; x_wconf 88' lang='lat' dir='ltr'>Dat.</span> <span class='ocrx_word' id='word_1_330' title='bbox 1340 4585 1478 4648; x_wconf 83' lang='lat' dir='ltr'>Romae</span> 
     </span>
     <span class='ocr_line' id='line_1_40' title="bbox 201 4691 760 4772; baseline 0 -19"><span class='ocrx_word' id='word_1_331' title='bbox 201 4691 258 4754; x_wconf 91' lang='lat' dir='ltr'>die</span> <span class='ocrx_word' id='word_1_332' title='bbox 284 4692 429 4754; x_wconf 77' lang='lat' dir='ltr'>xxllu</span> <span class='ocrx_word' id='word_1_333' title='bbox 452 4693 534 4772; x_wconf 88' lang='lat' dir='ltr'>Julii</span> <span class='ocrx_word' id='word_1_334' title='bbox 559 4691 760 4755; x_wconf 83' lang='lat' dir='ltr'><strong>MDXXV.</strong></span> 
     </span>
    </p>
   </div>
   <div class='ocr_carea' id='block_1_4' title="bbox 0 0 1686 5580">
    <p class='ocr_par' dir='ltr' id='par_1_4' title="bbox 0 0 1686 5580">
     <span class='ocr_line' id='line_1_41' title="bbox 0 0 1686 5580; baseline 0 0"><span class='ocrx_word' id='word_1_335' title='bbox 0 0 1686 5580; x_wconf 95' lang='lat' dir='ltr'> </span> 
     </span>
    </p>
   </div>
  </div>
 </body>
</html>
