3330 5580
644 492 872 547 04347&

113 640 222 702 Dieta
245 640 444 722 provedino
470 651 504 703 et
529 640 702 703 smorzino
727 641 748 702 l’
766 639 930 703 incendio
955 638 1074 702 avanti
1100 639 1165 701 che
1183 639 1321 720 prenda
1337 640 1396 721 pin

112 748 205 809 oltre
230 749 297 809 che
321 746 382 829 poi
406 767 476 809 non
502 745 582 809 sara
605 747 666 828 piir
691 747 726 809 in
750 745 884 809 facult&
908 748 984 809 loro
993 794 1002 825 ‚
1033 758 1068 808 et
1091 747 1209 827 quella
1234 746 1396 825 natione,

113 856 218 934 quale
252 854 300 916 fin
332 854 391 936 qui
416 855 436 916 e
460 863 553 917 stata
580 857 615 916 la
638 855 699 937 piir
724 854 901 917 catholica
925 863 961 914 et
984 853 1044 934 piir
1070 864 1278 915 osservante
1304 854 1397 916 della

114 962 210 1023 Sede
237 962 448 1042 Apostoliea
481 964 546 1025 che
580 970 670 1025 tutte
699 962 721 1024 l'
737 963 844 1033 altre:
879 959 959 1023 sara
993 960 1027 1021 la
1051 959 1111 1040 piir
1136 959 1338 1041 vituperata
1363 974 1397 1023 et

113 1068 246 1131 infame
278 1070 343 1131 che
374 1071 410 1131 la
433 1070 592 1131 Bohema
626 1079 662 1133 et
692 1078 782 1131 tutte
815 1068 957 1139 l'altre;
993 1076 1028 1129 et
1059 1069 1125 1128 che
1150 1065 1179 1127 si
1203 1066 1278 1129 diri
1304 1071 1397 1130 nelle

112 1176 222 1238 storie
248 1186 284 1238 et
308 1176 440 1239 Annali
465 1177 493 1239 si
518 1186 612 1239 sotto
637 1181 664 1240 si
689 1175 828 1258 grande
843 1175 1063 1256 Imperatore
1088 1174 1154 1236 che
1179 1174 1224 1235 da
1242 1174 1396 1236 Romani

112 1282 147 1344 in
169 1283 242 1364 qua
257 1303 327 1345 non
353 1282 389 1346 fu
413 1281 437 1344 il
463 1282 658 1365 maggiore,
683 1285 719 1345 la
735 1280 927 1345 Germania
952 1281 980 1344 si
1004 1281 1132 1343 ribella
1153 1290 1188 1342 et
1203 1281 1299 1343 dalla
1314 1281 1397 1343 fede

111 1400 148 1451 et
172 1391 233 1451 dal
258 1409 322 1452 suo
341 1389 514 1470 Imperio?
540 1410 595 1452 ma
619 1390 678 1452 voi
703 1399 845 1470 saprete
870 1390 979 1451 molto
1004 1387 1135 1469 meglio
1160 1387 1236 1449 fare
1255 1400 1290 1451 et
1311 1389 1397 1464 dire,

110 1499 179 1559 che
200 1496 260 1559 noi
278 1497 469 1575 ricordare,
493 1496 581 1578 perir
606 1516 650 1559 ne
675 1495 886 1558 rimettiamo
911 1496 981 1557 alla
1005 1495 1196 1576 prudentia
1220 1508 1340 1557 vostra
1363 1510 1396 1557 et

110 1605 171 1665 del
191 1602 438 1684 protonotario
455 1602 611 1682 insieme,
636 1622 680 1665 ne
705 1603 800 1682 quali
819 1602 948 1664 Nostro
967 1599 1120 1682 Signore
1136 1600 1277 1663 confida
1294 1612 1396 1667 tutto.

203 1710 249 1771 Vi
283 1710 311 1772 si
343 1711 471 1772 manda
501 1730 546 1772 un
572 1712 663 1772 altro
687 1710 779 1772 libro
805 1710 862 1771 del
887 1709 995 1771 Frate
1020 1708 1211 1771 Ambrosio
1241 1711 1397 1771 secondo

110 1819 146 1879 la
178 1817 347 1880 dimanda
378 1826 500 1879 vostra
511 1865 519 1894 ‚
553 1827 589 1878 et
617 1837 638 1879 a
662 1816 709 1879 lui
741 1815 770 1878 si
795 1817 813 1878 ὲ
838 1816 923 1878 data
955 1836 1040 1878 cura
1072 1818 1138 1878 che
1172 1817 1352 1895 responde
1377 1839 1397 1878 a

109 1924 228 2005 questi
252 1923 381 1986 veneni
409 1923 444 1985 di
466 1925 547 2004 quel
572 1923 727 2004 pessimo
749 1922 844 2004 quali
863 1925 952 1984 hora
970 1923 1122 1985 scrivete
1140 1923 1298 1984 mandati
1317 1925 1396 2004 quir.

202 2034 237 2094 A
262 2030 321 2093 noi
344 2032 454 2093 molto
480 2030 637 2112 dispiace
661 2029 685 2092 il
709 2031 779 2091 mal
804 2043 925 2092 vostro
944 2041 978 2092 et
997 2028 1033 2091 vi
1050 2029 1273 2092 exhortiamo
1290 2051 1396 2111 sopra

112 2148 205 2201 tutto
231 2159 253 2200 a
275 2157 400 2201 curare
424 2140 458 2199 la
483 2137 597 2199 sanita
622 2147 743 2200 vostra
767 2146 801 2199 et
826 2147 921 2199 stare
943 2137 978 2199 di
995 2139 1090 2198 bono
1110 2137 1237 2215 anime,
1256 2159 1395 2218 persua·

109 2246 269 2310 dendovi
294 2246 419 2308 chela
444 2244 582 2307 Santiti
607 2245 643 2306 di
669 2244 799 2307 Nostro
824 2243 978 2325 Signore
1003 2244 1023 2305 e
1048 2243 1082 2304 di
1107 2244 1164 2306 voi
1190 2255 1288 2306 tanto
1317 2266 1395 2307 con-

108 2364 210 2416 tenta
242 2363 375 2434 quanto
406 2351 562 2434 possiate
587 2350 824 2429 desiderarvi,
858 2371 959 2414 come
983 2351 1042 2433 poi
1068 2371 1132 2433 per
1156 2351 1180 2412 li
1204 2352 1314 2413 effetti
1341 2373 1394 2413 co-

109 2470 311 2537 noscerete,
336 2460 360 2520 li
394 2459 488 2540 quali
513 2458 571 2520 noi
596 2458 707 2519 siamo
732 2479 873 2540 sempre
892 2478 962 2538 ‚per
985 2478 1187 2539 procurare.
1236 2459 1395 2520 Benevo-

109 2569 194 2643 lete,
219 2564 475 2628 Consortamini
502 2576 537 2627 et
561 2565 671 2628 nolite
695 2564 831 2642 timere,
856 2586 936 2626 nam
963 2567 1059 2626 Deus
1084 2586 1149 2646 pro
1175 2565 1286 2626 nobis.

201 2673 406 2736 Florentiae
432 2673 492 2734 l'l.
517 2672 621 2735 Febr.
647 2671 829 2734 MDXXI.

1063 2786 1163 2850 votior
1181 2785 1288 2856 irater,

995 2877 1360 2930 l'ice-Cancellarius.

727 3288 778 3350 19.

448 3404 657 3485 Aloander
685 3404 1056 3485 vicecancellarii.

540 3534 681 3599 «luunt
700 3534 826 3594 deman.
846 3534 876 3592 1«.
895 3535 961 3606 184.)

504 3635 555 3703 (Ex
579 3637 730 3685 Wormatia
756 3637 780 3685 ⁶.
806 3637 884 3685 Febr.
918 3640 1003 3703 1521.)

201 3744 271 3807 Per
302 3744 428 3807 obviar
456 3743 516 3826 piir
542 3745 607 3806 che
632 3743 660 3805 si
685 3754 769 3826 pote
793 3765 814 3807 a
838 3744 953 3824 questi
978 3743 1116 3805 tumulti
1142 3744 1177 3805 di
1202 3744 1394 3806 Germania

109 3864 146 3913 et
163 3851 325 3933 prohibir
340 3850 440 3914 stridi
457 3853 523 3913 che
545 3850 655 3913 fanno
679 3850 715 3913 in
740 3861 866 3931 questa
891 3850 1019 3931 diaeta,
1044 3871 1131 3932 pare
1157 3871 1254 3913 esser
1275 3871 1394 3913 neces-

109 3959 205 4021 sario
222 3958 394 4041 imprimis
419 3958 718 4022 universalmente
742 3978 892 4021 revocar
916 3959 1001 4038 ogni
1025 3978 1181 4037 reserva,
1206 3959 1394 4039 presertim

111 4065 203 4127 latta
234 4086 312 4127 cum
345 4065 579 4147 derogatione
604 4066 917 4144 concordatorum‚
952 4074 986 4126 et
1011 4065 1045 4127 in
1070 4064 1225 4128 futurum
1251 4064 1395 4128 schiffar

109 4174 182 4235 tale
208 4172 443 4253 derogatione
468 4174 611 4254 quando
635 4171 730 4235 mille
755 4175 851 4235 volte
877 4172 986 4234 Cesar
1010 4174 1044 4234 la
1069 4173 1314 4234 demandasse.

202 4280 373 4342 Preterea
397 4289 432 4342 et
456 4278 491 4342 in
515 4279 673 4361 presenti
698 4280 809 4342 veder
833 4278 868 4340 di
893 4277 948 4340 far
972 4299 1010 4340 se
1032 4280 1183 4359 qualche
1200 4279 1260 4340 lite
1275 4279 1394 4360 pende

110 4405 220 4448 ancor
246 4385 404 4448 indecisa
428 4406 495 4468 per
518 4385 623 4468 vigor
646 4386 682 4448 di
706 4387 756 4448 tal
781 4385 1014 4467 derogatione
1040 4406 1060 4448 ο
1085 4386 1166 4448 altri
1191 4387 1310 4468 moggi
1328 4390 1394 4449 che

110 4492 220 4554 fanno
245 4495 437 4555 tumultuar
461 4505 639 4574 questoro,
664 4494 730 4555 che
748 4493 788 4554 N.
807 4490 843 4554 S.
866 4495 901 4555 la
919 4493 1080 4574 extingui
1099 4503 1133 4555 et
1150 4493 1173 4554 li
1190 4493 1393 4574 impetranti

110 4599 283 4662 habbiino
303 4600 476 4683 patientia
492 4621 556 4682 per
580 4611 706 4681 questa
722 4601 829 4678 volta,
845 4599 977 4681 perche
993 4600 1139 4680 expedit
1156 4621 1290 4682 paucos
1306 4600 1393 4662 mori

109 4727 177 4788 pro
202 4710 347 4789 populo,
373 4717 471 4769 tanto
497 4708 557 4788 piu
582 4710 648 4770 che
673 4706 729 4769 chi
753 4708 872 4768 hanno
897 4707 1086 4787 impetrato
1102 4728 1190 4770 sono
1209 4708 1332 4777 ricchi;
1358 4718 1394 4769 et

110 4815 139 4876 si
164 4816 327 4897 proveda
350 4837 371 4876 u
396 4813 491 4876 mille
508 4814 859 4899 stangheggiamenti
876 4817 942 4875 che
959 4824 1126 4895 questoro
1142 4815 1171 4876 si
1190 4818 1392 4877 lamentano
