3330 5580
720 451 947 507 0-{357434

189 606 237 665 da
269 603 369 664 detta
393 603 478 662 sede
503 613 538 662 et
564 601 597 661 lo
622 600 837 662 Elettorato:
872 611 907 663 et
932 602 988 662 del
1014 597 1173 661 Concilio
1199 598 1243 658 de
1268 595 1475 659 Constantia

189 722 224 772 et
251 709 287 771 di
313 708 461 772 Bohemi
486 718 521 770 et
546 708 653 770 molte
680 709 768 769 altre
793 729 875 770 cose
901 709 967 770 che
992 707 1144 768 sarebbe
1169 706 1278 785 longo
1303 717 1337 766 et
1362 725 1475 784 pocco

190 815 395 879 necessario
420 835 441 876 a
467 824 647 896 repetere,

280 922 435 986 Eranoci
470 922 629 1003 presenti
664 921 762 984 molti
798 921 951 1003 principi
987 920 1114 1000 grandi
1153 918 1344 982 Lutherani
1382 927 1416 980 et
1452 919 1474 980 li

190 1029 381 1094 Secretarii
410 1030 467 1092 del
492 1030 594 1090 Duca
618 1028 780 1106 Saxone,
815 1029 872 1109 qui
899 1027 1129 1109 excipiebant
1154 1028 1280 1104 multa,
1315 1024 1475 1106 quamvis

190 1140 274 1199 dum
306 1136 414 1199 timeo
447 1156 492 1198 ne
523 1135 606 1197 mihi
640 1146 780 1216 tempus
813 1136 954 1197 deesset
988 1134 1033 1195 ad
1059 1134 1200 1196 modum
1226 1132 1331 1195 celeri
1358 1142 1476 1193 uterer

189 1243 354 1306 oratione
378 1250 415 1304 et
439 1240 498 1323 gia
523 1241 670 1305 intendo
695 1243 761 1304 che
785 1243 861 1304 loro
887 1242 1036 1304 diceano
1054 1243 1120 1304 che
1136 1241 1170 1303 io
1189 1252 1338 1302 toccava
1354 1239 1377 1301 il
1400 1241 1475 1300 loro

188 1350 352 1432 principe
377 1348 637 1427 odiosamente,
671 1350 766 1430 quod
792 1348 918 1411 falsum
944 1357 1015 1429 est,
1047 1352 1074 1410 sl
1100 1368 1200 1410 come
1225 1368 1357 1409 ancora
1382 1367 1473 1408 men·

189 1458 282 1520 tirno
307 1478 328 1518 a
345 1455 494 1519 Colonia
518 1456 660 1537 quando
685 1458 799 1535 parlai
823 1458 878 1518 nel
905 1466 1090 1537 presentat
1115 1456 1172 1517 del
1190 1456 1307 1517 Breve
1323 1456 1355 1515 al
1374 1455 1475 1515 Duca

188 1565 357 1647 predetto
382 1561 608 1645 presentibus
624 1563 841 1642 Caracciolo,
863 1563 892 1625 T
894 1563 1076 1644 ergestino
1101 1573 1137 1624 et
1151 1562 1360 1624 Tridentino
1386 1560 1473 1642 epis·

188 1671 291 1751 copis
314 1691 381 1751 per
403 1679 530 1751 questo
555 1670 720 1732 chiamati
746 1670 792 1731 da
817 1690 871 1732 me
887 1690 988 1732 come
1005 1689 1070 1751 per
1085 1669 1286 1733 testimonio
1305 1668 1340 1730 di
1356 1669 1474 1749 quello

188 1779 223 1840 io
242 1798 304 1840 era
319 1797 386 1859 per
402 1777 495 1847 dire:
522 1775 565 1839 ne
590 1777 637 1839 mi
661 1778 761 1839 valse
787 1797 890 1839 usare
915 1778 1028 1839 anche
1052 1778 1166 1839 allora
1191 1775 1275 1858 ogni
1300 1775 1477 1838 modestia

189 1888 257 1947 che
281 1884 408 1966 dopoi,
443 1883 677 1946 mandandoci
703 1886 735 1946 el
760 1885 862 1945 Duca
896 1885 930 1946 la
964 1884 1117 1964 risposta
1148 1882 1338 1963 disse‘per
1368 1881 1472 1943 infor-

189 1991 347 2054 matione
371 1991 408 2052 di
433 2001 557 2071 questo
583 1991 776 2054 medesimo
800 1990 956 2070 ribaldo,
981 1990 1040 2072 qui
1064 1991 1141 2055 heri
1166 1976 1474 2070 excipiebat,che

189 2098 249 2161 noi
280 2101 454 2161 haveamo
479 2099 577 2160 detto
602 2100 694 2161 male
719 2098 778 2160 del
802 2100 879 2160 loro
904 2097 1080 2180 Principe.
1127 2096 1188 2159 Ma
1212 2105 1337 2181 queste
1360 2094 1474 2157 bestie

189 2225 334 2287 semper
367 2203 441 2266 cosi
472 2204 697 2284 impudenter
726 2204 866 2286 fingunt
890 2225 954 2287 per
977 2207 1089 2268 haver
1112 2224 1220 2266 causa
1245 2203 1279 2265 di
1304 2205 1373 2265 mal
1398 2203 1474 2264 dire

189 2325 225 2375 et
261 2313 362 2374 iritar
394 2313 428 2374 el
461 2313 538 2374 loro
567 2311 745 2393 principe,
779 2331 879 2375 come
911 2332 1051 2394 sempre
1075 2311 1123 2373 fin
1148 2310 1207 2392 qul
1230 2312 1348 2375 hanno
1373 2309 1475 2387 fatto,

189 2420 346 2482 essendo
371 2418 395 2480 li
420 2418 497 2480 suoi
521 2418 601 2480 tutti
626 2418 911 2481 lutheranissimi.
959 2419 1035 2481 Ben
1060 2419 1141 2481 dico
1166 2420 1232 2480 che
1256 2439 1294 2480 se
1325 2418 1349 2478 il
1373 2417 1475 2478 lluca

189 2527 287 2589 fosse
312 2534 406 2588 stato
430 2536 614 2606 presente,
649 2526 683 2588 io
717 2546 783 2589 con
816 2526 901 2607 ogni
927 2527 1115 2605 modestia,
1149 2526 1236 2607 perd
1261 2536 1473 2588 nontamen

191 2635 282 2695 citra
307 2634 492 2709 decorum,
526 2631 547 2691 l'
564 2633 680 2695 harrei
705 2653 751 2695 un
776 2635 967 2714 pocchetto
992 2653 1127 2711 morso,
1160 2632 1293 2714 perche
1316 2633 1473 2695 horamai

191 2761 262 2802 non
287 2740 316 2802 c’
341 2739 360 2801 ὲ
383 2738 443 2821 pil1
468 2758 642 2818 speranza
659 2739 694 2801 di
710 2741 860 2802 mutarlo
877 2761 942 2822 per
956 2742 1075 2802 buone
1096 2741 1220 2821 parole
1244 2752 1280 2802 et
1299 2751 1398 2801 tanto
1415 2739 1475 2820 piu

192 2848 212 2909 l'
228 2846 349 2911 harrei
371 2847 461 2908 fatto
477 2846 610 2927 perche
626 2846 759 2909 Caesar
775 2858 810 2910 et
824 2846 994 2910 Chievres
1008 2847 1145 2909 dissero
1161 2849 1195 2908 al
1211 2843 1250 2908 S‘
1268 2847 1475 2909 Carrazzolo

192 2955 306 3036 primo
332 2965 367 3016 et
390 2952 450 3034 poi
475 2967 496 3014 a
520 2974 586 3031 me,
612 2962 647 3015 et
671 2952 744 3016 cosi
769 2956 801 3016 el
826 2954 1050 3035 Moguntino,
1079 2956 1145 3017 che
1169 2953 1203 3015 io
1229 2974 1298 3015 non
1324 2963 1475 3015 temesse

193 3081 256 3142 per
290 3060 410 3122 niente
440 3060 495 3121 dir
519 3070 629 3139 tutto,
661 3062 727 3124 che
752 3061 798 3123 mi
822 3082 933 3142 parea
957 3061 1011 3125 far
1036 3083 1057 3122 a
1080 3060 1282 3142 proposito,
1314 3063 1409 3142 quod
1441 3074 1476 3122 et

194 3168 259 3231 feci
284 3188 350 3249 per
374 3168 489 3230 Deum
512 3167 787 3249 imperterritus,
817 3188 917 3231 come
941 3168 975 3230 io
1001 3167 1096 3231 fusse
1120 3178 1214 3231 stato
1241 3190 1262 3230 a
1286 3170 1381 3230 lezer
1405 3189 1475 3230 una

195 3274 339 3337 lettione
364 3296 385 3336 a
409 3274 488 3336 XX
512 3272 681 3339 fanciulli.
706 3276 883 3339 ancorche
906 3277 941 3340 io
966 3278 1116 3338 vedesse
1140 3275 1174 3337 la
1198 3274 1296 3337 molti
1317 3275 1475 3356 Principi

197 3380 404 3460 Lutherani,
438 3380 461 3442 li
495 3380 591 3462 quali
623 3402 678 3445 me
708 3382 860 3445 faceano
892 3382 926 3444 di
959 3383 1070 3446 brutti
1101 3382 1166 3444 visi
1198 3391 1233 3444 et
1265 3402 1330 3463 per
1355 3381 1475 3443 avanti

197 3509 316 3570 spesso
351 3509 405 3551 me
438 3488 609 3551 habbiino
640 3487 730 3551 fatto
757 3489 964 3568 minacciar,
999 3510 1055 3551 ma
1084 3501 1181 3551 certo
1207 3509 1276 3551 non
1302 3487 1405 3550 stimo
1430 3508 1475 3549 un

198 3598 274 3676 pelo
299 3596 408 3659 morir
432 3615 498 3677 per
521 3597 555 3657 la
579 3595 662 3658 fede
687 3608 722 3658 et
746 3616 811 3678 per
836 3596 859 3658 li
884 3596 963 3659 miei
982 3595 1134 3677 patroni.
1170 3595 1391 3658 Wormatiae
1409 3607 1475 3658 etc.

728 3775 839 3786 ·mvm
845 3775 877 3785 Na
916 3776 933 3786 a·

590 4113 769 4193 Aloanda
796 4006 929 4195 litiani
956 4114 1073 4195 Eokio.

425 4241 477 4310 (Ex
495 4241 606 4300 minnta
625 4242 722 4314 orlata
739 4243 769 4301 ln
787 4242 845 4302 ord
864 4243 936 4302 am
955 4243 1046 4303 Vatia.
1066 4244 1132 4304 3913
1150 4244 1195 4304 lol.
1214 4245 1250 4316 ³.)

701 4345 756 4410 (16.
776 4347 855 4400 Febr.
879 4348 965 4409 1521.)

300 4452 519 4514 Reverende
544 4463 578 4514 et
603 4452 807 4516 doctissime
831 4454 887 4516 vir
910 4455 1019 4518 salve.
1057 4453 1184 4535 Neque
1207 4455 1293 4517 istas
1317 4475 1405 4536 quas
1429 4457 1474 4518 ad

199 4577 249 4619 me
281 4557 385 4620 binas
416 4557 556 4621 dedisse
588 4558 714 4621 scribis
745 4560 882 4623 litteras
913 4561 1054 4642 accepi,
1087 4561 1263 4623 tabellarii
1295 4563 1347 4641 (ut
1374 4563 1474 4643 puto)

200 4665 313 4747 culpa:
339 4684 455 4746 neque
479 4665 631 4728 vicissim
656 4685 727 4747 ego
751 4667 798 4730 ad
821 4668 873 4730 Te
897 4670 987 4731 ullas
1011 4667 1093 4730 dedi
1118 4669 1295 4731 tabellarii
1319 4668 1473 4731 defectu.

199 4769 345 4834 Potuisti
362 4783 480 4834 tamen
500 4772 634 4853 aliquid
659 4775 703 4837 de
729 4774 832 4838 nobis
852 4775 954 4855 scire,
969 4778 1026 4838 vel
1047 4777 1193 4857 vulgata
1208 4775 1363 4838 incendii
1379 4775 1475 4839 fama
