3330 5580
815 445 1062 503 eoliae*

298 612 389 655 anae
421 592 606 674 religionis
637 591 765 655 iniuria
789 592 861 667 fiat,
917 593 957 656 [d
987 603 1175 676 utrumque
1206 604 1462 678 praeterquam
1487 595 1589 678 quod

298 700 343 760 ad
376 699 650 763 Illustrissimam
680 699 969 763 Dominationem
994 701 1107 764 Tuam
1138 721 1184 765 ex
1208 701 1328 765 officio
1358 702 1485 784 optimi
1519 702 1589 766 viri

298 807 480 871 christiani
504 809 656 872 hominis
690 818 725 872 et
756 807 996 891 intergerrimi
1027 809 1231 873 cancellarii
1261 809 1436 892 imprimis
1459 830 1590 873 curare

298 924 448 996 spectat,
472 926 509 978 ut
533 926 651 979 tamen
676 915 784 978 etiam
815 916 950 998 aliquid
978 937 1058 979 mea
1087 936 1195 980 causa
1224 916 1385 998 meisque
1414 916 1590 999 precibus

297 1021 427 1104 faciat,
459 1023 565 1086 etiam
599 1032 705 1103 atque
737 1022 844 1084 etiarn
879 1043 942 1085 oro
975 1034 1011 1085 et
1047 1025 1197 1086 obsecro
1233 1032 1269 1086 et
1303 1044 1360 1086 me
1392 1023 1589 1105 plurimum

300 1130 519 1194 commendo

913 1560 965 1625 66.

539 1676 719 1756 Aleander
747 1673 914 1778 ills-pioni
946 1697 968 1756 a
995 1675 1146 1758 confess.
1176 1675 1347 1758 caesaris.

723 1806 839 1879 (liunt.
859 1806 1013 1865 German.
1038 1805 1069 1864 li.
1089 1805 1158 1877 201)

795 1905 849 1977 (17.
871 1909 975 1973 Aprilis
998 1906 1084 1975 ¹521·)

388 2033 519 2095 Revde
543 2033 652 2096 Pater
676 2041 712 2095 et
735 2032 888 2096 Domine
913 2033 1133 2115 Praeceptor
1156 2033 1394 2098 observande.
1442 2033 1590 2097 Rumor

299 2150 352 2202 est
384 2140 440 2202 hic
472 2140 641 2223 frequens
672 2140 865 2203 Martinum
895 2142 962 2203 huc
995 2140 1064 2203 iam
1102 2142 1310 2225 appulsum;
1348 2141 1444 2203 unde
1475 2140 1519 2203 fit
1551 2150 1588 2204 ut

300 2248 453 2310 maxime
469 2269 596 2311 verear
611 2269 655 2310 ne
673 2250 719 2311 ob
736 2248 827 2311 hanc
844 2268 986 2310 causam
1010 2249 1094 2310 Dux
1119 2247 1216 2310 Saxo
1239 2247 1415 2311 hodierna
1440 2248 1590 2311 comitia

299 2355 469 2417 indixerit
500 2363 539 2417 ut
562 2355 595 2417 in
622 2354 677 2417 his
701 2355 875 2418 Martinus
900 2376 1000 2418 suum
1029 2355 1126 2417 virus
1159 2355 1328 2421 effundat.
1379 2355 1591 2438 Eapropter

300 2461 467 2543 dignetur
491 2461 694 2525 Paternitas
710 2473 831 2525 vestra
847 2463 939 2525 Rev.
964 2461 1020 2524 his
1037 2461 1178 2525 casibus
1194 2462 1253 2545 qui
1279 2465 1408 2525 obesse
1431 2472 1590 2543 possunt

299 2587 496 2633 occurrere.
544 2568 625 2631 Non
650 2567 742 2631 enim
769 2571 813 2630 de
838 2589 876 2632 re
901 2590 1013 2651 parva
1038 2571 1168 2651 agitur,
1191 2571 1256 2633 sed
1280 2590 1371 2651 quae
1397 2570 1443 2632 ad
1461 2569 1588 2634 Eccle-

300 2675 388 2736 siam
412 2673 481 2737 Dei
515 2684 549 2738 et
574 2674 759 2738 Pontificis
783 2675 1028 2739 auctoritatem
1054 2685 1089 2738 et
1113 2675 1277 2739 Caesaris
1300 2677 1366 2739 Tui
1391 2678 1501 2739 decus
1528 2678 1590 2741 de-

300 2781 454 2842 decusve
479 2781 675 2863 contingat.
722 2782 853 2845 Valeat
876 2782 1073 2864 paternitas
1097 2793 1218 2846 vestra
1241 2782 1334 2845 Rev.
1360 2783 1414 2845 cui
1436 2804 1494 2846 me
1509 2786 1592 2866 plu·

302 2886 425 2949 rimum
450 2889 670 2952 commendo

632 3430 842 3511 lleander
869 3431 1242 3515 Vioe'oanoellario.

750 3579 892 3652 mutiet.
912 3578 1002 3638 Germ
1020 3578 1051 3637 1..
1069 3578 1140 3651 ΞΜ)

798 3692 852 3754 (18.
872 3691 976 3756 Aprilis
999 3690 1087 3759 1521.)

389 3814 524 3896 Questa
554 3836 657 3879 mane
688 3815 738 3878 fui
773 3836 839 3878 con
872 3817 905 3877 el
933 3817 1118 3880 confessor
1146 3819 1216 3880 ben
1247 3817 1396 3880 mattino
1426 3838 1493 3900 per
1522 3819 1595 3885 dar

300 3923 417 4004 quelle
442 3923 658 3986 instruttioni
691 3943 803 4005 parea
834 3922 979 3986 fusseno
1010 3925 1044 3986 al
1068 3925 1254 4006 proposito
1279 3935 1411 3989 nostro.
1460 3925 1528 3989 Poi
1553 3928 1592 3993 in

299 4030 435 4111 palatio
461 4030 553 4092 dove
579 4030 663 4111 ogni
689 4050 773 4093 cosa
797 4051 859 4092 era
883 4031 1052 4111 ambigua
1076 4031 1242 4113 procurai
1273 4036 1300 4094 sl
1334 4033 1400 4094 che
1431 4031 1469 4094 iu
1494 4053 1593 4098 com·

302 4138 469 4199 mandato
495 4137 560 4199 che
584 4157 605 4199 a
630 4137 699 4199 due
724 4138 810 4199 hore
835 4136 893 4218 po’
908 4138 1053 4218 meggio
1079 4138 1113 4199 dl
1139 4139 1162 4200 li
1188 4139 1328 4201 elettori
1354 4138 1493 4202 iussero
1519 4160 1591 4205 con

304 4241 414 4306 Cesar
439 4254 473 4305 et
497 4264 519 4306 a
544 4253 687 4325 quattro
711 4244 736 4306 li
762 4244 842 4306 altri
876 4243 1029 4326 principi
1063 4255 1098 4306 et
1130 4245 1210 4308 tutti
1241 4244 1333 4308 Stati
1365 4255 1400 4307 et
1431 4245 1593 4313 Martino

306 4370 531 4431 comparesse
564 4371 585 4413 a
618 4352 816 4432 respondet
839 4352 952 4414 solum
977 4352 1078 4414 iuxta
1094 4352 1316 4433 interrogata
1340 4360 1375 4414 et
1399 4372 1470 4414 non
1495 4356 1592 4418 altre

305 4457 440 4538 parole.
487 4457 526 4519 Io
551 4459 597 4520 ho
622 4468 806 4540 composto
840 4458 864 4519 li
898 4458 1037 4521 articoli
1062 4480 1193 4522 ancora
1223 4461 1289 4523 che
1322 4459 1481 4541 produtti
1516 4481 1592 4527 non

304 4574 425 4626 nostro
443 4563 595 4645 nomine,
620 4565 751 4647 perche
778 4565 812 4627 la
831 4565 982 4646 petition
1001 4575 1123 4630 nostra
1138 4567 1174 4630 in
1193 4567 1336 4649 scriptis
1352 4587 1413 4630 era
1428 4569 1592 4633 secundo

301 4671 336 4731 la
360 4669 474 4733 forma
499 4672 594 4734 della
624 4673 721 4733 bulla
746 4673 877 4752 perch&
903 4673 1114 4737 altramente
1139 4695 1208 4737 non
1234 4674 1428 4737 habbiamo
1460 4695 1481 4736 a
1516 4675 1591 4747 iar:

303 4778 632 4859 quomodocumque
656 4778 738 4859 qual
763 4778 822 4840 via
846 4778 883 4839 di
909 4779 968 4841 doi
993 4781 1021 4842 si
1047 4781 1162 4844 faccia
1186 4782 1204 4843 ὲ
1230 4781 1435 4846 bonissima.
