3330 5580
704 491 951 547 REI-96&

186 642 220 702 di
245 641 392 703 Treveri
425 651 459 701 et
484 661 553 702 uno
577 641 747 720 theologo
771 641 918 702 Decano
953 640 997 702 de
1023 658 1092 701 una
1116 637 1246 701 Chiesa
1279 637 1315 699 di
1341 636 1471 699 Franc·

187 748 266 809 ford
291 750 396 809 homo
422 748 467 808 da
491 749 583 808 bene
609 758 644 808 et
669 746 953 823 catholicissim0,
983 746 1064 827 qual
1090 744 1205 807 scrive
1230 753 1356 808 contra
1381 743 1475 805 Mar-

186 854 260 916 tino
291 854 328 915 di
361 853 453 915 forte
482 857 577 915 buon
610 856 719 915 voler.
768 853 840 915 Alli
874 853 957 914 anni
982 851 1117 935 passati
1147 862 1249 915 stava
1280 850 1314 912 in
1341 851 1474 914 Roma.

189 963 264 1023 lior
288 960 384 1042 quivi
409 961 430 1022 l’
447 960 578 1023 official
604 961 637 1021 di
661 960 819 1038 Treveri,
844 960 1005 1023 oratione
1031 959 1156 1039 latina,
1189 957 1401 1022 commincio
1428 959 1473 1020 ad

187 1071 357 1132 exhortar
380 1068 534 1131 Martino
567 1070 632 1130 che
657 1088 847 1131 revocasse
880 1067 902 1128 li
928 1065 1003 1128 suoi
1029 1065 1140 1128 errori
1172 1075 1208 1128 et
1236 1065 1265 1128 si
1289 1072 1474 1128 sottomet·

187 1188 281 1239 tesse
314 1176 374 1237 alli
399 1175 564 1254 Concilii,
598 1175 761 1254 Decreti,
797 1173 868 1253 usi,
905 1173 1098 1236 cerimonie
1127 1171 1168 1261 di,
1187 1172 1301 1235 Santa
1325 1171 1474 1246 Chiesa3

186 1283 340 1345 Martino
374 1282 508 1362 replico
543 1302 673 1364 pocco‚
710 1281 841 1362 perche
876 1283 925 1361 (ut
941 1280 1058 1360 aiunt)
1093 1279 1110 1342 ὲ
1140 1281 1247 1341 homo
1272 1278 1473 1342 obliviosis·

187 1390 340 1463 sissim0;
366 1391 477 1452 solum
503 1389 608 1467 disse,
634 1390 699 1450 che
725 1409 795 1450 non
821 1397 923 1449 stava
947 1385 1003 1449 alli
1022 1384 1183 1465 Concilii,
1207 1385 1231 1446 li
1248 1385 1344 1466 quali
1362 1406 1475 1448 erano

187 1499 279 1559 inter
303 1518 341 1558 se
367 1496 535 1557 contrarii
564 1507 599 1557 et
624 1515 815 1574 erravano,
853 1515 952 1557 come
977 1496 1011 1556 lo
1037 1494 1073 1555 di
1096 1492 1323 1565 Constantia;
1361 1492 1472 1556 l’offi-

189 1605 255 1667 cial
281 1625 428 1684 respose
453 1605 518 1664 che
543 1602 577 1664 in
604 1601 751 1664 materia
774 1601 857 1664 fidei
882 1601 906 1663 li
932 1600 1072 1664 concilii
1099 1621 1169 1662 non
1186 1600 1474 1679 contrariavanO,

189 1711 233 1773 ne
268 1730 451 1774 erravan0.
501 1711 547 1771 Al
581 1711 646 1770 che
671 1708 829 1783 ,Martino
863 1708 982 1789 allegi)
1015 1705 1200 1769 l’articolo
1234 1706 1404 1769 damnato
1439 1706 1473 1768 in

189 1817 346 1880 Concilio
379 1817 423 1878 de
448 1816 671 1894 Constantia,
708 1817 802 1896 quod
828 1814 989 1876 Ecclesia
1014 1822 1108 1874 esset
1139 1821 1273 1874 tantum
1299 1814 1474 1894 predesti-

191 1934 353 1988 natorum
388 1945 457 1984 non
484 1923 589 1984 etiam
623 1921 856 2003 prescitorum
882 1921 1002 1997 simul,
1039 1931 1074 1981 et
1097 1940 1119 1981 a
1143 1930 1268 2000 questo
1294 1920 1414 2002 allego
1439 1920 1474 1982 in

188 2030 413 2094 contrarium.
453 2029 593 2091 Dictum
608 2028 743 2108 JanniS,
767 2027 893 2090 XVII:
919 2049 1008 2110 quos
1026 2026 1154 2089 dedisti
1170 2025 1254 2088 mihi
1272 2046 1342 2108 ego
1359 2037 1474 2091 custo·

189 2138 272 2217 divi,
297 2147 332 2198 et
357 2157 459 2199 nemo
486 2157 531 2198 ex
556 2135 607 2197 eis
631 2133 736 2215 periit
761 2133 826 2197 nisi
850 2135 943 2197 filius
962 2133 1182 2216 perditionis,
1207 2135 1240 2195 el
1262 2136 1345 2215 qual
1362 2136 1474 2213 detto,

189 2246 210 2307 l'
226 2243 356 2306 official
389 2252 525 2305 retorse
550 2239 622 2303 cosi
655 2241 894 2305 validamente
922 2241 958 2304 in
983 2242 1305 2304 Martinum'come
1330 2252 1431 2305 certo
1456 2243 1490 2306 ὸ·

189 2353 213 2414 il
238 2353 363 2431 dever,
388 2353 454 2412 che
480 2371 549 2411 non
575 2350 657 2430 pote
682 2349 743 2431 piu
768 2350 930 2430 replicar.
978 2349 1006 2411 Il
1030 2348 1121 2411 simil
1145 2348 1223 2411 fece
1247 2348 1283 2410 in
1307 2349 1369 2412 doi
1392 2349 1477 2413 altri

189 2459 325 2538 luochi,
351 2457 434 2519 nelli
459 2457 555 2538 quali
579 2457 616 2517 fu
642 2466 818 2518 convento
843 2456 878 2518 di
903 2466 1014 2536 sorte,
1040 2457 1105 2519 che
1129 2455 1277 2518 Treveri
1301 2458 1348 2518 ha
1373 2458 1476 2521 detto

189 2569 254 2628 che
280 2585 449 2646 sperava,
474 2566 539 2625 che
564 2563 718 2625 Martino
743 2562 840 2625 fusse
865 2563 981 2624 subito
1006 2583 1072 2644 per
1095 2562 1268 2626 rendersi.
1315 2563 1377 2625 Ma
1401 2570 1475 2626 non

188 2674 226 2736 fu
258 2672 400 2750 ordine,
436 2670 512 2732 anzi
544 2669 843 2732 obstinatamente
876 2669 969 2732 disse
1004 2690 1074 2732 non
1105 2690 1202 2734 esser
1233 2690 1383 2751 prorsus
1407 2691 1478 2753 per

190 2800 356 2856 revocar,
382 2779 433 2839 sel
459 2798 528 2838 non
554 2777 649 2839 fusse
674 2777 779 2838 melio
804 2786 929 2848 vento;
960 2786 995 2838 et
1019 2778 1150 2858 perche
1174 2776 1196 2838 l’
1212 2775 1343 2839 official
1369 2798 1476 2860 argu-

190 2896 354 2949 mentava
378 2885 413 2946 in
438 2884 552 2949 forma
568 2883 764 2963 dialectica,
791 2883 921 2962 disseli,
947 2885 1011 2945 che
1033 2883 1079 2945 lui
1096 2904 1167 2946 non
1184 2884 1288 2945 volea
1314 2884 1335 2945 l'
1349 2905 1477 2948 usasse

190 2994 316 3075 logica,
342 2993 365 3055 il
391 2993 455 3054 che
481 2993 498 3054 ὲ
523 3012 594 3053 una
617 2991 743 3073 paccia
765 3012 881 3071 mera,
905 2990 1038 3072 perche
1062 2993 1159 3053 buon
1183 2992 1338 3053 sarebbe
1362 3012 1479 3056 ancor

190 3104 255 3163 che
288 3122 359 3162 non
384 3099 413 3162 si
445 3101 622 3182 parlasse;
659 3099 750 3160 adeo
781 3108 905 3180 questo
930 3108 1107 3177 monstro,
1142 3086 1375 3180 procedendo
1407 3119 1478 3180 per

189 3209 251 3270 tali
282 3206 418 3269 insanie
450 3210 521 3268 cosi
555 3206 738 3285 evidente,
773 3205 843 3267 tira
875 3226 896 3266 a
928 3227 966 3267 se
998 3215 1165 3286 questoro
1197 3225 1297 3267 come
1329 3207 1478 3287 stupidi.

191 3314 256 3376 Poi
290 3315 323 3376 el
346 3314 568 3376 Treverense
601 3313 635 3373 lo
669 3312 820 3374 exhorto
853 3334 874 3373 a
898 3323 1018 3392 parte,
1052 3312 1095 3374 ne
1131 3311 1199 3373 mai
1235 3311 1272 3373 fu
1301 3312 1429 3375 ordine
1456 3336 1480 3377 a

189 3422 439 3503 persuader10,
476 3420 520 3482 ne
554 3419 573 3482 e
604 3440 776 3500 speranza
800 3440 821 3480 a
851 3419 1010 3499 disputar
1045 3437 1146 3498 sec0,
1182 3417 1316 3499 perche
1346 3439 1480 3484 recusa

190 3530 275 3610 ogni
300 3528 415 3590 iudice
441 3537 476 3589 et
500 3535 745 3607 apertamente
771 3525 849 3587 dice
874 3547 944 3587 non
962 3527 1063 3588 voler
1087 3534 1159 3587 star
1183 3515 1228 3586 ad
1245 3526 1374 3589 alcuno
1392 3547 1478 3589 con-

190 3637 287 3716 cilio,
324 3634 368 3696 ne
399 3635 443 3696 ad
475 3636 565 3696 altro
595 3654 741 3715 prorsus
773 3635 838 3695 che
871 3635 947 3695 solo
981 3635 1051 3695 alle
1080 3634 1204 3715 parole
1236 3633 1331 3695 della
1362 3632 1481 3699 biblia

191 3742 370 3823 utriusque
395 3741 607 3820 testamenti,
633 3749 669 3802 et
694 3742 809 3822 quelle
834 3749 924 3802 tutte
949 3742 981 3802 le
1007 3742 1087 3802 vole
1109 3739 1346 3821 interpretare
1371 3760 1393 3802 a
1409 3762 1479 3805 suo

191 3850 314 3928 modo,
353 3858 387 3911 et
412 3848 468 3910 chi
494 3851 526 3910 le
553 3869 694 3930 expone
720 3849 945 3923 altramente,
983 3868 1021 3909 se
1047 3867 1090 3909 ne
1115 3847 1209 3926 ride,
1243 3855 1279 3907 et
1301 3856 1480 3931 protesta,

191 3958 255 4018 che
281 3976 351 4018 non
376 3955 399 4016 li
424 3955 443 4017 e
468 3954 655 4033 satisfatto,
681 3965 716 4017 et
740 3975 761 4016 a
786 3963 910 4034 questo
937 3965 1040 4014 trova
1062 3952 1204 4014 subbito
1229 3953 1253 4014 li
1276 3952 1352 4014 suoi
1369 3954 1478 4018 Lute-

190 4063 266 4125 rani
292 4064 357 4124 che
382 4061 405 4122 li
430 4062 630 4143 aplaudeno
656 4071 691 4123 et
711 4061 861 4143 giurano
887 4062 951 4122 che
976 4060 997 4121 l’
1012 4062 1058 4121 ha
1079 4058 1238 4139 ragione.
1279 4059 1323 4121 Et
1347 4070 1480 4140 questo

191 4169 250 4250 gia
275 4171 292 4232 ὲ
327 4179 382 4232 sta
405 4171 597 4231 observato
631 4171 676 4231 da
700 4167 896 4233 moltiche
921 4169 1039 4228 hanno
1069 4165 1243 4227 conferito
1269 4186 1371 4246 seco,
1407 4168 1479 4232 che

190 4277 238 4338 lui
263 4277 308 4340 ne
336 4277 354 4337 ὲ
379 4276 594 4357 gramatice,
631 4276 674 4337 ne
699 4273 884 4353 dialetico,
922 4275 964 4336 nr}
989 4272 1185 4354 philosof0,
1223 4274 1265 4335 ne
1290 4274 1479 4356 theologe,

192 4404 247 4444 ma
271 4403 368 4444 mero
393 4384 587 4461 insensate,
624 4393 659 4444 et
684 4383 701 4444 ὲ
727 4381 872 4462 opinion
898 4381 933 4442 di
957 4379 1055 4460 tutti,
1093 4382 1159 4442 che
1184 4380 1231 4442 lui
1257 4399 1326 4442 non
1351 4380 1478 4444 habbii

191 4500 375 4570 composto
400 4492 434 4551 la
457 4489 517 4570 piu
542 4509 632 4571 gran
654 4500 755 4570 parte
780 4487 816 4549 di
841 4487 956 4568 questi
973 4487 1065 4566 libri,
1091 4496 1125 4548 et
1148 4487 1195 4548 lui
1212 4485 1273 4569 gia
1294 4488 1339 4548 ad
1356 4488 1479 4552 alcuni

191 4597 212 4658 l'
226 4599 272 4658 ha
305 4596 507 4659 confessato
540 4605 814 4676 secretamente,
851 4599 917 4658 che
949 4596 973 4658 li
998 4594 1074 4656 suoi
1100 4594 1202 4655 amici
1233 4595 1352 4656 hanno
1380 4613 1476 4657 com·

192 4713 295 4784 posto
321 4704 435 4784 questi
460 4703 625 4786 peggiori
650 4703 743 4783 libri,
768 4725 824 4765 ma
849 4705 914 4766 che
940 4707 1011 4766 cosl
1037 4703 1055 4764 ὸ
1081 4711 1276 4764 constretto
1301 4720 1424 4763 servar
1439 4701 1479 4766 la

191 4810 274 4878 fede
307 4811 342 4875 di
367 4832 431 4876 sua
455 4811 699 4877 coniuratione
734 4820 769 4876 et
792 4831 863 4875 non
895 4813 929 4876 lo
956 4810 1052 4889 dice,
1088 4827 1222 4872 senon
1256 4808 1302 4871 ad
1326 4828 1373 4870 un
1397 4808 1478 4874 solo
