3330 5580
661 486 908 544 ⁶·<3531[><l

144 632 212 696 che
237 636 399 698 bastasse
422 635 596 697 mandarli
626 656 672 697 un
705 655 824 698 nuovo
857 634 986 697 nuncio
1016 653 1083 697 con
1106 634 1207 698 brevi
1232 632 1425 718 opportuni

145 740 246 802 iuxta
270 742 301 802 el
329 741 463 803 scriver
486 742 544 803 del
568 741 711 823 prefato
736 742 946 804 Tridentino
976 754 1011 803 et
1035 763 1056 803 a
1080 753 1205 823 questo
1231 741 1354 805 effetto
1379 745 1425 806 iu·

146 847 279 909 dicarei
303 850 424 910 buono
447 849 482 910 lo
506 848 685 931 Episcopo
715 850 784 911 mio
815 847 1010 927 Scarense,
1039 849 1062 911 il
1091 851 1195 930 quale
1224 853 1303 913 vale
1333 850 1426 913 assai

146 954 271 1035 lingua
296 964 332 1016 et
347 954 508 1017 doctrina
533 968 568 1017 et
591 959 680 1019 hora
704 976 857 1019 conosce
882 956 962 1018 tutti
985 956 1010 1018 li
1038 955 1201 1037 principi,
1226 968 1261 1018 et
1284 959 1427 1037 quando

147 1081 213 1143 per
236 1063 369 1124 maiore
395 1063 571 1124 authorita
595 1063 716 1145 voglia
741 1061 783 1124 N.
808 1060 1097 1144 S.aggiunger1i
1132 1062 1156 1124 il
1188 1062 1329 1143 prelato
1355 1064 1426 1125 Tri·

147 1167 293 1230 dentino
318 1166 414 1229 forse
438 1188 510 1231 non
535 1172 687 1232 sarebbe
711 1172 822 1241 male;
847 1168 964 1230 iudico
981 1172 1051 1231 ben
1068 1170 1135 1231 che
1151 1189 1221 1231 non
1242 1170 1294 1231 sia
1318 1173 1426 1232 molto

148 1277 181 1336 al
206 1275 391 1356 proposito
415 1294 608 1356 procurare
633 1278 698 1337 che
723 1277 746 1338 li
771 1275 904 1338 oratori
929 1277 974 1337 de
997 1275 1022 1337 li
1047 1276 1125 1338 altri
1149 1296 1188 1338 re
1213 1287 1249 1337 et
1276 1276 1426 1357 principi

147 1382 170 1442 li
197 1383 468 1463 intervenganO,
494 1385 668 1445 ancorche
693 1402 731 1445 se
755 1403 823 1464 pur
846 1383 871 1445 li
895 1403 933 1445 se
957 1383 1096 1446 facesse
1121 1386 1271 1464 qualche
1296 1387 1426 1447 resolu-

147 1487 244 1550 tione
268 1509 337 1551 non
364 1493 483 1551 buona
507 1491 573 1552 che
597 1488 736 1552 iussero
760 1491 838 1553 loro
862 1490 939 1568 soli,
963 1500 1000 1552 et
1027 1492 1062 1553 la
1093 1488 1189 1552 Sede
1218 1492 1427 1572 Apostolica

148 1616 187 1657 se
211 1608 354 1677 potesse
379 1600 568 1678 prevalere
592 1597 638 1658 de
669 1597 702 1658 le
726 1599 816 1659 altre
840 1597 974 1660 nationi
999 1618 1099 1660 come
1123 1598 1241 1678 quelle
1266 1600 1331 1660 che
1356 1619 1426 1660 non

149 1702 180 1763 ci
204 1701 344 1766 iussero
367 1704 592 1766 intervenute
617 1705 660 1766 ne
685 1705 769 1766 dato
793 1703 819 1767 il
842 1724 1031 1773 consens0;
1057 1716 1093 1767 et
1107 1716 1233 1786 reputo
1251 1706 1317 1767 che
1334 1725 1412 1766 man

149 1810 234 1871 dare
258 1810 321 1871 tali
346 1812 479 1873 oratori
504 1811 539 1872 in
565 1810 756 1875 Germania
785 1832 856 1873 non
887 1811 984 1874 fusse
1014 1814 1124 1874 molto
1153 1811 1269 1874 sicuro
1296 1813 1427 1893 perche

147 1916 351 1979 iacilmente
377 1928 413 1979 et
437 1938 503 1980 con
529 1919 624 1981 mille
653 1919 709 1981 vie
741 1920 967 2000 potrebbono
992 1938 1112 1981 essere
1135 1918 1283 1981 corrotti
1307 1927 1342 1979 et
1378 1919 1427 1979 in·

148 2024 238 2085 dutti
265 2047 284 2086 a
310 2027 514 2088 consentire
538 2027 691 2107 qualche
717 2026 910 2088 disordine.

238 2129 373 2211 Questo
398 2133 417 2195 ὲ
441 2146 575 2214 quanto
599 2135 633 2195 al
658 2143 824 2214 presente
842 2133 889 2195 mi
904 2152 1050 2195 occorre
1067 2132 1102 2195 in
1120 2142 1246 2212 questa
1261 2131 1428 2203 materia;

148 2237 172 2299 il
189 2238 292 2317 quale
306 2248 398 2301 tutto
412 2239 552 2301 rimetto
570 2242 604 2301 al
619 2239 880 2320 sapientissimo
897 2239 1027 2301 iudicio
1045 2238 1081 2300 di
1098 2237 1134 2302 S.
1152 2238 1214 2299 Βῑιθ
1235 2250 1270 2300 et
1287 2239 1429 2320 quando

150 2344 191 2402 V.
219 2344 256 2406 S.
282 2365 435 2408 conosca
460 2349 526 2409 che
558 2347 593 2409 in
625 2348 776 2428 qualche
809 2357 911 2428 parte
942 2345 1099 2422 manchi,
1132 2346 1283 2426 pregola
1315 2365 1380 2426 per
1408 2345 1429 2406 l’

148 2472 247 2513 arnor
272 2453 338 2513 che
362 2454 395 2514 la
421 2453 467 2515 mi
490 2464 594 2534 porta
618 2453 738 2534 voglia
762 2454 966 2533 corregerlo
988 2460 1023 2513 et
1039 2452 1097 2514 nol
1115 2451 1271 2532 legerea
1289 2449 1325 2516 S.
1341 2451 1428 2514 Bne.

239 2558 317 2620 Non
343 2563 479 2622 restaro
504 2562 638 2623 anchor
661 2561 696 2621 di
721 2560 797 2621 dire
821 2579 842 2620 a
867 2559 909 2620 V.
936 2559 971 2621 S.
1004 2559 1069 2620 che
1100 2559 1209 2620 molto
1240 2568 1295 2620 sto
1320 2579 1429 2620 mera·

148 2664 298 2746 vigliato
324 2667 368 2727 de
393 2687 463 2728 una
487 2669 613 2748 parola
636 2668 701 2728 che
726 2666 755 2728 si
786 2665 881 2748 legia
912 2667 1006 2726 nella
1035 2667 1163 2727 lettera
1196 2665 1253 2727 del
1284 2664 1430 2728 Triden-

149 2771 223 2834 tino
249 2773 342 2834 dove
367 2775 551 2836 soadendo
575 2795 596 2835 a
622 2771 658 2835 S.
685 2771 736 2836 Sl*
761 2774 932 2836 mandare
964 2792 1010 2834 un
1045 2774 1167 2853 legato
1199 2772 1278 2834 dice
1307 2773 1430 2834 chela

150 2899 220 2941 non
247 2881 339 2942 deve
360 2882 553 2943 retrahersi
579 2882 625 2943 da
654 2892 781 2961 questo
805 2880 887 2960 quia
912 2879 971 2960 qui
987 2890 1093 2941 antea
1117 2879 1212 2941 missi
1237 2892 1317 2941 sunt
1341 2879 1431 2942 fruc·

149 2998 206 3048 tus
222 2986 351 3050 afferre
375 2989 610 3067 nequiverunt
627 2999 663 3050 et
688 2987 801 3067 magis
826 2985 978 3048 ludibrio
1002 2986 1115 3048 habiti
1142 3000 1239 3055 sunt:
1263 2996 1298 3048 et
1319 2986 1431 3066 parmi

149 3095 216 3155 che
242 3114 306 3156 sua
330 3092 498 3175 Signoria
522 3096 631 3157 habia
655 3096 747 3157 male
771 3103 897 3174 pesate
922 3094 1039 3173 quelle
1063 3094 1188 3174 parole
1212 3094 1363 3173 perche,
1394 3103 1432 3153 ut

152 3201 198 3263 de
224 3221 278 3262 me
303 3201 436 3283 aliquid
461 3203 588 3280 dicam,
613 3201 646 3264 io
672 3222 741 3263 non
767 3200 874 3263 credo
899 3219 996 3261 esser
1021 3210 1113 3261 stato
1138 3198 1290 3261 ludibrio
1315 3219 1371 3260 ma
1396 3199 1431 3260 di

151 3309 261 3369 haver
294 3306 383 3369 fatto
422 3310 571 3388 qualche
610 3311 706 3369 bona
730 3327 859 3389 opera,
885 3307 920 3367 di
961 3309 1026 3369 che
1055 3316 1272 3368 certamente
1304 3327 1348 3367 ne
1383 3309 1429 3368 ho

150 3414 312 3475 avvisato
328 3414 359 3473 V
363 3468 369 3479 ,
384 3414 420 3475 S.
437 3426 472 3476 et
489 3415 525 3480 S.
549 3415 639 3486 Bne;
666 3424 701 3476 et
725 3415 862 3476 bench&
887 3433 955 3475 non
982 3414 1034 3475 sia
1058 3425 1112 3474 sta
1127 3413 1286 3475 extincta
1306 3422 1432 3493 questa

153 3520 291 3583 heresia
327 3531 363 3582 et
394 3521 594 3599 sedicione,
629 3523 665 3582 la
696 3522 800 3602 quale
831 3522 918 3601 pero
952 3540 1021 3581 non
1056 3539 1117 3581 era
1148 3519 1183 3581 in
1217 3531 1321 3599 poter
1350 3519 1431 3593 mio,

151 3646 219 3708 pur
243 3627 338 3689 dalla
360 3627 455 3689 dieta
480 3628 513 3689 di
533 3628 779 3707 Nuremberga
803 3646 871 3688 non
901 3627 929 3686 si
945 3625 1079 3707 riporto
1096 3625 1264 3688 obrohrio
1281 3627 1430 3697 alcuno;

154 3749 189 3795 et
215 3739 273 3814 qul
298 3736 393 3797 lasso
418 3735 464 3796 da
489 3745 592 3816 parte
616 3735 639 3796 li
664 3733 795 3796 assidui
828 3732 936 3795 officii
969 3744 1003 3794 et
1028 3753 1136 3814 opere
1161 3736 1227 3795 che
1252 3734 1432 3794 continua·

152 3853 270 3904 mente
292 3841 322 3903 si
347 3862 434 3904 sono
459 3841 564 3912 fatte;
600 3842 911 3923 particolarmente
948 3861 1013 3902 con
1043 3841 1124 3902 tutti
1148 3840 1171 3902 li
1197 3839 1346 3921 principi
1371 3839 1431 3900 alli

152 3949 247 4029 quali
270 3948 422 4030 predissi
440 3958 531 4010 tutto
555 3949 579 4010 il
603 3950 721 4011 danno
745 3959 780 4010 et
804 3948 952 4009 tumulto
977 3949 1042 4008 che
1067 3947 1126 4028 poi
1148 3946 1335 4027 eseguitO,
1361 3967 1429 4008 non

152 4056 336 4138 pigliando
361 4055 385 4117 li
410 4055 556 4117 remedii
580 4058 646 4118 che
671 4055 694 4116 li
718 4074 944 4137 proponeva;
976 4053 1012 4115 di
1043 4055 1108 4115 che
1140 4074 1204 4116 son
1237 4064 1334 4116 certo
1366 4055 1431 4115 che

152 4162 392 4225 ciaschaduno
417 4183 461 4223 ne
479 4161 603 4242 tenghi
619 4163 738 4223 buona
754 4161 931 4240 memoria,
957 4161 1087 4242 perche
1113 4161 1172 4243 poi
1196 4162 1267 4222 alla
1282 4158 1352 4221 fine
1368 4180 1432 4242 per

155 4269 251 4332 lorza
274 4269 394 4331 hanno
419 4268 509 4330 fatto
534 4270 652 4348 quello
677 4269 743 4330 che
769 4269 814 4330 da
838 4267 1013 4349 principio
1039 4270 1202 4330 doveano
1227 4277 1263 4329 et
1275 4278 1430 4348 poteano

152 4374 213 4457 piri
236 4375 439 4438 facilmente
463 4373 551 4437 sare.
597 4374 651 4437 Ne
676 4374 734 4456 qui
770 4375 846 4437 diro
881 4376 1035 4437 anchora
1067 4375 1112 4436 de
1142 4375 1176 4436 la
1204 4373 1431 4436 conclusione

153 4485 218 4546 che
243 4482 273 4546 si
297 4481 375 4546 fece
400 4481 435 4545 in
460 4481 661 4563 Ratispona
686 4484 721 4543 la
736 4483 840 4562 quale
857 4493 1004 4544 retenne
1024 4481 1122 4543 molti
1149 4481 1195 4542 de
1212 4480 1292 4562 quei
1309 4481 1430 4562 luoghi

153 4591 218 4653 che
234 4609 306 4652 non
331 4609 419 4652 sono
444 4589 483 4650 iti
508 4591 565 4651 nel
589 4587 777 4670 precipitio
794 4587 863 4649 deli
880 4588 971 4668 altri,
989 4599 1024 4651 et
1038 4587 1247 4650 similmente
1263 4587 1298 4648 di
1314 4588 1431 4667 quello

154 4697 220 4759 che
244 4695 274 4758 si
297 4693 377 4757 fece
400 4696 435 4757 in
461 4695 606 4757 Austria
630 4714 695 4757 con
721 4694 741 4756 l'
758 4695 889 4757 andata
913 4695 982 4758 mia
1005 4695 1041 4757 in
1072 4695 1213 4758 Vienna
1246 4693 1431 4756 retinendo

153 4813 243 4867 tutta
281 4804 401 4886 quella
439 4812 541 4883 parte
584 4803 619 4863 la
661 4802 766 4881 quale
802 4816 863 4863 era
902 4821 968 4883 per
1006 4802 1124 4883 perire
1157 4821 1257 4863 corne
1291 4800 1312 4862 l'
1342 4801 1431 4863 altre

1219 4906 1270 4963 34*
