<?xml version="1.0" encoding="UTF-8"?>
<!DOCTYPE html PUBLIC "-//W3C//DTD XHTML 1.0 Transitional//EN"
    "http://www.w3.org/TR/xhtml1/DTD/xhtml1-transitional.dtd">
<html xmlns="http://www.w3.org/1999/xhtml" xml:lang="en" lang="en">
 <head>
  <title>
</title>
<meta http-equiv="Content-Type" content="text/html;charset=utf-8" />
  <meta name='ocr-system' content='tesseract 3.04.00' />
  <meta name='ocr-capabilities' content='ocr_page ocr_carea ocr_par ocr_line ocrx_word'/>
</head>
<body>
  <div class='ocr_page' id='page_1' title='image "./monumentareform00vatigoog_0107.png"; bbox 0 0 3330 5580; ppageno 0'>
   <div class='ocr_carea' id='block_1_1' title="bbox 715 459 943 514">
    <p class='ocr_par' dir='ltr' id='par_1_1' title="bbox 715 459 943 514">
     <span class='ocr_line' id='line_1_1' title="bbox 715 459 943 514; baseline -0.009 0"><span class='ocrx_word' id='word_1_1' title='bbox 715 459 772 514; x_wconf 47' lang='grc' dir='ltr'>ω</span> <span class='ocrx_word' id='word_1_2' title='bbox 811 460 845 513; x_wconf 75' lang='lat' dir='ltr'><strong>m</strong></span> <span class='ocrx_word' id='word_1_3' title='bbox 885 459 943 513; x_wconf 70' lang='lat' dir='ltr'><strong>co</strong></span> 
     </span>
    </p>
   </div>
   <div class='ocr_carea' id='block_1_2' title="bbox 110 604 1470 2292">
    <p class='ocr_par' dir='ltr' id='par_1_2' title="bbox 110 604 1469 1416">
     <span class='ocr_line' id='line_1_2' title="bbox 187 604 1468 687; baseline 0.003 -21"><span class='ocrx_word' id='word_1_4' title='bbox 187 604 288 686; x_wconf 87' lang='lat' dir='ltr'><strong>paria</strong></span> <span class='ocrx_word' id='word_1_5' title='bbox 324 608 435 668; x_wconf 89' lang='lat' dir='ltr'><strong>verba</strong></span> <span class='ocrx_word' id='word_1_6' title='bbox 473 625 551 669; x_wconf 90' lang='lat' dir='ltr'><strong>esse</strong></span> <span class='ocrx_word' id='word_1_7' title='bbox 585 606 681 668; x_wconf 89' lang='lat' dir='ltr'><strong>nulla</strong></span> <span class='ocrx_word' id='word_1_8' title='bbox 713 617 863 687; x_wconf 89' lang='lat' dir='ltr'><strong>possunt</strong></span> <span class='ocrx_word' id='word_1_9' title='bbox 895 606 1025 686; x_wconf 90' lang='lat' dir='ltr'><strong>nostris</strong></span> <span class='ocrx_word' id='word_1_10' title='bbox 1055 606 1188 670; x_wconf 90' lang='lat' dir='ltr'><strong>eisdem</strong></span> <span class='ocrx_word' id='word_1_11' title='bbox 1218 605 1358 670; x_wconf 79' lang='lat' dir='ltr'><strong>Nuntiis</strong></span> <span class='ocrx_word' id='word_1_12' title='bbox 1387 618 1468 670; x_wconf 86' lang='lat' dir='ltr'><strong>tuae</strong></span> 
     </span>
     <span class='ocr_line' id='line_1_3' title="bbox 187 711 1467 794; baseline 0.005 -21"><span class='ocrx_word' id='word_1_13' title='bbox 187 711 365 793; x_wconf 75' lang='lat' dir='ltr'><strong>Maiestati</strong></span> <span class='ocrx_word' id='word_1_14' title='bbox 381 711 485 774; x_wconf 88' lang='lat' dir='ltr'><strong>latius</strong></span> <span class='ocrx_word' id='word_1_15' title='bbox 501 714 716 794; x_wconf 87' lang='lat' dir='ltr'><strong>exponenda</strong></span> <span class='ocrx_word' id='word_1_16' title='bbox 728 713 991 778; x_wconf 78' lang='lat' dir='ltr'><strong>commissimus</strong></span> <span class='ocrx_word' id='word_1_17' title='bbox 1024 715 1219 778; x_wconf 82' lang='lat' dir='ltr'>Hortamur</span> <span class='ocrx_word' id='word_1_18' title='bbox 1242 735 1320 779; x_wconf 86' lang='lat' dir='ltr'><strong>earn</strong></span> <span class='ocrx_word' id='word_1_19' title='bbox 1343 716 1380 779; x_wconf 95' lang='lat' dir='ltr'><strong>in</strong></span> <span class='ocrx_word' id='word_1_20' title='bbox 1399 716 1467 779; x_wconf 93' lang='lat' dir='ltr'><strong>Do·</strong></span> 
     </span>
     <span class='ocr_line' id='line_1_4' title="bbox 110 818 1469 898; baseline 0.004 -19"><span class='ocrx_word' id='word_1_21' title='bbox 110 889 111 892; x_wconf 10' lang='lat'>¹</span> <span class='ocrx_word' id='word_1_22' title='bbox 187 818 282 880; x_wconf 91' lang='lat' dir='ltr'><strong>mino</strong></span> <span class='ocrx_word' id='word_1_23' title='bbox 315 828 353 881; x_wconf 93' lang='lat' dir='ltr'><strong>ut</strong></span> <span class='ocrx_word' id='word_1_24' title='bbox 383 839 462 881; x_wconf 86' lang='lat' dir='ltr'><strong>curn</strong></span> <span class='ocrx_word' id='word_1_25' title='bbox 495 819 546 882; x_wconf 90' lang='lat' dir='ltr'><strong>eis</strong></span> <span class='ocrx_word' id='word_1_26' title='bbox 577 818 683 881; x_wconf 91' lang='lat' dir='ltr'><strong>fidem</strong></span> <span class='ocrx_word' id='word_1_27' title='bbox 707 839 846 882; x_wconf 88' lang='lat' dir='ltr'><strong>omnem</strong></span> <span class='ocrx_word' id='word_1_28' title='bbox 870 821 1023 898; x_wconf 91' lang='lat' dir='ltr'><strong>habere,</strong></span> <span class='ocrx_word' id='word_1_29' title='bbox 1057 831 1130 884; x_wconf 90' lang='lat' dir='ltr'><strong>tum</strong></span> <span class='ocrx_word' id='word_1_30' title='bbox 1155 821 1318 886; x_wconf 87' lang='lat' dir='ltr'><strong>insistere</strong></span> <span class='ocrx_word' id='word_1_31' title='bbox 1343 820 1469 884; x_wconf 91' lang='lat' dir='ltr'><strong>eadem</strong></span> 
     </span>
     <span class='ocr_line' id='line_1_5' title="bbox 187 925 1468 1010; baseline 0.002 -23"><span class='ocrx_word' id='word_1_32' title='bbox 187 925 377 1006; x_wconf 91' lang='lat' dir='ltr'><strong>prudentia</strong></span> <span class='ocrx_word' id='word_1_33' title='bbox 413 936 448 989; x_wconf 91' lang='lat' dir='ltr'><strong>et</strong></span> <span class='ocrx_word' id='word_1_34' title='bbox 483 926 617 1009; x_wconf 91' lang='lat' dir='ltr'><strong>pietate</strong></span> <span class='ocrx_word' id='word_1_35' title='bbox 652 925 757 1005; x_wconf 90' lang='lat' dir='ltr'><strong>velit,</strong></span> <span class='ocrx_word' id='word_1_36' title='bbox 793 936 831 989; x_wconf 92' lang='lat' dir='ltr'><strong>ut</strong></span> <span class='ocrx_word' id='word_1_37' title='bbox 863 947 934 990; x_wconf 88' lang='lat' dir='ltr'><strong>una</strong></span> <span class='ocrx_word' id='word_1_38' title='bbox 969 926 1124 990; x_wconf 91' lang='lat' dir='ltr'><strong>omnium</strong></span> <span class='ocrx_word' id='word_1_39' title='bbox 1156 929 1299 1010; x_wconf 91' lang='lat' dir='ltr'><strong>quidem</strong></span> <span class='ocrx_word' id='word_1_40' title='bbox 1331 928 1361 992; x_wconf 88' lang='lat' dir='ltr'><strong>si</strong></span> <span class='ocrx_word' id='word_1_41' title='bbox 1392 927 1468 991; x_wconf 88' lang='lat' dir='ltr'><strong>fieri</strong></span> 
     </span>
     <span class='ocr_line' id='line_1_6' title="bbox 187 1032 1468 1114; baseline 0.003 -20"><span class='ocrx_word' id='word_1_42' title='bbox 187 1042 306 1113; x_wconf 90' lang='lat' dir='ltr'><strong>potest</strong></span> <span class='ocrx_word' id='word_1_43' title='bbox 336 1033 468 1113; x_wconf 91' lang='lat' dir='ltr'><strong>salute,</strong></span> <span class='ocrx_word' id='word_1_44' title='bbox 499 1033 553 1096; x_wconf 92' lang='lat' dir='ltr'><strong>sin</strong></span> <span class='ocrx_word' id='word_1_45' title='bbox 585 1052 670 1095; x_wconf 90' lang='lat' dir='ltr'><strong>vero</strong></span> <span class='ocrx_word' id='word_1_46' title='bbox 702 1053 807 1114; x_wconf 92' lang='lat' dir='ltr'><strong>quam</strong></span> <span class='ocrx_word' id='word_1_47' title='bbox 839 1032 983 1096; x_wconf 91' lang='lat' dir='ltr'><strong>minimo</strong></span> <span class='ocrx_word' id='word_1_48' title='bbox 1015 1054 1093 1097; x_wconf 93' lang='lat' dir='ltr'><strong>cum</strong></span> <span class='ocrx_word' id='word_1_49' title='bbox 1126 1036 1338 1099; x_wconf 89' lang='lat' dir='ltr'><strong>detrimento</strong></span> <span class='ocrx_word' id='word_1_50' title='bbox 1363 1035 1468 1112; x_wconf 88' lang='lat' dir='ltr'><strong>etiam</strong></span> 
     </span>
     <span class='ocr_line' id='line_1_7' title="bbox 188 1140 1466 1225; baseline 0.005 -25"><span class='ocrx_word' id='word_1_51' title='bbox 188 1140 446 1221; x_wconf 91' lang='lat' dir='ltr'><strong>improborum,</strong></span> <span class='ocrx_word' id='word_1_52' title='bbox 480 1141 650 1203; x_wconf 89' lang='lat' dir='ltr'><strong>inviolata</strong></span> <span class='ocrx_word' id='word_1_53' title='bbox 682 1150 717 1203; x_wconf 88' lang='lat' dir='ltr'><strong>et</strong></span> <span class='ocrx_word' id='word_1_54' title='bbox 748 1141 860 1204; x_wconf 89' lang='lat' dir='ltr'><strong>libera</strong></span> <span class='ocrx_word' id='word_1_55' title='bbox 891 1141 926 1204; x_wconf 91' lang='lat' dir='ltr'><strong>in</strong></span> <span class='ocrx_word' id='word_1_56' title='bbox 956 1162 1020 1204; x_wconf 92' lang='lat' dir='ltr'><strong>sua</strong></span> <span class='ocrx_word' id='word_1_57' title='bbox 1042 1141 1194 1207; x_wconf 88' lang='lat' dir='ltr'><strong>veritate</strong></span> <span class='ocrx_word' id='word_1_58' title='bbox 1217 1152 1254 1205; x_wconf 88' lang='lat' dir='ltr'><strong>et</strong></span> <span class='ocrx_word' id='word_1_59' title='bbox 1276 1163 1367 1225; x_wconf 90' lang='lat' dir='ltr'><strong>pace</strong></span> <span class='ocrx_word' id='word_1_60' title='bbox 1390 1163 1466 1224; x_wconf 88' lang='lat' dir='ltr'><strong>per-</strong></span> 
     </span>
     <span class='ocr_line' id='line_1_8' title="bbox 187 1245 1464 1328; baseline 0.002 -20"><span class='ocrx_word' id='word_1_61' title='bbox 187 1256 328 1309; x_wconf 90' lang='lat' dir='ltr'><strong>maneat</strong></span> <span class='ocrx_word' id='word_1_62' title='bbox 343 1255 466 1309; x_wconf 88' lang='lat' dir='ltr'><strong>sancta</strong></span> <span class='ocrx_word' id='word_1_63' title='bbox 482 1245 571 1309; x_wconf 88' lang='lat' dir='ltr'><strong>fides</strong></span> <span class='ocrx_word' id='word_1_64' title='bbox 587 1247 772 1311; x_wconf 84' lang='lat' dir='ltr'><strong>catholica.</strong></span> <span class='ocrx_word' id='word_1_65' title='bbox 799 1249 879 1313; x_wconf 86' lang='lat' dir='ltr'><strong>Dat.</strong></span> <span class='ocrx_word' id='word_1_66' title='bbox 895 1249 1038 1313; x_wconf 86' lang='lat' dir='ltr'><strong>Romae</strong></span> <span class='ocrx_word' id='word_1_67' title='bbox 1054 1248 1112 1312; x_wconf 91' lang='lat' dir='ltr'><strong>die</strong></span> <span class='ocrx_word' id='word_1_68' title='bbox 1127 1248 1244 1312; x_wconf 90' lang='lat' dir='ltr'><strong>XXV</strong></span> <span class='ocrx_word' id='word_1_69' title='bbox 1258 1249 1364 1313; x_wconf 86' lang='lat' dir='ltr'><strong>Febr.</strong></span> <span class='ocrx_word' id='word_1_70' title='bbox 1386 1270 1464 1328; x_wconf 83' lang='lat'>1521</span> 
     </span>
     <span class='ocr_line' id='line_1_9' title="bbox 189 1362 446 1416; baseline 0.012 -3"><span class='ocrx_word' id='word_1_71' title='bbox 189 1372 283 1414; x_wconf 91' lang='lat' dir='ltr'><strong>anno</strong></span> <span class='ocrx_word' id='word_1_72' title='bbox 308 1362 446 1416; x_wconf 81' lang='lat' dir='ltr'><strong>octavo</strong></span> 
     </span>
    </p>

    <p class='ocr_par' dir='ltr' id='par_1_3' title="bbox 187 1458 1470 2292">
     <span class='ocr_line' id='line_1_10' title="bbox 277 1458 1469 1546; baseline 0.003 -24"><span class='ocrx_word' id='word_1_73' title='bbox 277 1461 316 1543; x_wconf 80' lang='lat'><strong>(¹)</strong></span> <span class='ocrx_word' id='word_1_74' title='bbox 341 1458 449 1524; x_wconf 85' lang='lat' dir='ltr'><strong>Sume</strong></span> <span class='ocrx_word' id='word_1_75' title='bbox 466 1481 564 1523; x_wconf 90' lang='lat' dir='ltr'><strong>arma</strong></span> <span class='ocrx_word' id='word_1_76' title='bbox 580 1472 617 1524; x_wconf 90' lang='lat' dir='ltr'><strong>et</strong></span> <span class='ocrx_word' id='word_1_77' title='bbox 632 1471 778 1540; x_wconf 90' lang='lat' dir='ltr'><strong>scutum,</strong></span> <span class='ocrx_word' id='word_1_78' title='bbox 802 1460 853 1524; x_wconf 92' lang='lat' dir='ltr'><strong>fili</strong></span> <span class='ocrx_word' id='word_1_79' title='bbox 870 1462 1085 1544; x_wconf 85' lang='lat' dir='ltr'><strong>charissime,</strong></span> <span class='ocrx_word' id='word_1_80' title='bbox 1104 1472 1256 1546; x_wconf 88' lang='lat' dir='ltr'><strong>protege</strong></span> <span class='ocrx_word' id='word_1_81' title='bbox 1273 1463 1469 1528; x_wconf 85' lang='lat' dir='ltr'><strong>Ecclesiam</strong></span> 
     </span>
     <span class='ocr_line' id='line_1_11' title="bbox 188 1566 1470 1648; baseline 0.003 -20"><span class='ocrx_word' id='word_1_82' title='bbox 188 1566 317 1629; x_wconf 87' lang='lat' dir='ltr'><strong>Christi</strong></span> <span class='ocrx_word' id='word_1_83' title='bbox 343 1568 494 1648; x_wconf 91' lang='lat' dir='ltr'><strong>domini,</strong></span> <span class='ocrx_word' id='word_1_84' title='bbox 527 1581 564 1630; x_wconf 90' lang='lat' dir='ltr'><strong>ut</strong></span> <span class='ocrx_word' id='word_1_85' title='bbox 587 1569 735 1632; x_wconf 87' lang='lat' dir='ltr'><strong>sublatis</strong></span> <span class='ocrx_word' id='word_1_86' title='bbox 760 1568 901 1632; x_wconf 82' lang='lat' dir='ltr'><strong>zizaniis</strong></span> <span class='ocrx_word' id='word_1_87' title='bbox 923 1570 1138 1634; x_wconf 84' lang='lat' dir='ltr'><strong>frumentum</strong></span> <span class='ocrx_word' id='word_1_88' title='bbox 1163 1591 1326 1634; x_wconf 90' lang='lat' dir='ltr'><strong>crescere</strong></span> <span class='ocrx_word' id='word_1_89' title='bbox 1350 1573 1470 1633; x_wconf 91' lang='lat' dir='ltr'><strong>valeat</strong></span> 
     </span>
     <span class='ocr_line' id='line_1_12' title="bbox 188 1673 1468 1760; baseline 0.005 -25"><span class='ocrx_word' id='word_1_90' title='bbox 188 1684 223 1735; x_wconf 90' lang='lat' dir='ltr'><strong>et</strong></span> <span class='ocrx_word' id='word_1_91' title='bbox 248 1673 380 1756; x_wconf 86' lang='lat' dir='ltr'><strong>fugatis</strong></span> <span class='ocrx_word' id='word_1_92' title='bbox 403 1675 542 1738; x_wconf 89' lang='lat' dir='ltr'><strong>nebulis</strong></span> <span class='ocrx_word' id='word_1_93' title='bbox 566 1675 739 1739; x_wconf 86' lang='lat' dir='ltr'><strong>serenitas</strong></span> <span class='ocrx_word' id='word_1_94' title='bbox 764 1676 967 1758; x_wconf 89' lang='lat' dir='ltr'><strong>tranquilla,</strong></span> <span class='ocrx_word' id='word_1_95' title='bbox 992 1677 1026 1738; x_wconf 93' lang='lat' dir='ltr'><strong>in</strong></span> <span class='ocrx_word' id='word_1_96' title='bbox 1051 1677 1120 1740; x_wconf 87' lang='lat' dir='ltr'><strong>ista</strong></span> <span class='ocrx_word' id='word_1_97' title='bbox 1143 1688 1205 1741; x_wconf 91' lang='lat' dir='ltr'><strong>tua</strong></span> <span class='ocrx_word' id='word_1_98' title='bbox 1227 1678 1363 1760; x_wconf 88' lang='lat' dir='ltr'><strong>inclyta</strong></span> <span class='ocrx_word' id='word_1_99' title='bbox 1383 1676 1468 1741; x_wconf 88' lang='lat' dir='ltr'><strong>Ger·</strong></span> 
     </span>
     <span class='ocr_line' id='line_1_13' title="bbox 187 1781 1468 1865; baseline 0.004 -23"><span class='ocrx_word' id='word_1_100' title='bbox 187 1781 303 1843; x_wconf 88' lang='lat' dir='ltr'><strong>mania</strong></span> <span class='ocrx_word' id='word_1_101' title='bbox 334 1782 553 1854; x_wconf 87' lang='lat' dir='ltr'><strong>restituatur;</strong></span> <span class='ocrx_word' id='word_1_102' title='bbox 595 1792 649 1847; x_wconf 91' lang='lat' dir='ltr'><strong>est</strong></span> <span class='ocrx_word' id='word_1_103' title='bbox 678 1785 744 1846; x_wconf 91' lang='lat' dir='ltr'><strong>hoc</strong></span> <span class='ocrx_word' id='word_1_104' title='bbox 777 1782 990 1847; x_wconf 85' lang='lat' dir='ltr'><strong>christianae</strong></span> <span class='ocrx_word' id='word_1_105' title='bbox 1023 1784 1188 1865; x_wconf 86' lang='lat' dir='ltr'><strong>religioni</strong></span> <span class='ocrx_word' id='word_1_106' title='bbox 1219 1784 1468 1864; x_wconf 88' lang='lat' dir='ltr'><strong>necessarium,</strong></span> 
     </span>
     <span class='ocr_line' id='line_1_14' title="bbox 187 1888 1467 1973; baseline 0.005 -25"><span class='ocrx_word' id='word_1_107' title='bbox 187 1888 251 1949; x_wconf 91' lang='lat' dir='ltr'><strong>tibi</strong></span> <span class='ocrx_word' id='word_1_108' title='bbox 276 1888 518 1970; x_wconf 88' lang='lat' dir='ltr'><strong>honorificum,</strong></span> <span class='ocrx_word' id='word_1_109' title='bbox 548 1889 651 1953; x_wconf 92' lang='lat' dir='ltr'><strong>nobis</strong></span> <span class='ocrx_word' id='word_1_110' title='bbox 675 1909 762 1971; x_wconf 89' lang='lat' dir='ltr'><strong>erga</strong></span> <span class='ocrx_word' id='word_1_111' title='bbox 786 1890 1010 1971; x_wconf 89' lang='lat' dir='ltr'><strong>Majestatem</strong></span> <span class='ocrx_word' id='word_1_112' title='bbox 1035 1902 1130 1954; x_wconf 91' lang='lat' dir='ltr'><strong>tuam</strong></span> <span class='ocrx_word' id='word_1_113' title='bbox 1155 1912 1310 1954; x_wconf 89' lang='lat' dir='ltr'><strong>summae</strong></span> <span class='ocrx_word' id='word_1_114' title='bbox 1334 1891 1467 1973; x_wconf 92' lang='lat' dir='ltr'><strong>obliga·</strong></span> 
     </span>
     <span class='ocr_line' id='line_1_15' title="bbox 188 1993 1468 2080; baseline 0.005 -25"><span class='ocrx_word' id='word_1_115' title='bbox 188 1993 293 2057; x_wconf 91' lang='lat' dir='ltr'><strong>tionis</strong></span> <span class='ocrx_word' id='word_1_116' title='bbox 317 1997 407 2076; x_wconf 89' lang='lat' dir='ltr'><strong>loco,</strong></span> <span class='ocrx_word' id='word_1_117' title='bbox 431 2017 566 2059; x_wconf 93' lang='lat' dir='ltr'><strong>summo</strong></span> <span class='ocrx_word' id='word_1_118' title='bbox 591 2017 677 2060; x_wconf 91' lang='lat' dir='ltr'><strong>vero</strong></span> <span class='ocrx_word' id='word_1_119' title='bbox 692 1997 771 2060; x_wconf 90' lang='lat' dir='ltr'><strong>Deo</strong></span> <span class='ocrx_word' id='word_1_120' title='bbox 796 1999 948 2061; x_wconf 84' lang='lat' dir='ltr'><strong>creatori</strong></span> <span class='ocrx_word' id='word_1_121' title='bbox 973 2009 1094 2062; x_wconf 90' lang='lat' dir='ltr'><strong>nostro</strong></span> <span class='ocrx_word' id='word_1_122' title='bbox 1119 2009 1156 2062; x_wconf 95' lang='lat' dir='ltr'><strong>ut</strong></span> <span class='ocrx_word' id='word_1_123' title='bbox 1172 1999 1347 2063; x_wconf 90' lang='lat' dir='ltr'><strong>credimus</strong></span> <span class='ocrx_word' id='word_1_124' title='bbox 1363 2019 1468 2080; x_wconf 90' lang='lat' dir='ltr'><strong>quam</strong></span> 
     </span>
     <span class='ocr_line' id='line_1_16' title="bbox 187 2102 1468 2188; baseline 0.005 -26"><span class='ocrx_word' id='word_1_125' title='bbox 187 2102 443 2183; x_wconf 87' lang='lat' dir='ltr'><strong>gratissimum,</strong></span> <span class='ocrx_word' id='word_1_126' title='bbox 477 2105 573 2185; x_wconf 92' lang='lat' dir='ltr'><strong>apud</strong></span> <span class='ocrx_word' id='word_1_127' title='bbox 605 2125 709 2186; x_wconf 90' lang='lat' dir='ltr'><strong>quem</strong></span> <span class='ocrx_word' id='word_1_128' title='bbox 729 2105 859 2186; x_wconf 90' lang='lat' dir='ltr'><strong>justum</strong></span> <span class='ocrx_word' id='word_1_129' title='bbox 880 2107 1034 2186; x_wconf 88' lang='lat' dir='ltr'><strong>judicem</strong></span> <span class='ocrx_word' id='word_1_130' title='bbox 1060 2106 1258 2188; x_wconf 90' lang='lat' dir='ltr'><strong>depositum</strong></span> <span class='ocrx_word' id='word_1_131' title='bbox 1283 2107 1348 2169; x_wconf 92' lang='lat' dir='ltr'><strong>tibi</strong></span> <span class='ocrx_word' id='word_1_132' title='bbox 1372 2107 1468 2169; x_wconf 89' lang='lat' dir='ltr'><strong>illae·</strong></span> 
     </span>
     <span class='ocr_line' id='line_1_17' title="bbox 187 2210 999 2292; baseline 0.005 -21"><span class='ocrx_word' id='word_1_133' title='bbox 187 2229 262 2271; x_wconf 88' lang='lat' dir='ltr'><strong>sum</strong></span> <span class='ocrx_word' id='word_1_134' title='bbox 288 2210 599 2292; x_wconf 87' lang='lat' dir='ltr'><strong>multipliciterque</strong></span> <span class='ocrx_word' id='word_1_135' title='bbox 624 2221 764 2275; x_wconf 90' lang='lat' dir='ltr'><strong>auctum</strong></span> <span class='ocrx_word' id='word_1_136' title='bbox 789 2212 999 2275; x_wconf 90' lang='lat' dir='ltr'><strong>servabitur.</strong></span> 
     </span>
    </p>
   </div>
   <div class='ocr_carea' id='block_1_3' title="bbox 721 2407 926 2420">
    <p class='ocr_par' dir='ltr' id='par_1_4' title="bbox 721 2407 926 2420">
     <span class='ocr_line' id='line_1_18' title="bbox 721 2407 926 2420; baseline -0.01 0"><span class='ocrx_word' id='word_1_137' title='bbox 721 2407 926 2420; x_wconf 46' lang='lat' dir='ltr'><strong>mmo&amp;</strong></span> 
     </span>
    </p>
   </div>
   <div class='ocr_carea' id='block_1_4' title="bbox 802 2639 855 2705">
    <p class='ocr_par' dir='ltr' id='par_1_5' title="bbox 802 2639 855 2705">
     <span class='ocr_line' id='line_1_19' title="bbox 802 2639 855 2705; baseline 0.038 -3"><span class='ocrx_word' id='word_1_138' title='bbox 802 2639 855 2705; x_wconf 78' lang='lat'><strong>27.</strong></span> 
     </span>
    </p>
   </div>
   <div class='ocr_carea' id='block_1_5' title="bbox 522 2755 1131 2858">
    <p class='ocr_par' dir='ltr' id='par_1_6' title="bbox 522 2755 1131 2858">
     <span class='ocr_line' id='line_1_20' title="bbox 522 2755 1131 2858; baseline 0.002 -22"><span class='ocrx_word' id='word_1_139' title='bbox 522 2756 588 2836; x_wconf 81' lang='lat' dir='ltr'><strong>Leo</strong></span> <span class='ocrx_word' id='word_1_140' title='bbox 617 2756 659 2837; x_wconf 78' lang='lat' dir='ltr'><strong>X.</strong></span> <span class='ocrx_word' id='word_1_141' title='bbox 688 2755 876 2858; x_wconf 82' lang='lat' dir='ltr'><strong>princibus</strong></span> <span class='ocrx_word' id='word_1_142' title='bbox 903 2756 1131 2857; x_wconf 82' lang='lat' dir='ltr'><strong>germanicis.</strong></span> 
     </span>
    </p>
   </div>
   <div class='ocr_carea' id='block_1_6' title="bbox 631 2902 1025 3074">
    <p class='ocr_par' dir='ltr' id='par_1_7' title="bbox 631 2902 1025 3074">
     <span class='ocr_line' id='line_1_21' title="bbox 631 2902 1025 2975; baseline -0.005 -13"><span class='ocrx_word' id='word_1_143' title='bbox 631 2903 731 2975; x_wconf 75' lang='lat' dir='ltr'><strong>(Nunc.</strong></span> <span class='ocrx_word' id='word_1_144' title='bbox 751 2903 840 2962; x_wconf 72' lang='lat' dir='ltr'><strong>eom</strong></span> <span class='ocrx_word' id='word_1_145' title='bbox 858 2902 889 2960; x_wconf 67' lang='grc' dir='ltr'><strong>Ι..</strong></span> <span class='ocrx_word' id='word_1_146' title='bbox 909 2902 954 2962; x_wconf 81' lang='lat' dir='ltr'><strong>fol.</strong></span> <span class='ocrx_word' id='word_1_147' title='bbox 974 2903 1025 2974; x_wconf 77' lang='lat'>24.)</span> 
     </span>
     <span class='ocr_line' id='line_1_22' title="bbox 678 3003 969 3074; baseline -0.007 -19"><span class='ocrx_word' id='word_1_148' title='bbox 678 3004 797 3074; x_wconf 81' lang='lat' dir='ltr'><strong>(Romae</strong></span> <span class='ocrx_word' id='word_1_149' title='bbox 816 3015 858 3067; x_wconf 80' lang='lat'><strong>25.</strong></span> <span class='ocrx_word' id='word_1_150' title='bbox 879 3003 969 3072; x_wconf 86' lang='lat' dir='ltr'><strong>Febr.)</strong></span> 
     </span>
    </p>
   </div>
   <div class='ocr_carea' id='block_1_7' title="bbox 401 3102 995 3186">
    <p class='ocr_par' dir='ltr' id='par_1_8' title="bbox 401 3102 995 3186">
     <span class='ocr_line' id='line_1_23' title="bbox 401 3102 995 3186; baseline -0.002 -20"><span class='ocrx_word' id='word_1_151' title='bbox 401 3103 592 3184; x_wconf 88' lang='lat' dir='ltr'><strong>Cardinali,</strong></span> <span class='ocrx_word' id='word_1_152' title='bbox 617 3103 808 3186; x_wconf 90' lang='lat' dir='ltr'><strong>Episcopo,</strong></span> <span class='ocrx_word' id='word_1_153' title='bbox 832 3102 995 3183; x_wconf 63' lang='lat' dir='ltr'><strong>Nobilit).</strong></span> 
     </span>
    </p>
   </div>
   <div class='ocr_carea' id='block_1_8' title="bbox 187 3227 1468 4382">
    <p class='ocr_par' dir='ltr' id='par_1_9' title="bbox 187 3227 1468 4382">
     <span class='ocr_line' id='line_1_24' title="bbox 277 3227 1468 3308; baseline -0.001 -17"><span class='ocrx_word' id='word_1_154' title='bbox 277 3229 520 3292; x_wconf 87' lang='lat' dir='ltr'><strong>Intelleximus</strong></span> <span class='ocrx_word' id='word_1_155' title='bbox 545 3251 590 3292; x_wconf 83' lang='lat' dir='ltr'><strong>ex</strong></span> <span class='ocrx_word' id='word_1_156' title='bbox 605 3229 731 3292; x_wconf 89' lang='lat' dir='ltr'><strong>litteris</strong></span> <span class='ocrx_word' id='word_1_157' title='bbox 748 3229 956 3291; x_wconf 87' lang='lat' dir='ltr'><strong>dilectorum</strong></span> <span class='ocrx_word' id='word_1_158' title='bbox 973 3227 1123 3290; x_wconf 89' lang='lat' dir='ltr'><strong>filiorum</strong></span> <span class='ocrx_word' id='word_1_159' title='bbox 1139 3227 1269 3290; x_wconf 88' lang='lat' dir='ltr'><strong>Marini</strong></span> <span class='ocrx_word' id='word_1_160' title='bbox 1282 3227 1468 3308; x_wconf 86' lang='lat' dir='ltr'><strong>Caracioli,</strong></span> 
     </span>
     <span class='ocr_line' id='line_1_25' title="bbox 189 3334 1467 3417; baseline 0.001 -20"><span class='ocrx_word' id='word_1_161' title='bbox 189 3345 224 3397; x_wconf 91' lang='lat' dir='ltr'><strong>et</strong></span> <span class='ocrx_word' id='word_1_162' title='bbox 259 3335 456 3399; x_wconf 88' lang='lat' dir='ltr'><strong>Hieronimi</strong></span> <span class='ocrx_word' id='word_1_163' title='bbox 492 3335 665 3400; x_wconf 90' lang='lat' dir='ltr'><strong>Aleandri</strong></span> <span class='ocrx_word' id='word_1_164' title='bbox 700 3335 916 3399; x_wconf 92' lang='lat' dir='ltr'><strong>Nunciorum</strong></span> <span class='ocrx_word' id='word_1_165' title='bbox 952 3334 1181 3417; x_wconf 90' lang='lat' dir='ltr'><strong>Nostrorum,</strong></span> <span class='ocrx_word' id='word_1_166' title='bbox 1221 3355 1291 3416; x_wconf 90' lang='lat' dir='ltr'><strong>qua</strong></span> <span class='ocrx_word' id='word_1_167' title='bbox 1327 3335 1467 3416; x_wconf 89' lang='lat' dir='ltr'><strong>virtute,</strong></span> 
     </span>
     <span class='ocr_line' id='line_1_26' title="bbox 187 3438 1467 3524; baseline 0.001 -19"><span class='ocrx_word' id='word_1_168' title='bbox 187 3442 364 3505; x_wconf 82' lang='lat' dir='ltr'><strong>Nobilitas</strong></span> <span class='ocrx_word' id='word_1_169' title='bbox 397 3452 457 3505; x_wconf 89' lang='lat' dir='ltr'><strong>tua</strong></span> <span class='ocrx_word' id='word_1_170' title='bbox 489 3444 524 3506; x_wconf 88' lang='lat' dir='ltr'><strong>in</strong></span> <span class='ocrx_word' id='word_1_171' title='bbox 559 3463 666 3505; x_wconf 89' lang='lat' dir='ltr'><strong>causa</strong></span> <span class='ocrx_word' id='word_1_172' title='bbox 700 3463 770 3505; x_wconf 94' lang='lat' dir='ltr'><strong>non</strong></span> <span class='ocrx_word' id='word_1_173' title='bbox 799 3444 912 3506; x_wconf 91' lang='lat' dir='ltr'><strong>solum</strong></span> <span class='ocrx_word' id='word_1_174' title='bbox 936 3452 1058 3505; x_wconf 89' lang='lat' dir='ltr'><strong>nostra</strong></span> <span class='ocrx_word' id='word_1_175' title='bbox 1082 3438 1258 3523; x_wconf 90' lang='lat' dir='ltr'><strong>Sedisque</strong></span> <span class='ocrx_word' id='word_1_176' title='bbox 1283 3441 1347 3504; x_wconf 58' lang='grc' dir='ltr'><strong>ΒΜ</strong></span> <span class='ocrx_word' id='word_1_177' title='bbox 1371 3443 1467 3524; x_wconf 92' lang='lat' dir='ltr'><strong>Apo-</strong></span> 
     </span>
     <span class='ocr_line' id='line_1_27' title="bbox 187 3550 1467 3634; baseline 0.001 -22"><span class='ocrx_word' id='word_1_178' title='bbox 187 3550 350 3629; x_wconf 89' lang='lat' dir='ltr'><strong>stolicae,</strong></span> <span class='ocrx_word' id='word_1_179' title='bbox 387 3552 449 3614; x_wconf 90' lang='lat' dir='ltr'><strong>sed</strong></span> <span class='ocrx_word' id='word_1_180' title='bbox 488 3552 675 3615; x_wconf 91' lang='lat' dir='ltr'><strong>universae</strong></span> <span class='ocrx_word' id='word_1_181' title='bbox 707 3552 778 3634; x_wconf 88' lang='lat' dir='ltr'><strong>jam</strong></span> <span class='ocrx_word' id='word_1_182' title='bbox 810 3550 895 3614; x_wconf 89' lang='lat' dir='ltr'><strong>fidei</strong></span> <span class='ocrx_word' id='word_1_183' title='bbox 928 3550 1150 3614; x_wconf 85' lang='lat' dir='ltr'><strong>Christianae</strong></span> <span class='ocrx_word' id='word_1_184' title='bbox 1183 3553 1355 3614; x_wconf 88' lang='lat' dir='ltr'><strong>adversus</strong></span> <span class='ocrx_word' id='word_1_185' title='bbox 1389 3570 1467 3614; x_wconf 86' lang='lat' dir='ltr'><strong>earn</strong></span> 
     </span>
     <span class='ocr_line' id='line_1_28' title="bbox 187 3657 1466 3742; baseline 0 -23"><span class='ocrx_word' id='word_1_186' title='bbox 187 3657 320 3720; x_wconf 88' lang='lat' dir='ltr'><strong>violare</strong></span> <span class='ocrx_word' id='word_1_187' title='bbox 345 3669 516 3721; x_wconf 88' lang='lat' dir='ltr'><strong>conantes</strong></span> <span class='ocrx_word' id='word_1_188' title='bbox 540 3679 578 3721; x_wconf 91' lang='lat' dir='ltr'><strong>se</strong></span> <span class='ocrx_word' id='word_1_189' title='bbox 602 3659 764 3742; x_wconf 86' lang='lat' dir='ltr'><strong>gesserit,</strong></span> <span class='ocrx_word' id='word_1_190' title='bbox 791 3668 826 3721; x_wconf 93' lang='lat' dir='ltr'><strong>et</strong></span> <span class='ocrx_word' id='word_1_191' title='bbox 850 3658 1147 3740; x_wconf 86' lang='lat' dir='ltr'><strong>quemadmodum</strong></span> <span class='ocrx_word' id='word_1_192' title='bbox 1171 3678 1270 3720; x_wconf 90' lang='lat' dir='ltr'><strong>suam</strong></span> <span class='ocrx_word' id='word_1_193' title='bbox 1285 3658 1466 3739; x_wconf 88' lang='lat' dir='ltr'><strong>pietatem,</strong></span> 
     </span>
     <span class='ocr_line' id='line_1_29' title="bbox 189 3763 1467 3847; baseline 0.001 -22"><span class='ocrx_word' id='word_1_194' title='bbox 189 3775 223 3826; x_wconf 90' lang='lat' dir='ltr'><strong>et</strong></span> <span class='ocrx_word' id='word_1_195' title='bbox 246 3766 471 3845; x_wconf 87' lang='lat' dir='ltr'><strong>prudentiam</strong></span> <span class='ocrx_word' id='word_1_196' title='bbox 497 3776 620 3829; x_wconf 87' lang='lat' dir='ltr'><strong>contra</strong></span> <span class='ocrx_word' id='word_1_197' title='bbox 644 3766 782 3847; x_wconf 92' lang='lat' dir='ltr'><strong>impios,</strong></span> <span class='ocrx_word' id='word_1_198' title='bbox 807 3775 843 3827; x_wconf 88' lang='lat' dir='ltr'><strong>et</strong></span> <span class='ocrx_word' id='word_1_199' title='bbox 867 3764 1060 3827; x_wconf 89' lang='lat' dir='ltr'><strong>sediciosos</strong></span> <span class='ocrx_word' id='word_1_200' title='bbox 1074 3765 1236 3827; x_wconf 90' lang='lat' dir='ltr'><strong>homines</strong></span> <span class='ocrx_word' id='word_1_201' title='bbox 1251 3785 1316 3846; x_wconf 92' lang='lat' dir='ltr'><strong>pro</strong></span> <span class='ocrx_word' id='word_1_202' title='bbox 1333 3763 1467 3827; x_wconf 89' lang='lat' dir='ltr'><strong>unitate</strong></span> 
     </span>
     <span class='ocr_line' id='line_1_30' title="bbox 189 3870 1467 3955; baseline 0 -23"><span class='ocrx_word' id='word_1_203' title='bbox 189 3870 368 3934; x_wconf 92' lang='lat' dir='ltr'><strong>christiani</strong></span> <span class='ocrx_word' id='word_1_204' title='bbox 384 3872 544 3955; x_wconf 91' lang='lat' dir='ltr'><strong>corporis</strong></span> <span class='ocrx_word' id='word_1_205' title='bbox 560 3874 818 3950; x_wconf 88' lang='lat' dir='ltr'><strong>conservanda,</strong></span> <span class='ocrx_word' id='word_1_206' title='bbox 836 3871 1053 3953; x_wconf 88' lang='lat' dir='ltr'><strong>opposuerit,</strong></span> <span class='ocrx_word' id='word_1_207' title='bbox 1072 3872 1166 3953; x_wconf 93' lang='lat' dir='ltr'><strong>quod</strong></span> <span class='ocrx_word' id='word_1_208' title='bbox 1183 3871 1345 3952; x_wconf 85' lang='lat' dir='ltr'><strong>profecto</strong></span> <span class='ocrx_word' id='word_1_209' title='bbox 1364 3871 1467 3933; x_wconf 92' lang='lat' dir='ltr'><strong>nobis</strong></span> 
     </span>
     <span class='ocr_line' id='line_1_31' title="bbox 188 3977 1467 4060; baseline 0 -19"><span class='ocrx_word' id='word_1_210' title='bbox 188 3981 309 4042; x_wconf 90' lang='lat' dir='ltr'><strong>auditu</strong></span> <span class='ocrx_word' id='word_1_211' title='bbox 341 3980 408 4043; x_wconf 87' lang='lat' dir='ltr'><strong>luit</strong></span> <span class='ocrx_word' id='word_1_212' title='bbox 440 3980 694 4060; x_wconf 87' lang='lat' dir='ltr'><strong>gratissimum,</strong></span> <span class='ocrx_word' id='word_1_213' title='bbox 729 3988 764 4041; x_wconf 91' lang='lat' dir='ltr'><strong>et</strong></span> <span class='ocrx_word' id='word_1_214' title='bbox 795 3977 878 4040; x_wconf 92' lang='lat' dir='ltr'><strong>licet</strong></span> <span class='ocrx_word' id='word_1_215' title='bbox 902 3979 981 4041; x_wconf 89' lang='lat' dir='ltr'><strong>huic</strong></span> <span class='ocrx_word' id='word_1_216' title='bbox 1006 3989 1067 4040; x_wconf 89' lang='lat' dir='ltr'><strong>tuo</strong></span> <span class='ocrx_word' id='word_1_217' title='bbox 1092 3978 1191 4060; x_wconf 90' lang='lat' dir='ltr'><strong>operi</strong></span> <span class='ocrx_word' id='word_1_218' title='bbox 1216 3988 1323 4060; x_wconf 89' lang='lat' dir='ltr'><strong>atque</strong></span> <span class='ocrx_word' id='word_1_219' title='bbox 1348 3978 1467 4041; x_wconf 84' lang='lat' dir='ltr'><strong>officio</strong></span> 
     </span>
     <span class='ocr_line' id='line_1_32' title="bbox 187 4083 1468 4169; baseline -0.003 -19"><span class='ocrx_word' id='word_1_220' title='bbox 187 4088 313 4169; x_wconf 88' lang='lat' dir='ltr'><strong>premii</strong></span> <span class='ocrx_word' id='word_1_221' title='bbox 342 4089 441 4150; x_wconf 93' lang='lat' dir='ltr'><strong>locus</strong></span> <span class='ocrx_word' id='word_1_222' title='bbox 473 4087 508 4149; x_wconf 92' lang='lat' dir='ltr'><strong>in</strong></span> <span class='ocrx_word' id='word_1_223' title='bbox 540 4089 657 4167; x_wconf 89' lang='lat' dir='ltr'><strong>coelo,</strong></span> <span class='ocrx_word' id='word_1_224' title='bbox 689 4096 725 4149; x_wconf 88' lang='lat' dir='ltr'><strong>et</strong></span> <span class='ocrx_word' id='word_1_225' title='bbox 755 4087 850 4167; x_wconf 90' lang='lat' dir='ltr'><strong>apud</strong></span> <span class='ocrx_word' id='word_1_226' title='bbox 875 4085 989 4147; x_wconf 90' lang='lat' dir='ltr'><strong>Deum</strong></span> <span class='ocrx_word' id='word_1_227' title='bbox 1014 4083 1302 4167; x_wconf 87' lang='lat' dir='ltr'><strong>Omnipotentem</strong></span> <span class='ocrx_word' id='word_1_228' title='bbox 1326 4083 1468 4167; x_wconf 85' lang='lat' dir='ltr'><strong>dignior</strong></span> 
     </span>
     <span class='ocr_line' id='line_1_33' title="bbox 188 4191 1468 4276; baseline -0.002 -19"><span class='ocrx_word' id='word_1_229' title='bbox 188 4203 223 4256; x_wconf 90' lang='lat' dir='ltr'><strong>et</strong></span> <span class='ocrx_word' id='word_1_230' title='bbox 247 4195 356 4275; x_wconf 85' lang='lat' dir='ltr'><strong>major</strong></span> <span class='ocrx_word' id='word_1_231' title='bbox 380 4202 606 4276; x_wconf 91' lang='lat' dir='ltr'><strong>comparatus</strong></span> <span class='ocrx_word' id='word_1_232' title='bbox 625 4194 680 4274; x_wconf 93' lang='lat' dir='ltr'><strong>sit,</strong></span> <span class='ocrx_word' id='word_1_233' title='bbox 705 4203 778 4256; x_wconf 91' lang='lat' dir='ltr'><strong>tum</strong></span> <span class='ocrx_word' id='word_1_234' title='bbox 802 4213 867 4255; x_wconf 91' lang='lat' dir='ltr'><strong>nos</strong></span> <span class='ocrx_word' id='word_1_235' title='bbox 883 4213 1024 4274; x_wconf 91' lang='lat' dir='ltr'><strong>quoque</strong></span> <span class='ocrx_word' id='word_1_236' title='bbox 1041 4193 1178 4273; x_wconf 85' lang='lat' dir='ltr'><strong>agimus</strong></span> <span class='ocrx_word' id='word_1_237' title='bbox 1194 4204 1275 4255; x_wconf 89' lang='lat' dir='ltr'><strong>tuae</strong></span> <span class='ocrx_word' id='word_1_238' title='bbox 1292 4191 1468 4255; x_wconf 89' lang='lat' dir='ltr'><strong>nobilitati</strong></span> 
     </span>
     <span class='ocr_line' id='line_1_34' title="bbox 188 4298 1466 4382; baseline -0.002 -19"><span class='ocrx_word' id='word_1_239' title='bbox 188 4321 335 4382; x_wconf 87' lang='lat' dir='ltr'><strong>magnas</strong></span> <span class='ocrx_word' id='word_1_240' title='bbox 359 4302 394 4363; x_wconf 93' lang='lat' dir='ltr'><strong>in</strong></span> <span class='ocrx_word' id='word_1_241' title='bbox 423 4300 573 4364; x_wconf 91' lang='lat' dir='ltr'><strong>Domino</strong></span> <span class='ocrx_word' id='word_1_242' title='bbox 597 4301 746 4381; x_wconf 88' lang='lat' dir='ltr'><strong>gratias,</strong></span> <span class='ocrx_word' id='word_1_243' title='bbox 776 4303 939 4382; x_wconf 88' lang='lat' dir='ltr'><strong>hancque</strong></span> <span class='ocrx_word' id='word_1_244' title='bbox 963 4299 1138 4363; x_wconf 91' lang='lat' dir='ltr'><strong>actionem</strong></span> <span class='ocrx_word' id='word_1_245' title='bbox 1163 4310 1274 4380; x_wconf 89' lang='lat' dir='ltr'><strong>tuam,</strong></span> <span class='ocrx_word' id='word_1_246' title='bbox 1305 4298 1466 4380; x_wconf 87' lang='lat' dir='ltr'><strong>dignissi-</strong></span> 
     </span>
    </p>
   </div>
   <div class='ocr_carea' id='block_1_9' title="bbox 207 4524 1466 4830">
    <p class='ocr_par' dir='ltr' id='par_1_10' title="bbox 209 4524 1079 4588">
     <span class='ocr_line' id='line_1_35' title="bbox 209 4524 1079 4588; baseline 0.003 -16"><span class='ocrx_word' id='word_1_247' title='bbox 209 4527 232 4572; x_wconf 88' lang='lat' dir='ltr'><strong>¹l</strong></span> <span class='ocrx_word' id='word_1_248' title='bbox 263 4525 338 4571; x_wconf 86' lang='lat' dir='ltr'><strong>Haec</strong></span> <span class='ocrx_word' id='word_1_249' title='bbox 357 4525 493 4587; x_wconf 77' lang='lat' dir='ltr'><strong>sequentia</strong></span> <span class='ocrx_word' id='word_1_250' title='bbox 512 4525 609 4588; x_wconf 84' lang='lat' dir='ltr'><strong>scripta</strong></span> <span class='ocrx_word' id='word_1_251' title='bbox 629 4530 689 4572; x_wconf 87' lang='lat' dir='ltr'><strong>sunt</strong></span> <span class='ocrx_word' id='word_1_252' title='bbox 708 4538 786 4571; x_wconf 82' lang='lat' dir='ltr'><strong>manu</strong></span> <span class='ocrx_word' id='word_1_253' title='bbox 805 4524 913 4587; x_wconf 81' lang='lat' dir='ltr'><strong>propria</strong></span> <span class='ocrx_word' id='word_1_254' title='bbox 933 4524 1079 4575; x_wconf 83' lang='lat' dir='ltr'><strong>Pontificis.</strong></span> 
     </span>
    </p>

    <p class='ocr_par' dir='ltr' id='par_1_11' title="bbox 207 4602 1466 4830">
     <span class='ocr_line' id='line_1_36' title="bbox 207 4602 1466 4669; baseline 0.002 -19"><span class='ocrx_word' id='word_1_255' title='bbox 207 4602 227 4669; x_wconf 73' lang='lat'><strong>²)</strong></span> <span class='ocrx_word' id='word_1_256' title='bbox 256 4605 347 4652; x_wconf 89' lang='lat' dir='ltr'><strong>Edidit</strong></span> <span class='ocrx_word' id='word_1_257' title='bbox 368 4606 520 4653; x_wconf 87' lang='lat' dir='ltr'><strong>Laemmer:</strong></span> <span class='ocrx_word' id='word_1_258' title='bbox 554 4607 672 4653; x_wconf 88' lang='lat' dir='ltr'><strong>Monnm.</strong></span> <span class='ocrx_word' id='word_1_259' title='bbox 693 4604 770 4650; x_wconf 78' lang='lat' dir='ltr'><strong>vatic.</strong></span> <span class='ocrx_word' id='word_1_260' title='bbox 792 4603 838 4656; x_wconf 81' lang='lat' dir='ltr'><strong>sol.</strong></span> <span class='ocrx_word' id='word_1_261' title='bbox 860 4614 884 4665; x_wconf 83' lang='lat'><strong>5,</strong></span> <span class='ocrx_word' id='word_1_262' title='bbox 904 4605 949 4652; x_wconf 85' lang='lat' dir='ltr'><strong>sed</strong></span> <span class='ocrx_word' id='word_1_263' title='bbox 969 4606 1093 4669; x_wconf 86' lang='lat' dir='ltr'><strong>scriptam</strong></span> <span class='ocrx_word' id='word_1_264' title='bbox 1113 4604 1270 4654; x_wconf 81' lang='lat' dir='ltr'><strong>existimavit</strong></span> <span class='ocrx_word' id='word_1_265' title='bbox 1289 4604 1395 4652; x_wconf 85' lang='lat' dir='ltr'><strong>cuidam</strong></span> <span class='ocrx_word' id='word_1_266' title='bbox 1416 4604 1466 4652; x_wconf 79' lang='lat' dir='ltr'><strong>Ca-</strong></span> 
     </span>
     <span class='ocr_line' id='line_1_37' title="bbox 259 4684 1465 4749; baseline 0.002 -18"><span class='ocrx_word' id='word_1_267' title='bbox 259 4684 315 4732; x_wconf 91' lang='lat' dir='ltr'><strong>rolo</strong></span> <span class='ocrx_word' id='word_1_268' title='bbox 334 4686 460 4749; x_wconf 86' lang='lat' dir='ltr'><strong>episcopo</strong></span> <span class='ocrx_word' id='word_1_269' title='bbox 480 4685 573 4745; x_wconf 90' lang='lat' dir='ltr'><strong>nobili,</strong></span> <span class='ocrx_word' id='word_1_270' title='bbox 592 4686 699 4732; x_wconf 87' lang='lat' dir='ltr'><strong>omnino</strong></span> <span class='ocrx_word' id='word_1_271' title='bbox 719 4685 823 4746; x_wconf 82' lang='lat' dir='ltr'><strong>ignoto;</strong></span> <span class='ocrx_word' id='word_1_272' title='bbox 844 4700 903 4732; x_wconf 85' lang='lat' dir='ltr'><strong>vere</strong></span> <span class='ocrx_word' id='word_1_273' title='bbox 924 4686 972 4733; x_wconf 84' lang='lat' dir='ltr'><strong>luit</strong></span> <span class='ocrx_word' id='word_1_274' title='bbox 992 4687 1071 4734; x_wconf 86' lang='lat' dir='ltr'><strong>missa</strong></span> <span class='ocrx_word' id='word_1_275' title='bbox 1085 4685 1270 4734; x_wconf 83' lang='lat' dir='ltr'><strong>Cardinalibus</strong></span> <span class='ocrx_word' id='word_1_276' title='bbox 1290 4693 1316 4732; x_wconf 89' lang='lat' dir='ltr'><strong>et</strong></span> <span class='ocrx_word' id='word_1_277' title='bbox 1335 4685 1393 4733; x_wconf 84' lang='lat' dir='ltr'><strong>aliis</strong></span> <span class='ocrx_word' id='word_1_278' title='bbox 1407 4701 1465 4747; x_wconf 86' lang='lat' dir='ltr'><strong>ger·</strong></span> 
     </span>
     <span class='ocr_line' id='line_1_38' title="bbox 259 4765 519 4830; baseline 0.023 -19"><span class='ocrx_word' id='word_1_279' title='bbox 259 4767 368 4814; x_wconf 86' lang='lat' dir='ltr'><strong>manicis</strong></span> <span class='ocrx_word' id='word_1_280' title='bbox 387 4765 519 4830; x_wconf 74' lang='lat' dir='ltr'><strong>praelatis</strong></span> 
     </span>
    </p>
   </div>
   <div class='ocr_carea' id='block_1_10' title="bbox 723 4853 929 4865">
    <p class='ocr_par' dir='ltr' id='par_1_12' title="bbox 723 4853 929 4865">
     <span class='ocr_line' id='line_1_39' title="bbox 723 4853 929 4865; baseline 0 -2"><span class='ocrx_word' id='word_1_281' title='bbox 723 4853 929 4865; x_wconf 49' lang='lat' dir='ltr'><strong>«muys-«mx.-</strong></span> 
     </span>
    </p>
   </div>
   <div class='ocr_carea' id='block_1_11' title="bbox 0 0 1672 5580">
    <p class='ocr_par' dir='ltr' id='par_1_13' title="bbox 0 0 1672 5580">
     <span class='ocr_line' id='line_1_40' title="bbox 0 0 1672 5580; baseline 0 0"><span class='ocrx_word' id='word_1_282' title='bbox 0 0 1672 5580; x_wconf 95' lang='lat' dir='ltr'><strong> </strong></span> 
     </span>
    </p>
   </div>
  </div>
 </body>
</html>
