3344 5564
711 491 958 551 ΗΜΠΕΜ

793 784 870 852 221.

350 911 552 992 Gurdinalis
581 916 616 991 et
642 912 723 992 Dux
750 910 1007 1012 lotharingiae
1036 908 1208 989 Clamanti
1235 908 1313 988 VII.

634 1057 734 1133 (aput
752 1057 871 1131 amota.
890 1056 942 1115 m.
960 1056 1027 1127 ur.)

681 1178 768 1242 ‹4-6-
788 1178 863 1243 runa
887 1174 972 1243 1⁵25.)

283 1300 456 1366 Solebant
476 1302 610 1384 antiqui
634 1302 684 1365 illi
709 1302 953 1365 Romanorum
978 1301 1227 1382 Imperatores
1245 1299 1474 1362 Sanctissime

195 1408 313 1488 Pater,
342 1410 460 1491 aliquo
492 1412 677 1491 praeclaro
712 1409 745 1470 in
780 1409 994 1490 Reipublice
1025 1409 1146 1470 hostes
1175 1407 1272 1470 edito
1304 1407 1474 1484 facinore,

194 1514 227 1577 id
262 1517 400 1583 demum
431 1515 467 1579 S.
494 1517 533 1579 P.
559 1516 601 1597 Q.
631 1517 677 1581 tt.
711 1516 933 1597 perscribere
966 1525 1004 1578 ut
1039 1517 1147 1577 allato
1176 1516 1221 1578 de
1253 1535 1292 1576 re
1323 1513 1474 1576 feliciter

194 1632 296 1704 gesta
322 1623 460 1703 nunci0,
486 1623 764 1705 supplicationes
788 1621 862 1684 XV
897 1622 1030 1684 dierum
1063 1632 1124 1683 aut
1148 1642 1191 1684 eo
1226 1622 1377 1704 amplius
1408 1620 1474 1682 diis

193 1729 447 1793 immortalibus
471 1732 699 1809 haberentur,
723 1731 779 1792 vel
810 1729 1020 1809 triumphus,
1053 1729 1082 1790 si
1116 1728 1151 1790 id
1184 1728 1235 1791 rei
1266 1728 1474 1809 magnitudo

193 1837 401 1918 postularet,
428 1857 520 1899 novo
537 1836 742 1918 imperatori
759 1836 1020 1900 decerneretur.
1068 1835 1155 1898 Mihi
1179 1856 1265 1898 vero
1298 1838 1365 1899 hoc
1390 1846 1473 1898 tem·

194 1963 280 2024 pore
311 1944 397 2006 nihil
429 1944 617 2006 admodum
652 1944 696 2004 de
732 1942 910 2023 triumpho
946 1941 1141 2018 laboranti,
1167 1941 1278 2004 visum
1311 1953 1365 2004 est
1394 1941 1473 2004 Tibi

194 2049 432 2130 Reipublicae
448 2049 669 2113 Christianae
685 2048 901 2112 moderatori
925 2049 1096 2131 precipuo
1121 2069 1185 2132 per
1209 2049 1345 2112 litteras
1369 2049 1473 2131 signi-

193 2155 300 2219 ficare
324 2158 455 2219 bellum
481 2178 502 2219 a
526 2156 630 2219 nobis
653 2156 708 2218 his
732 2155 903 2239 proximis
934 2155 1060 2218 diebus
1089 2156 1156 2218 Dei
1191 2165 1262 2238 opt.
1292 2177 1384 2219 max.
1415 2176 1473 2217 vo·

193 2264 327 2325 luntate
351 2262 528 2326 foeliciter
553 2261 790 2344 profligatum,
816 2263 981 2343 quodque
1006 2262 1070 2324 tibi
1087 2283 1172 2325 sane
1188 2262 1367 2325 videbitur
1386 2263 1473 2324 eius-

194 2370 286 2432 modi
312 2380 349 2431 ut
373 2389 439 2450 pro
465 2391 507 2432 eo
532 2368 707 2448 confect0,
733 2369 761 2430 si
786 2388 851 2450 per
867 2367 1102 2431 Christianam
1118 2369 1325 2431 modestiam
1343 2369 1475 2449 liceret,

195 2497 262 2538 non
288 2496 379 2539 unus
404 2477 602 2557 triumphus
626 2479 689 2538 sed
707 2478 828 2557 plures
852 2475 983 2538 fuerint
1000 2475 1226 2538 decernendi.
1274 2474 1367 2556 Quia
1390 2496 1475 2538 vero
1573 2522 1576 2527 -

193 2584 475 2666 supplicationes
500 2584 613 2667 primo
639 2603 779 2664 quoque
804 2583 861 2644 die
880 2583 958 2644 Deo
982 2582 1170 2644 immortali
1195 2582 1264 2644 sint
1287 2583 1474 2645 habendae

194 2690 314 2771 illique
338 2692 500 2772 agendae
525 2689 662 2772 gratiae
687 2691 806 2770 reipsa
829 2690 936 2770 plane
960 2688 1171 2770 percognita
1199 2689 1394 2751 cuiusmodi
1420 2689 1473 2769 sit,

195 2797 334 2859 minime
365 2797 562 2875 dubitabis,
588 2817 692 2878 quam
725 2809 762 2859 ut
791 2799 837 2858 ab
869 2794 968 2857 initio
999 2804 1108 2857 totam
1140 2795 1320 2878 intelligas
1352 2796 1475 2877 paucis

195 2907 310 2985 quoad
335 2905 411 2967 eius
434 2904 511 2967 fieri
536 2905 667 2986 poterit
691 2905 892 2986 explicabo.
942 2904 1055 2964 Ardet
1080 2912 1155 2964 tota
1182 2904 1258 2966 fere
1282 2901 1475 2965 Germania

194 3009 348 3073 factione
373 3011 656 3092 Lutheridarum,
681 3031 829 3091 quorum
855 3030 923 3071 non
949 3009 1054 3091 pauci
1083 3030 1198 3072 rerum
1224 3031 1393 3073 novarum
1420 3031 1473 3073 cu-

194 3117 267 3198 pidi
292 3118 555 3200 conspiratione
580 3118 675 3180 facta
699 3117 998 3197 iureiurandoque
1023 3115 1119 3177 inter
1143 3137 1181 3181 se
1199 3115 1415 3199 confirmata,
1441 3120 1475 3181 in

195 3244 282 3304 agro
307 3225 445 3287 Alsatio
471 3245 682 3302 convenere,
707 3226 895 3306 palamque
920 3243 985 3304 per
1011 3243 1229 3303 praeconem
1259 3226 1404 3287 edixere
1437 3247 1475 3287 se

195 3330 227 3393 in
254 3330 371 3394 animo
397 3333 529 3394 habere
554 3331 684 3394 Christi
710 3331 905 3393 doctrinam
937 3330 966 3393 si
991 3330 1057 3391 diis
1081 3334 1199 3412 placet
1225 3331 1473 3412 Evangelicam

196 3439 260 3501 hoc
286 3447 448 3519 ternpore
472 3439 635 3500 humanis
659 3436 981 3501 constitutiunculis
998 3439 1206 3518 abrogatam
1223 3439 1384 3501 omnibus
1406 3460 1473 3501 om-

196 3545 288 3608 nium
314 3545 475 3608 ordinum
499 3546 701 3609 hominibus
726 3545 986 3609 observandam
1003 3565 1216 3626 proponere,
1243 3545 1475 3628 miseramque

196 3654 415 3734 plebeculam
441 3657 486 3714 ab
510 3652 698 3734 impotenti
723 3652 934 3715 nobiliorum
952 3651 1190 3714 dominatione
1211 3652 1375 3715 liberare.
1424 3652 1473 3715 Si·

197 3758 337 3839 quidem
362 3759 546 3840 proposita
571 3781 634 3841 spe
659 3759 812 3822 sordidis
839 3769 874 3821 et
891 3758 1081 3841 egentibus
1096 3759 1295 3821 hominibus
1310 3760 1474 3823 licentiae

196 3864 313 3946 potius
338 3886 442 3945 quam
466 3866 640 3928 libertatis
665 3867 957 3946 consequendae,
994 3878 1066 3928 tum
1092 3886 1177 3928 vero
1203 3865 1307 3929 etiam
1333 3867 1474 3949 inopiae

199 3974 458 4050 sublevandae,
484 3973 569 4035 nihil
596 3974 812 4053 dubitarunt,
838 3974 922 4052 quin
946 3971 1063 4034 statim
1081 3973 1126 4035 ad
1144 3994 1182 4035 se
1199 3993 1331 4055 magna
1346 3972 1473 4036 levium

197 4098 235 4141 ac
271 4079 489 4160 perditorum
524 4079 704 4142 hominum
733 4080 904 4142 colluvies
937 4078 1150 4153 conflueret;
1184 4082 1278 4162 quod
1312 4080 1360 4144 ita
1389 4102 1474 4145 sane

197 4185 333 4249 accidit.
380 4184 539 4267 Namque
564 4189 644 4267 plus
668 4186 782 4247 minus
797 4195 993 4248 tercentum
1012 4186 1107 4248 mille
1122 4187 1301 4250 hominum
1318 4189 1475 4252 eiusdem

196 4291 360 4353 factionis
384 4292 594 4356 convenisse
619 4293 742 4371 audio,
778 4293 836 4372 qui
869 4313 913 4354 ne
949 4294 993 4354 ab
1023 4312 1061 4354 re
1085 4292 1314 4357 frumentaria
1339 4298 1473 4359 labora-

196 4407 290 4477 rent,
326 4398 361 4459 in
407 4408 529 4480 partes
567 4399 704 4481 disjecti
750 4409 913 4461 cunctam
961 4401 1217 4480 propemodum
1264 4400 1475 4466 Germaniae

196 4506 336 4585 plebem
376 4504 421 4566 ad
460 4505 670 4568 seditionem
711 4505 944 4568 concitarunt.
1006 4506 1142 4568 Horum
1170 4519 1287 4571 autem
1320 4509 1475 4590 ipsorum

198 4630 266 4673 non
293 4614 551 4674 contemnenda
575 4634 699 4676 manus
724 4613 757 4674 in
784 4612 1037 4692 Lotharingiae
1062 4612 1150 4676 fines
1173 4615 1342 4694 incubuit,
1377 4617 1474 4698 oppi-

198 4719 310 4780 danos
334 4716 441 4780 nimia
476 4718 641 4782 libertate
672 4719 861 4782 dissolutos
890 4720 1067 4801 nimiaque
1096 4741 1212 4783 rerum
1243 4742 1395 4785 omnium
1420 4744 1473 4786 co-

196 4824 255 4905 pia
279 4822 482 4888 diffluentes
507 4845 573 4908 per
597 4826 797 4888 emissarios
828 4838 863 4889 et
892 4827 1161 4890 concionatores
1186 4831 1229 4892 ad
1264 4830 1472 4894 seditionem
