3330 5580
705 459 951 516 0«43566ΕῊ

187 611 267 672 dem
293 607 379 671 nihil
405 608 568 671 videbam
595 617 744 689 propter
776 608 870 688 quod
903 606 1035 669 Vestra
1066 605 1260 670 Beatitudo
1296 603 1476 691 contineri

188 726 309 798 posset
332 737 353 777 a
378 715 549 778 mittendo
574 717 713 797 legat0,
747 736 852 797 quam
886 716 911 777 si
945 713 1108 796 preteriti
1137 712 1308 796 temporis
1332 713 1477 775 ratione

188 833 407 896 moveretur;
433 823 567 904 quippe
592 824 686 905 quod
711 823 803 885 forte
821 823 997 904 cogitaret
1011 820 1194 903 antiquum
1211 818 1475 884 Germanorum

188 950 320 992 morem
345 930 543 992 obsoletum
569 951 648 993 esse
672 950 779 1012 quum
803 939 909 993 antea
933 927 1201 992 consuevissent
1225 925 1358 990 Sedem
1376 929 1475 1008 Apo·

189 1037 350 1099 stolicam
376 1037 533 1100 revereri
558 1047 594 1100 et
619 1057 777 1117 quosque
802 1057 885 1099 suos
909 1039 1116 1108 observare;
1150 1034 1221 1097 iam
1256 1042 1372 1097 autem
1392 1054 1475 1096 con·
1567 1017 1573 1022 ’

188 1155 346 1206 temnere
371 1153 406 1206 et
431 1164 493 1206 eos
517 1143 670 1206 ludibrio
694 1145 829 1206 habere
853 1153 891 1205 ut
915 1143 944 1206 si
969 1142 1047 1225 quis
1071 1141 1225 1204 maxima
1255 1140 1362 1203 etiam
1398 1141 1474 1223 pol-

188 1252 261 1312 leat
288 1249 479 1330 prudentia
514 1262 550 1311 et
586 1249 782 1332 gravitate,
818 1251 878 1311 vix
911 1259 1029 1312 tamen
1061 1247 1197 1330 sperari
1228 1246 1343 1329 possit
1376 1249 1476 1328 quod
1521 1333 1524 1338 .

190 1355 324 1437 aliquid
357 1356 530 1436 proficere
561 1367 684 1437 queat;
721 1357 767 1417 ob
803 1356 870 1417 hoc
909 1355 1027 1418 studui
1063 1357 1246 1418 declarare
1282 1374 1354 1416 non
1391 1354 1477 1417 ideo

191 1463 305 1525 minus
329 1483 402 1525 rem
428 1465 544 1526 denuo
570 1483 647 1526 esse
671 1440 877 1525 tentandam
903 1482 948 1524 ex
974 1462 1139 1543 Apostoli
1160 1464 1375 1524 documento
1403 1482 1477 1543 quo

189 1579 309 1632 monet
332 1591 398 1633 nos
422 1583 460 1632 ut
490 1570 619 1653 iugiter
653 1571 840 1649 instemuS,
869 1570 1109 1650 increpemuS,
1145 1589 1335 1650 operemur
1365 1578 1403 1631 et
1440 1568 1475 1630 in

191 1676 284 1739 omni
301 1680 397 1740 bono
415 1699 524 1760 opere
541 1677 785 1758 invigilemus:
811 1679 873 1740 sed
891 1697 1029 1757 vereor,
1049 1677 1118 1738 Βῐῃῡ
1134 1676 1176 1737 Pr
1200 1696 1245 1738 ne
1263 1675 1340 1738 fieri
1360 1676 1477 1757 possit

192 1788 324 1865 (preter
348 1794 465 1847 tamen
500 1785 719 1866 propositum
758 1794 793 1847 et
822 1785 1024 1866 opinionem
1055 1786 1181 1863 meam)
1213 1785 1308 1864 quod
1342 1783 1476 1865 aliquis

191 1892 382 1953 arbitretur
413 1913 468 1954 me
498 1903 622 1963 taxare
647 1892 803 1954 voluisse
837 1891 984 1953 consilia
1015 1901 1050 1953 et
1083 1891 1241 1953 actiones
1274 1892 1476 1972 aliquorum

194 1998 252 2079 qui
277 2000 428 2070 antehac
454 2000 610 2080 legatum
635 1991 786 2080 egerunt
818 1999 853 2059 in
879 1997 1085 2076 Germania,
1117 1999 1217 2081 quasi
1247 1998 1362 2061 minus
1393 2019 1475 2080 pru·

192 2105 318 2167 denter
349 2125 406 2167 res
436 2104 523 2167 istas
568 2115 723 2168 tractare
759 2105 946 2186 sciverint,
978 2126 1084 2187 quum
1115 2117 1231 2168 tamen
1264 2104 1397 2168 nemini
1432 2105 1478 2167 sit

191 2215 378 2274 obscurum
411 2223 446 2275 et
479 2213 562 2274 mihi
593 2212 764 2290 maxime,
801 2214 926 2274 horum
966 2231 1097 2294 magna
1134 2233 1179 2274 ex
1218 2223 1319 2294 parte
1351 2212 1477 2291 inscio,

192 2319 363 2400 precipue
389 2321 432 2382 de
458 2321 581 2382 ultimo
606 2320 681 2383 R¹¹¹⁰
706 2321 827 2400 legato
863 2339 944 2400 su0,
981 2340 1085 2400 quarn
1123 2319 1331 2402 diligenter,
1369 2340 1477 2400 quam

194 2426 332 2507 placide
358 2448 461 2508 quam
486 2426 666 2489 indefesse
691 2437 727 2487 et
750 2425 1103 2507 circumspectissime
1128 2427 1246 2489 omnia
1270 2447 1335 2507 per
1360 2427 1477 2508 ipsum

193 2543 344 2595 tractata
368 2534 510 2611 fuerint,
535 2543 573 2595 ut
598 2544 765 2616 quantum
790 2533 966 2615 adipsum
992 2533 1128 2613 attinet,
1146 2532 1230 2596 nihil
1248 2533 1355 2596 fuerit
1379 2534 1476 2616 quod

193 2639 307 2721 magis
332 2640 526 2702 desiderari
551 2639 740 2723 potuisset3
769 2660 884 2721 neque
909 2660 977 2721 ego
1003 2642 1093 2702 adeo
1119 2641 1330 2703 inhumanus
1355 2657 1391 2703 et
1416 2641 1475 2702 im·

193 2746 271 2828 pius
296 2767 408 2809 essem
432 2747 491 2828 qui
516 2748 562 2809 de
586 2746 692 2809 tantis
716 2747 800 2809 viris
826 2747 970 2828 obloqui
990 2748 1168 2829 auderem,
1184 2747 1355 2829 precipue
1380 2749 1476 2829 quod

193 2853 229 2915 id
253 2853 298 2917 sit
322 2875 344 2916 a
367 2855 453 2917 meis
478 2854 634 2917 moribus
660 2853 810 2916 alienum
837 2864 872 2917 et
897 2856 988 2917 male
1013 2854 1092 2936 quis
1117 2853 1261 2935 obloqui
1278 2854 1392 2936 possit
1416 2853 1477 2915 ubi

195 2960 282 3023 nihil
306 2961 393 3024 vitio
418 2961 525 3023 tribui
549 2970 677 3043 potest.
738 2960 818 3023 Non
854 2960 920 3023 fuit
952 2961 1018 3023 iste
1055 2961 1191 3023 animus
1229 2980 1294 3023 nec
1326 2960 1476 3022 intentio

195 3088 273 3130 mea
296 3088 456 3150 prorsus;
493 3088 621 3149 nempe
653 3069 719 3129 hec
756 3067 838 3149 quia
868 3066 1043 3129 inscitiam
1068 3065 1325 3130 Germanorum
1349 3076 1477 3130 taxare

197 3175 293 3237 volui
319 3174 379 3256 qui
403 3194 492 3255 quos
515 3173 680 3236 venerari
706 3183 741 3234 et
766 3176 958 3236 observare
984 3175 1167 3253 deberent,
1192 3194 1253 3235 eos
1269 3173 1337 3234 iam
1363 3172 1478 3235 minus

195 3282 344 3344 honeste
369 3279 566 3362 suscipiunt
590 3291 625 3343 et
649 3284 757 3362 longe
782 3280 885 3344 aliter
908 3289 1062 3344 tractant
1086 3301 1191 3361 quam
1216 3300 1255 3341 se
1288 3280 1386 3360 ipsos
1420 3279 1476 3343 de·

197 3398 312 3468 ceret,
344 3398 382 3450 ut
414 3387 532 3469 potius
566 3388 743 3451 contemni
777 3398 812 3450 et
847 3388 1000 3450 ludibrio
1037 3408 1115 3450 esse
1148 3386 1336 3449 videantur
1374 3407 1479 3468 quam

198 3496 293 3576 quod
318 3498 554 3558 observentur
577 3504 613 3558 et
636 3495 792 3578 ipsorum
818 3494 973 3557 consiliis
998 3505 1033 3555 et
1058 3493 1219 3556 doctrine
1244 3513 1329 3556 sane
1354 3513 1478 3555 eorun-

198 3603 277 3663 dem
303 3603 545 3664 adherendum
571 3623 649 3666 esse
683 3612 824 3686 putent;
856 3605 902 3664 ob
933 3604 1001 3664 hoc
1033 3601 1125 3664 enim
1160 3621 1264 3682 quum
1297 3600 1395 3662 missi
1427 3598 1479 3662 sui

197 3709 293 3789 apud
318 3707 516 3771 Germanos
541 3711 608 3772 hoc
633 3709 753 3791 iniquo
777 3721 938 3790 tempore
964 3709 999 3770 in
1023 3708 1141 3789 aliqua
1164 3707 1389 3788 reputatione
1410 3728 1479 3769 non

197 3816 384 3894 habentur,
409 3815 444 3877 in
469 3836 539 3897 qua
564 3838 628 3880 nec
653 3828 769 3881 vestra
790 3817 981 3880 Beatitudo
1006 3816 1036 3878 si
1060 3815 1248 3878 interesset
1272 3813 1324 3899 (ut
1340 3816 1480 3894 vereor)

198 3923 400 3999 haberetur,
426 3924 713 4004 subdubitabam,
738 3946 782 3987 ne
807 3923 915 3986 ilhinc
940 3921 1123 3985 consilium
1146 3921 1251 3983 iniret
1275 3921 1386 4003 legati
1411 3943 1479 3985 am·

201 4028 293 4110 plius
317 4048 387 4090 non
412 4029 631 4108 destinandi,
661 4042 810 4114 propter
833 4031 928 4112 quod
958 4031 1069 4092 solum
1105 4029 1191 4091 illud
1223 4031 1370 4091 verbum
1401 4049 1479 4111 pro·

161 4211 163 4216 ,
199 4134 272 4214 tuli,
298 4155 368 4197 non
399 4137 505 4198 etiam
536 4140 631 4218 quod
656 4137 820 4218 dignitati
852 4136 1045 4218 cuiuspiam
1078 4137 1266 4198 detrahere
1299 4137 1480 4216 voluerim,

199 4241 260 4304 ubi
285 4242 397 4322 magis
428 4245 665 4307 commendari
694 4256 871 4308 merentur
902 4264 1006 4324 quarn
1036 4242 1198 4308 incusari.
1246 4242 1365 4323 Quare
1396 4242 1480 4304 Vre.

202 4351 237 4411 B.
255 4351 525 4431 supplicandum
541 4351 664 4433 putavi
689 4364 727 4413 ut
750 4354 898 4414 verbum
915 4371 1030 4413 meum
1050 4351 1176 4413 eodem
1200 4369 1305 4411 sensu
1329 4349 1482 4431 accipiat

201 4457 416 4537 expositioni
442 4469 477 4521 et
501 4458 788 4541 interpretationi
811 4478 889 4521 mee
907 4456 1091 4537 conformi,
1116 4476 1187 4518 non
1207 4455 1313 4518 etiam
1337 4455 1397 4517 illo
1423 4456 1482 4537 qui

202 4565 311 4626 menti
327 4585 405 4627 mee
421 4566 563 4647 penitus
580 4569 799 4645 adversetur,
825 4564 979 4645 alioquin
1004 4563 1105 4626 fieret
1122 4563 1216 4645 quod
1237 4581 1306 4644 ego
1331 4563 1376 4625 de
1399 4562 1482 4625 hinc

203 4693 343 4734 manum
368 4671 587 4736 continerem
611 4695 633 4736 a
656 4673 782 4735 litteris
807 4671 1014 4751 scribendis,
1038 4669 1067 4733 si
1084 4668 1187 4732 aliter
1207 4670 1318 4730 verba
1342 4670 1482 4750 prolata

202 4798 280 4840 esse
312 4779 596 4862 intelligerentur
629 4800 733 4862 quam
758 4800 827 4862 ego
861 4779 922 4840 illa
946 4776 1108 4859 proferre
1124 4775 1334 4848 voluissem;
1368 4775 1432 4838 sed
1448 4786 1482 4839 et
