<?xml version="1.0" encoding="UTF-8"?>
<!DOCTYPE html PUBLIC "-//W3C//DTD XHTML 1.0 Transitional//EN"
    "http://www.w3.org/TR/xhtml1/DTD/xhtml1-transitional.dtd">
<html xmlns="http://www.w3.org/1999/xhtml" xml:lang="en" lang="en">
 <head>
  <title>
</title>
<meta http-equiv="Content-Type" content="text/html;charset=utf-8" />
  <meta name='ocr-system' content='tesseract 3.04.00' />
  <meta name='ocr-capabilities' content='ocr_page ocr_carea ocr_par ocr_line ocrx_word'/>
</head>
<body>
  <div class='ocr_page' id='page_1' title='image "./monumentareform00vatigoog_0461.png"; bbox 0 0 3344 5564; ppageno 0'>
   <div class='ocr_carea' id='block_1_1' title="bbox 718 419 963 480">
    <p class='ocr_par' dir='ltr' id='par_1_1' title="bbox 718 419 963 480">
     <span class='ocr_line' id='line_1_1' title="bbox 718 419 963 480; baseline -0.004 0"><span class='ocrx_word' id='word_1_1' title='bbox 718 419 963 480; x_wconf 56' lang='lat' dir='ltr'><strong>e&lt;[liidie-0</strong></span> 
     </span>
    </p>
   </div>
   <div class='ocr_carea' id='block_1_2' title="bbox 200 570 1479 1720">
    <p class='ocr_par' dir='ltr' id='par_1_2' title="bbox 200 570 1479 1720">
     <span class='ocr_line' id='line_1_2' title="bbox 202 570 1469 654; baseline -0.002 -16"><span class='ocrx_word' id='word_1_2' title='bbox 202 573 414 638; x_wconf 89' lang='lat' dir='ltr'><strong>clarissimos</strong></span> <span class='ocrx_word' id='word_1_3' title='bbox 443 591 612 654; x_wconf 82' lang='lat' dir='ltr'>proceres</span> <span class='ocrx_word' id='word_1_4' title='bbox 635 570 768 633; x_wconf 85' lang='lat' dir='ltr'><strong>factum</strong></span> <span class='ocrx_word' id='word_1_5' title='bbox 801 570 868 633; x_wconf 85' lang='lat' dir='ltr'><strong>fuit</strong></span> <span class='ocrx_word' id='word_1_6' title='bbox 891 590 969 632; x_wconf 92' lang='lat' dir='ltr'><strong>cum</strong></span> <span class='ocrx_word' id='word_1_7' title='bbox 994 570 1082 633; x_wconf 77' lang='lat' dir='ltr'><strong>Cir¹¹e</strong></span> <span class='ocrx_word' id='word_1_8' title='bbox 1115 582 1175 633; x_wconf 90' lang='lat' dir='ltr'><strong>tua</strong></span> <span class='ocrx_word' id='word_1_9' title='bbox 1199 571 1409 650; x_wconf 87' lang='lat' dir='ltr'><strong>convenire,</strong></span> <span class='ocrx_word' id='word_1_10' title='bbox 1441 581 1469 637; x_wconf 88' lang='lat' dir='ltr'><strong>ut</strong></span> 
     </span>
     <span class='ocr_line' id='line_1_3' title="bbox 202 675 1470 745; baseline -0.002 0"><span class='ocrx_word' id='word_1_11' title='bbox 202 692 296 745; x_wconf 87' lang='lat' dir='ltr'><strong>esset</strong></span> <span class='ocrx_word' id='word_1_12' title='bbox 320 678 474 743; x_wconf 91' lang='lat' dir='ltr'><strong>omnium</strong></span> <span class='ocrx_word' id='word_1_13' title='bbox 498 675 721 739; x_wconf 81' lang='lat' dir='ltr'>incolumitas</span> <span class='ocrx_word' id='word_1_14' title='bbox 744 676 919 739; x_wconf 93' lang='lat' dir='ltr'><strong>communi</strong></span> <span class='ocrx_word' id='word_1_15' title='bbox 944 678 1055 740; x_wconf 88' lang='lat' dir='ltr'><strong>tutela</strong></span> <span class='ocrx_word' id='word_1_16' title='bbox 1079 687 1114 740; x_wconf 91' lang='lat' dir='ltr'><strong>et</strong></span> <span class='ocrx_word' id='word_1_17' title='bbox 1139 677 1349 742; x_wconf 81' lang='lat' dir='ltr'><strong>defensione</strong></span> <span class='ocrx_word' id='word_1_18' title='bbox 1365 681 1470 743; x_wconf 88' lang='lat' dir='ltr'><strong>tutior.</strong></span> 
     </span>
     <span class='ocr_line' id='line_1_4' title="bbox 202 783 1471 869; baseline -0.002 -18"><span class='ocrx_word' id='word_1_19' title='bbox 202 789 292 869; x_wconf 90' lang='lat' dir='ltr'><strong>Nos,</strong></span> <span class='ocrx_word' id='word_1_20' title='bbox 317 787 345 849; x_wconf 91' lang='lat' dir='ltr'><strong>si</strong></span> <span class='ocrx_word' id='word_1_21' title='bbox 369 783 638 865; x_wconf 87' lang='lat' dir='ltr'><strong>circumspectio</strong></span> <span class='ocrx_word' id='word_1_22' title='bbox 662 793 723 845; x_wconf 90' lang='lat' dir='ltr'><strong>tua</strong></span> <span class='ocrx_word' id='word_1_23' title='bbox 747 804 821 846; x_wconf 91' lang='lat' dir='ltr'><strong>rem</strong></span> <span class='ocrx_word' id='word_1_24' title='bbox 845 786 937 847; x_wconf 92' lang='lat' dir='ltr'><strong>bene</strong></span> <span class='ocrx_word' id='word_1_25' title='bbox 961 784 1155 865; x_wconf 85' lang='lat' dir='ltr'><strong>cogitatam</strong></span> <span class='ocrx_word' id='word_1_26' title='bbox 1179 795 1215 847; x_wconf 93' lang='lat' dir='ltr'><strong>et</strong></span> <span class='ocrx_word' id='word_1_27' title='bbox 1239 796 1382 867; x_wconf 82' lang='lat' dir='ltr'><strong>ceptam</strong></span> <span class='ocrx_word' id='word_1_28' title='bbox 1405 789 1471 850; x_wconf 83' lang='lat' dir='ltr'><strong>insi·</strong></span> 
     </span>
     <span class='ocr_line' id='line_1_5' title="bbox 201 890 1472 975; baseline -0.002 -16"><span class='ocrx_word' id='word_1_29' title='bbox 201 907 295 958; x_wconf 90' lang='lat' dir='ltr'><strong>stere</strong></span> <span class='ocrx_word' id='word_1_30' title='bbox 319 905 426 975; x_wconf 90' lang='lat' dir='ltr'><strong>atque</strong></span> <span class='ocrx_word' id='word_1_31' title='bbox 451 890 581 972; x_wconf 86' lang='lat' dir='ltr'><strong>exequi</strong></span> <span class='ocrx_word' id='word_1_32' title='bbox 604 890 910 971; x_wconf 80' lang='lat' dir='ltr'><strong>perseveraverit,</strong></span> <span class='ocrx_word' id='word_1_33' title='bbox 935 910 1007 952; x_wconf 91' lang='lat' dir='ltr'><strong>non</strong></span> <span class='ocrx_word' id='word_1_34' title='bbox 1022 910 1140 954; x_wconf 91' lang='lat' dir='ltr'><strong>sumus</strong></span> <span class='ocrx_word' id='word_1_35' title='bbox 1164 891 1214 953; x_wconf 92' lang='lat' dir='ltr'><strong>illi</strong></span> <span class='ocrx_word' id='word_1_36' title='bbox 1231 912 1351 975; x_wconf 89' lang='lat' dir='ltr'><strong>neque</strong></span> <span class='ocrx_word' id='word_1_37' title='bbox 1365 904 1472 956; x_wconf 86' lang='lat' dir='ltr'><strong>aucto</strong></span> 
     </span>
     <span class='ocr_line' id='line_1_6' title="bbox 200 996 1474 1080; baseline -0.002 -15"><span class='ocrx_word' id='word_1_38' title='bbox 200 1001 315 1065; x_wconf 90' lang='lat' dir='ltr'><strong>ritatis</strong></span> <span class='ocrx_word' id='word_1_39' title='bbox 338 1009 480 1062; x_wconf 91' lang='lat' dir='ltr'><strong>nostrae</strong></span> <span class='ocrx_word' id='word_1_40' title='bbox 504 996 671 1077; x_wconf 89' lang='lat' dir='ltr'><strong>brachi0,</strong></span> <span class='ocrx_word' id='word_1_41' title='bbox 697 1016 813 1078; x_wconf 88' lang='lat' dir='ltr'><strong>neque</strong></span> <span class='ocrx_word' id='word_1_42' title='bbox 837 996 999 1060; x_wconf 91' lang='lat' dir='ltr'><strong>omnibus</strong></span> <span class='ocrx_word' id='word_1_43' title='bbox 1024 997 1165 1060; x_wconf 84' lang='lat' dir='ltr'><strong>auxiliis</strong></span> <span class='ocrx_word' id='word_1_44' title='bbox 1189 1017 1282 1080; x_wconf 91' lang='lat' dir='ltr'><strong>quae</strong></span> <span class='ocrx_word' id='word_1_45' title='bbox 1307 998 1474 1080; x_wconf 86' lang='lat' dir='ltr'><strong>praestari</strong></span> 
     </span>
     <span class='ocr_line' id='line_1_7' title="bbox 202 1102 1475 1187; baseline -0.003 -15"><span class='ocrx_word' id='word_1_46' title='bbox 202 1131 223 1172; x_wconf 91' lang='lat' dir='ltr'><strong>a</strong></span> <span class='ocrx_word' id='word_1_47' title='bbox 253 1107 356 1171; x_wconf 93' lang='lat' dir='ltr'><strong>nobis</strong></span> <span class='ocrx_word' id='word_1_48' title='bbox 380 1114 549 1187; x_wconf 89' lang='lat' dir='ltr'><strong>poterunt</strong></span> <span class='ocrx_word' id='word_1_49' title='bbox 578 1102 751 1178; x_wconf 89' lang='lat' dir='ltr'><strong>defuturi;</strong></span> <span class='ocrx_word' id='word_1_50' title='bbox 788 1103 894 1186; x_wconf 91' lang='lat' dir='ltr'><strong>idque</strong></span> <span class='ocrx_word' id='word_1_51' title='bbox 919 1102 983 1180; x_wconf 83' lang='lat' dir='ltr'><strong>tibi</strong></span> <span class='ocrx_word' id='word_1_52' title='bbox 1008 1104 1215 1185; x_wconf 90' lang='lat' dir='ltr'><strong>pollicemur</strong></span> <span class='ocrx_word' id='word_1_53' title='bbox 1246 1125 1289 1168; x_wconf 89' lang='lat' dir='ltr'><strong>ac</strong></span> <span class='ocrx_word' id='word_1_54' title='bbox 1315 1105 1423 1168; x_wconf 89' lang='lat' dir='ltr'><strong>etiam</strong></span> <span class='ocrx_word' id='word_1_55' title='bbox 1445 1115 1475 1168; x_wconf 89' lang='lat' dir='ltr'><strong>ut</strong></span> 
     </span>
     <span class='ocr_line' id='line_1_8' title="bbox 201 1209 1476 1298; baseline -0.002 -19"><span class='ocrx_word' id='word_1_56' title='bbox 201 1234 411 1298; x_wconf 88' lang='lat' dir='ltr'><strong>perseveres</strong></span> <span class='ocrx_word' id='word_1_57' title='bbox 435 1223 471 1274; x_wconf 92' lang='lat' dir='ltr'><strong>et</strong></span> <span class='ocrx_word' id='word_1_58' title='bbox 493 1229 626 1292; x_wconf 86' lang='lat' dir='ltr'><strong>pergas</strong></span> <span class='ocrx_word' id='word_1_59' title='bbox 649 1209 873 1292; x_wconf 86' lang='lat' dir='ltr'><strong>iniungimus.</strong></span> <span class='ocrx_word' id='word_1_60' title='bbox 910 1210 989 1292; x_wconf 81' lang='lat' dir='ltr'><strong>Qua</strong></span> <span class='ocrx_word' id='word_1_61' title='bbox 1012 1211 1117 1273; x_wconf 90' lang='lat' dir='ltr'><strong>etiam</strong></span> <span class='ocrx_word' id='word_1_62' title='bbox 1143 1212 1252 1291; x_wconf 89' lang='lat' dir='ltr'><strong>dere,</strong></span> <span class='ocrx_word' id='word_1_63' title='bbox 1277 1212 1476 1278; x_wconf 86' lang='lat' dir='ltr'><strong>adnostros</strong></span> 
     </span>
     <span class='ocr_line' id='line_1_9' title="bbox 201 1315 1476 1403; baseline -0.003 -16"><span class='ocrx_word' id='word_1_64' title='bbox 201 1324 236 1386; x_wconf 94' lang='lat' dir='ltr'><strong>in</strong></span> <span class='ocrx_word' id='word_1_65' title='bbox 261 1319 434 1403; x_wconf 81' lang='lat' dir='ltr'><strong>Hispania</strong></span> <span class='ocrx_word' id='word_1_66' title='bbox 456 1317 615 1380; x_wconf 88' lang='lat' dir='ltr'><strong>Nuncios</strong></span> <span class='ocrx_word' id='word_1_67' title='bbox 638 1317 841 1398; x_wconf 88' lang='lat' dir='ltr'><strong>scripsimus</strong></span> <span class='ocrx_word' id='word_1_68' title='bbox 871 1327 910 1381; x_wconf 92' lang='lat' dir='ltr'><strong>ut</strong></span> <span class='ocrx_word' id='word_1_69' title='bbox 940 1317 1036 1400; x_wconf 90' lang='lat' dir='ltr'><strong>apud</strong></span> <span class='ocrx_word' id='word_1_70' title='bbox 1059 1315 1334 1382; x_wconf 87' lang='lat' dir='ltr'><strong>Serenissimum</strong></span> <span class='ocrx_word' id='word_1_71' title='bbox 1359 1317 1476 1383; x_wconf 89' lang='lat' dir='ltr'><strong>Caesa·</strong></span> 
     </span>
     <span class='ocr_line' id='line_1_10' title="bbox 201 1423 1476 1507; baseline -0.001 -15"><span class='ocrx_word' id='word_1_72' title='bbox 201 1449 275 1492; x_wconf 92' lang='lat' dir='ltr'><strong>rem</strong></span> <span class='ocrx_word' id='word_1_73' title='bbox 299 1447 436 1491; x_wconf 91' lang='lat' dir='ltr'><strong>omnem</strong></span> <span class='ocrx_word' id='word_1_74' title='bbox 461 1444 607 1506; x_wconf 91' lang='lat' dir='ltr'><strong>operam</strong></span> <span class='ocrx_word' id='word_1_75' title='bbox 633 1443 703 1505; x_wconf 90' lang='lat' dir='ltr'><strong>quo</strong></span> <span class='ocrx_word' id='word_1_76' title='bbox 726 1423 837 1506; x_wconf 91' lang='lat' dir='ltr'><strong>ipsius</strong></span> <span class='ocrx_word' id='word_1_77' title='bbox 860 1424 925 1487; x_wconf 90' lang='lat' dir='ltr'><strong>tibi</strong></span> <span class='ocrx_word' id='word_1_78' title='bbox 949 1444 1090 1507; x_wconf 92' lang='lat' dir='ltr'><strong>quoque</strong></span> <span class='ocrx_word' id='word_1_79' title='bbox 1114 1424 1247 1488; x_wconf 89' lang='lat' dir='ltr'><strong>auxilio</strong></span> <span class='ocrx_word' id='word_1_80' title='bbox 1271 1425 1368 1489; x_wconf 88' lang='lat' dir='ltr'><strong>adsit</strong></span> <span class='ocrx_word' id='word_1_81' title='bbox 1391 1448 1476 1491; x_wconf 89' lang='lat' dir='ltr'><strong>sere·</strong></span> 
     </span>
     <span class='ocr_line' id='line_1_11' title="bbox 202 1530 1478 1614; baseline -0.001 -16"><span class='ocrx_word' id='word_1_82' title='bbox 202 1536 294 1599; x_wconf 92' lang='lat' dir='ltr'><strong>nitas</strong></span> <span class='ocrx_word' id='word_1_83' title='bbox 316 1533 511 1597; x_wconf 88' lang='lat' dir='ltr'><strong>adhibeant</strong></span> <span class='ocrx_word' id='word_1_84' title='bbox 535 1542 570 1594; x_wconf 88' lang='lat' dir='ltr'><strong>et</strong></span> <span class='ocrx_word' id='word_1_85' title='bbox 592 1530 831 1612; x_wconf 83' lang='lat' dir='ltr'><strong>interponant,</strong></span> <span class='ocrx_word' id='word_1_86' title='bbox 856 1531 946 1594; x_wconf 91' lang='lat' dir='ltr'><strong>sicut</strong></span> <span class='ocrx_word' id='word_1_87' title='bbox 970 1533 1015 1595; x_wconf 93' lang='lat' dir='ltr'><strong>de</strong></span> <span class='ocrx_word' id='word_1_88' title='bbox 1039 1531 1094 1593; x_wconf 91' lang='lat' dir='ltr'><strong>his</strong></span> <span class='ocrx_word' id='word_1_89' title='bbox 1118 1540 1234 1594; x_wconf 90' lang='lat' dir='ltr'><strong>tecum</strong></span> <span class='ocrx_word' id='word_1_90' title='bbox 1255 1533 1478 1614; x_wconf 87' lang='lat' dir='ltr'><strong>supradictus</strong></span> 
     </span>
     <span class='ocr_line' id='line_1_12' title="bbox 200 1637 1479 1720; baseline 0.001 -15"><span class='ocrx_word' id='word_1_91' title='bbox 200 1640 399 1705; x_wconf 86' lang='lat' dir='ltr'><strong>Cardinalis</strong></span> <span class='ocrx_word' id='word_1_92' title='bbox 409 1640 567 1719; x_wconf 85' lang='lat' dir='ltr'><strong>Legatus</strong></span> <span class='ocrx_word' id='word_1_93' title='bbox 582 1645 703 1699; x_wconf 88' lang='lat' dir='ltr'><strong>noster</strong></span> <span class='ocrx_word' id='word_1_94' title='bbox 717 1637 822 1700; x_wconf 90' lang='lat' dir='ltr'><strong>latius</strong></span> <span class='ocrx_word' id='word_1_95' title='bbox 835 1648 930 1720; x_wconf 86' lang='lat' dir='ltr'><strong>aget,</strong></span> <span class='ocrx_word' id='word_1_96' title='bbox 946 1639 1043 1720; x_wconf 89' lang='lat' dir='ltr'><strong>eujus</strong></span> <span class='ocrx_word' id='word_1_97' title='bbox 1056 1637 1183 1702; x_wconf 88' lang='lat' dir='ltr'><strong>litteris</strong></span> <span class='ocrx_word' id='word_1_98' title='bbox 1198 1637 1307 1702; x_wconf 90' lang='lat' dir='ltr'><strong>fidem</strong></span> <span class='ocrx_word' id='word_1_99' title='bbox 1321 1641 1479 1709; x_wconf 87' lang='lat' dir='ltr'><strong>habebis.</strong></span> 
     </span>
    </p>
   </div>
   <div class='ocr_carea' id='block_1_3' title="bbox 288 1760 1479 1830">
    <p class='ocr_par' dir='ltr' id='par_1_3' title="bbox 288 1760 1479 1830">
     <span class='ocr_line' id='line_1_13' title="bbox 288 1760 1479 1830; baseline 0.002 -2"><span class='ocrx_word' id='word_1_100' title='bbox 288 1767 419 1829; x_wconf 88' lang='lat' dir='ltr'><strong>Datum</strong></span> <span class='ocrx_word' id='word_1_101' title='bbox 440 1764 580 1825; x_wconf 92' lang='lat' dir='ltr'><strong>Romae</strong></span> <span class='ocrx_word' id='word_1_102' title='bbox 605 1760 662 1823; x_wconf 93' lang='lat' dir='ltr'><strong>die</strong></span> <span class='ocrx_word' id='word_1_103' title='bbox 680 1761 749 1823; x_wconf 90' lang='lat' dir='ltr'><strong>VII</strong></span> <span class='ocrx_word' id='word_1_104' title='bbox 763 1761 949 1825; x_wconf 89' lang='lat' dir='ltr'><strong>Februarii</strong></span> <span class='ocrx_word' id='word_1_105' title='bbox 963 1762 1155 1825; x_wconf 85' lang='lat' dir='ltr'>MDXXV</span> <span class='ocrx_word' id='word_1_106' title='bbox 1176 1763 1284 1827; x_wconf 88' lang='lat' dir='ltr'><strong>Anno</strong></span> <span class='ocrx_word' id='word_1_107' title='bbox 1310 1768 1479 1830; x_wconf 89' lang='lat' dir='ltr'><strong>secundo.</strong></span> 
     </span>
    </p>
   </div>
   <div class='ocr_carea' id='block_1_4' title="bbox 737 1958 939 1969">
    <p class='ocr_par' dir='ltr' id='par_1_4' title="bbox 737 1958 939 1969">
     <span class='ocr_line' id='line_1_14' title="bbox 737 1958 939 1969; baseline 0.005 -2"><span class='ocrx_word' id='word_1_108' title='bbox 737 1958 756 1967; x_wconf 59' lang='lat' dir='ltr'><strong>m«</strong></span> <span class='ocrx_word' id='word_1_109' title='bbox 761 1958 912 1969; x_wconf 53' lang='lat' dir='ltr'><strong>vav-..mmmmm</strong></span> <span class='ocrx_word' id='word_1_110' title='bbox 916 1958 939 1968; x_wconf 59' lang='grc' dir='ltr'><strong>Α·</strong></span> 
     </span>
    </p>
   </div>
   <div class='ocr_carea' id='block_1_5' title="bbox 802 2187 875 2253">
    <p class='ocr_par' dir='ltr' id='par_1_5' title="bbox 802 2187 875 2253">
     <span class='ocr_line' id='line_1_15' title="bbox 802 2187 875 2253; baseline 0.041 -3"><span class='ocrx_word' id='word_1_111' title='bbox 802 2187 875 2253; x_wconf 85' lang='grc'><strong>190.</strong></span> 
     </span>
    </p>
   </div>
   <div class='ocr_carea' id='block_1_6' title="bbox 451 2302 1229 2526">
    <p class='ocr_par' dir='ltr' id='par_1_6' title="bbox 451 2302 1229 2526">
     <span class='ocr_line' id='line_1_16' title="bbox 451 2302 1229 2404; baseline 0 -18"><span class='ocrx_word' id='word_1_112' title='bbox 451 2305 610 2386; x_wconf 76' lang='grc'><strong>11111111</strong></span> <span class='ocrx_word' id='word_1_113' title='bbox 638 2303 716 2384; x_wconf 82' lang='lat' dir='ltr'><strong>VII.</strong></span> <span class='ocrx_word' id='word_1_114' title='bbox 745 2304 973 2404; x_wconf 78' lang='lat' dir='ltr'><strong>Principibus</strong></span> <span class='ocrx_word' id='word_1_115' title='bbox 1001 2302 1229 2388; x_wconf 75' lang='lat' dir='ltr'><strong>Germanicia</strong></span> 
     </span>
     <span class='ocr_line' id='line_1_17' title="bbox 507 2450 1160 2526; baseline 0.002 -16"><span class='ocrx_word' id='word_1_116' title='bbox 507 2450 644 2524; x_wconf 72' lang='grc'><strong>(11111111</strong></span> <span class='ocrx_word' id='word_1_117' title='bbox 661 2450 802 2524; x_wconf 75' lang='lat' dir='ltr'><strong>Episioiae</strong></span> <span class='ocrx_word' id='word_1_118' title='bbox 821 2450 859 2509; x_wconf 79' lang='lat' dir='ltr'><strong>ai</strong></span> <span class='ocrx_word' id='word_1_119' title='bbox 876 2451 1025 2526; x_wconf 73' lang='lat' dir='ltr'><strong>Principes.</strong></span> <span class='ocrx_word' id='word_1_120' title='bbox 1044 2453 1088 2511; x_wconf 81' lang='lat' dir='ltr'><strong>ici</strong></span> <span class='ocrx_word' id='word_1_121' title='bbox 1107 2453 1160 2525; x_wconf 78' lang='lat'><strong>52.)</strong></span> 
     </span>
    </p>
   </div>
   <div class='ocr_carea' id='block_1_7' title="bbox 686 2559 987 2629">
    <p class='ocr_par' dir='ltr' id='par_1_7' title="bbox 686 2559 987 2629">
     <span class='ocr_line' id='line_1_18' title="bbox 686 2559 987 2629; baseline 0.007 -21"><span class='ocrx_word' id='word_1_122' title='bbox 686 2562 721 2624; x_wconf 86' lang='lat'><strong>(7.</strong></span> <span class='ocrx_word' id='word_1_123' title='bbox 741 2561 879 2610; x_wconf 83' lang='lat' dir='ltr'><strong>Februarii</strong></span> <span class='ocrx_word' id='word_1_124' title='bbox 900 2559 987 2629; x_wconf 87' lang='lat'>1525.)</span> 
     </span>
    </p>
   </div>
   <div class='ocr_carea' id='block_1_8' title="bbox 191 2702 1484 4823">
    <p class='ocr_par' dir='ltr' id='par_1_8' title="bbox 191 2702 1484 4823">
     <span class='ocr_line' id='line_1_19' title="bbox 285 2702 1484 2773; baseline 0.006 -7"><span class='ocrx_word' id='word_1_125' title='bbox 285 2703 415 2766; x_wconf 93' lang='lat' dir='ltr'><strong>Dilecti</strong></span> <span class='ocrx_word' id='word_1_126' title='bbox 438 2702 501 2765; x_wconf 89' lang='lat' dir='ltr'><strong>filii</strong></span> <span class='ocrx_word' id='word_1_127' title='bbox 526 2713 591 2764; x_wconf 87' lang='lat' dir='ltr'><strong>etc.</strong></span> <span class='ocrx_word' id='word_1_128' title='bbox 639 2702 713 2764; x_wconf 90' lang='lat' dir='ltr'><strong>Etsi</strong></span> <span class='ocrx_word' id='word_1_129' title='bbox 745 2722 863 2764; x_wconf 88' lang='lat' dir='ltr'><strong>sumus</strong></span> <span class='ocrx_word' id='word_1_130' title='bbox 894 2703 980 2765; x_wconf 90' lang='lat' dir='ltr'><strong>certi</strong></span> <span class='ocrx_word' id='word_1_131' title='bbox 1005 2704 1218 2769; x_wconf 80' lang='lat' dir='ltr'><strong>Nobilitates</strong></span> <span class='ocrx_word' id='word_1_132' title='bbox 1241 2717 1384 2771; x_wconf 91' lang='lat' dir='ltr'><strong>vestras</strong></span> <span class='ocrx_word' id='word_1_133' title='bbox 1410 2731 1484 2773; x_wconf 92' lang='lat' dir='ltr'><strong>non</strong></span> 
     </span>
     <span class='ocr_line' id='line_1_20' title="bbox 197 2809 1484 2892; baseline 0.005 -19"><span class='ocrx_word' id='word_1_134' title='bbox 197 2814 309 2874; x_wconf 88' lang='lat' dir='ltr'><strong>latere</strong></span> <span class='ocrx_word' id='word_1_135' title='bbox 340 2820 508 2892; x_wconf 92' lang='lat' dir='ltr'><strong>quantam</strong></span> <span class='ocrx_word' id='word_1_136' title='bbox 532 2810 668 2871; x_wconf 86' lang='lat' dir='ltr'><strong>cladem</strong></span> <span class='ocrx_word' id='word_1_137' title='bbox 693 2829 734 2869; x_wconf 92' lang='lat' dir='ltr'><strong>ac</strong></span> <span class='ocrx_word' id='word_1_138' title='bbox 765 2809 956 2891; x_wconf 90' lang='lat' dir='ltr'><strong>perniciem</strong></span> <span class='ocrx_word' id='word_1_139' title='bbox 989 2811 1116 2873; x_wconf 84' lang='lat' dir='ltr'><strong>afferat</strong></span> <span class='ocrx_word' id='word_1_140' title='bbox 1145 2812 1202 2875; x_wconf 92' lang='lat' dir='ltr'><strong>isti</strong></span> <span class='ocrx_word' id='word_1_141' title='bbox 1234 2814 1484 2880; x_wconf 86' lang='lat' dir='ltr'><strong>nobilissimae</strong></span> 
     </span>
     <span class='ocr_line' id='line_1_21' title="bbox 197 2914 1483 2999; baseline 0.005 -19"><span class='ocrx_word' id='word_1_142' title='bbox 197 2918 349 2980; x_wconf 91' lang='lat' dir='ltr'><strong>omnium</strong></span> <span class='ocrx_word' id='word_1_143' title='bbox 373 2916 633 2997; x_wconf 88' lang='lat' dir='ltr'><strong>provinciarum</strong></span> <span class='ocrx_word' id='word_1_144' title='bbox 659 2914 872 2977; x_wconf 81' lang='lat' dir='ltr'><strong>Germaniae</strong></span> <span class='ocrx_word' id='word_1_145' title='bbox 894 2916 1040 2980; x_wconf 90' lang='lat' dir='ltr'><strong>Lutheri</strong></span> <span class='ocrx_word' id='word_1_146' title='bbox 1066 2917 1173 2999; x_wconf 90' lang='lat' dir='ltr'><strong>impia</strong></span> <span class='ocrx_word' id='word_1_147' title='bbox 1197 2930 1233 2981; x_wconf 92' lang='lat' dir='ltr'><strong>et</strong></span> <span class='ocrx_word' id='word_1_148' title='bbox 1257 2920 1483 2986; x_wconf 85' lang='lat' dir='ltr'><strong>abominabi-</strong></span> 
     </span>
     <span class='ocr_line' id='line_1_22' title="bbox 196 3021 1483 3110; baseline 0.007 -25"><span class='ocrx_word' id='word_1_149' title='bbox 196 3026 239 3087; x_wconf 89' lang='lat' dir='ltr'><strong>lis</strong></span> <span class='ocrx_word' id='word_1_150' title='bbox 263 3024 384 3104; x_wconf 88' lang='lat' dir='ltr'><strong>factio,</strong></span> <span class='ocrx_word' id='word_1_151' title='bbox 408 3043 499 3103; x_wconf 88' lang='lat' dir='ltr'><strong>quae</strong></span> <span class='ocrx_word' id='word_1_152' title='bbox 524 3032 559 3083; x_wconf 88' lang='lat' dir='ltr'><strong>et</strong></span> <span class='ocrx_word' id='word_1_153' title='bbox 582 3021 688 3083; x_wconf 89' lang='lat' dir='ltr'><strong>fidem</strong></span> <span class='ocrx_word' id='word_1_154' title='bbox 713 3024 913 3103; x_wconf 91' lang='lat' dir='ltr'><strong>cultumque</strong></span> <span class='ocrx_word' id='word_1_155' title='bbox 939 3021 1072 3086; x_wconf 85' lang='lat' dir='ltr'><strong>Summi</strong></span> <span class='ocrx_word' id='word_1_156' title='bbox 1090 3025 1157 3087; x_wconf 89' lang='lat' dir='ltr'><strong>Dei</strong></span> <span class='ocrx_word' id='word_1_157' title='bbox 1180 3046 1276 3088; x_wconf 92' lang='lat' dir='ltr'><strong>more</strong></span> <span class='ocrx_word' id='word_1_158' title='bbox 1298 3041 1483 3110; x_wconf 89' lang='lat' dir='ltr'><strong>perpetuo</strong></span> 
     </span>
     <span class='ocr_line' id='line_1_23' title="bbox 196 3129 1480 3215; baseline 0.005 -21"><span class='ocrx_word' id='word_1_159' title='bbox 196 3141 248 3194; x_wconf 91' lang='lat' dir='ltr'><strong>tot</strong></span> <span class='ocrx_word' id='word_1_160' title='bbox 273 3132 493 3193; x_wconf 90' lang='lat' dir='ltr'><strong>saeculorum</strong></span> <span class='ocrx_word' id='word_1_161' title='bbox 520 3129 691 3191; x_wconf 88' lang='lat' dir='ltr'><strong>adscitum</strong></span> <span class='ocrx_word' id='word_1_162' title='bbox 717 3139 752 3190; x_wconf 91' lang='lat' dir='ltr'><strong>et</strong></span> <span class='ocrx_word' id='word_1_163' title='bbox 777 3132 1063 3211; x_wconf 89' lang='lat' dir='ltr'><strong>comprobatum,</strong></span> <span class='ocrx_word' id='word_1_164' title='bbox 1096 3143 1131 3194; x_wconf 91' lang='lat' dir='ltr'><strong>et</strong></span> <span class='ocrx_word' id='word_1_165' title='bbox 1156 3153 1294 3196; x_wconf 91' lang='lat' dir='ltr'><strong>omnem</strong></span> <span class='ocrx_word' id='word_1_166' title='bbox 1318 3146 1480 3215; x_wconf 86' lang='lat' dir='ltr'><strong>potesta·</strong></span> 
     </span>
     <span class='ocr_line' id='line_1_24' title="bbox 195 3235 1480 3326; baseline 0.005 -28"><span class='ocrx_word' id='word_1_167' title='bbox 195 3250 276 3316; x_wconf 91' lang='lat' dir='ltr'><strong>tem,</strong></span> <span class='ocrx_word' id='word_1_168' title='bbox 301 3236 534 3318; x_wconf 88' lang='lat' dir='ltr'><strong>disciplinam,</strong></span> <span class='ocrx_word' id='word_1_169' title='bbox 560 3235 791 3316; x_wconf 84' lang='lat' dir='ltr'><strong>ordinemque</strong></span> <span class='ocrx_word' id='word_1_170' title='bbox 816 3236 1012 3316; x_wconf 85' lang='lat' dir='ltr'><strong>confundit,</strong></span> <span class='ocrx_word' id='word_1_171' title='bbox 1036 3238 1142 3319; x_wconf 90' lang='lat' dir='ltr'><strong>idque</strong></span> <span class='ocrx_word' id='word_1_172' title='bbox 1156 3240 1307 3319; x_wconf 89' lang='lat' dir='ltr'><strong>molitur,</strong></span> <span class='ocrx_word' id='word_1_173' title='bbox 1332 3251 1370 3303; x_wconf 93' lang='lat' dir='ltr'><strong>ut</strong></span> <span class='ocrx_word' id='word_1_174' title='bbox 1388 3244 1480 3326; x_wconf 85' lang='lat' dir='ltr'><strong>legi-</strong></span> 
     </span>
     <span class='ocr_line' id='line_1_25' title="bbox 196 3342 1483 3427; baseline 0.005 -20"><span class='ocrx_word' id='word_1_175' title='bbox 196 3348 261 3407; x_wconf 87' lang='lat' dir='ltr'><strong>bus</strong></span> <span class='ocrx_word' id='word_1_176' title='bbox 287 3343 512 3423; x_wconf 88' lang='lat' dir='ltr'><strong>moribusque</strong></span> <span class='ocrx_word' id='word_1_177' title='bbox 536 3342 763 3423; x_wconf 88' lang='lat' dir='ltr'><strong>perturbatis,</strong></span> <span class='ocrx_word' id='word_1_178' title='bbox 788 3353 824 3404; x_wconf 91' lang='lat' dir='ltr'><strong>et</strong></span> <span class='ocrx_word' id='word_1_179' title='bbox 848 3363 981 3404; x_wconf 89' lang='lat' dir='ltr'><strong>summa</strong></span> <span class='ocrx_word' id='word_1_180' title='bbox 1005 3343 1083 3406; x_wconf 91' lang='lat' dir='ltr'><strong>imis</strong></span> <span class='ocrx_word' id='word_1_181' title='bbox 1098 3345 1320 3427; x_wconf 86' lang='lat' dir='ltr'><strong>misceantur,</strong></span> <span class='ocrx_word' id='word_1_182' title='bbox 1346 3357 1383 3410; x_wconf 97' lang='lat' dir='ltr'><strong>et</strong></span> <span class='ocrx_word' id='word_1_183' title='bbox 1407 3348 1483 3413; x_wconf 89' lang='lat' dir='ltr'><strong>ima</strong></span> 
     </span>
     <span class='ocr_line' id='line_1_26' title="bbox 196 3449 1481 3520; baseline 0.004 -6"><span class='ocrx_word' id='word_1_184' title='bbox 196 3452 337 3514; x_wconf 87' lang='lat' dir='ltr'><strong>summis</strong></span> <span class='ocrx_word' id='word_1_185' title='bbox 362 3449 594 3512; x_wconf 92' lang='lat' dir='ltr'><strong>dominentur.</strong></span> <span class='ocrx_word' id='word_1_186' title='bbox 642 3449 775 3510; x_wconf 87' lang='lat' dir='ltr'><strong>Tamen</strong></span> <span class='ocrx_word' id='word_1_187' title='bbox 799 3449 912 3511; x_wconf 91' lang='lat' dir='ltr'><strong>visum</strong></span> <span class='ocrx_word' id='word_1_188' title='bbox 937 3458 991 3511; x_wconf 90' lang='lat' dir='ltr'><strong>est</strong></span> <span class='ocrx_word' id='word_1_189' title='bbox 1016 3451 1117 3512; x_wconf 89' lang='lat' dir='ltr'><strong>nobis</strong></span> <span class='ocrx_word' id='word_1_190' title='bbox 1137 3452 1182 3513; x_wconf 89' lang='lat' dir='ltr'><strong>de</strong></span> <span class='ocrx_word' id='word_1_191' title='bbox 1196 3453 1327 3514; x_wconf 91' lang='lat' dir='ltr'><strong>virtute</strong></span> <span class='ocrx_word' id='word_1_192' title='bbox 1352 3466 1481 3520; x_wconf 88' lang='lat' dir='ltr'><strong>vestra</strong></span> 
     </span>
     <span class='ocr_line' id='line_1_27' title="bbox 196 3556 1481 3639; baseline 0.005 -18"><span class='ocrx_word' id='word_1_193' title='bbox 196 3558 327 3639; x_wconf 89' lang='lat' dir='ltr'><strong>optime</strong></span> <span class='ocrx_word' id='word_1_194' title='bbox 352 3556 590 3619; x_wconf 87' lang='lat' dir='ltr'><strong>iudicantibus</strong></span> <span class='ocrx_word' id='word_1_195' title='bbox 614 3575 677 3636; x_wconf 87' lang='lat' dir='ltr'><strong>per</strong></span> <span class='ocrx_word' id='word_1_196' title='bbox 709 3556 773 3616; x_wconf 89' lang='lat' dir='ltr'><strong>has</strong></span> <span class='ocrx_word' id='word_1_197' title='bbox 806 3565 944 3618; x_wconf 91' lang='lat' dir='ltr'><strong>nostras</strong></span> <span class='ocrx_word' id='word_1_198' title='bbox 973 3557 1108 3620; x_wconf 88' lang='lat' dir='ltr'><strong>litteras</strong></span> <span class='ocrx_word' id='word_1_199' title='bbox 1140 3579 1210 3621; x_wconf 93' lang='lat' dir='ltr'><strong>non</strong></span> <span class='ocrx_word' id='word_1_200' title='bbox 1239 3569 1309 3622; x_wconf 91' lang='lat' dir='ltr'><strong>tam</strong></span> <span class='ocrx_word' id='word_1_201' title='bbox 1341 3562 1481 3628; x_wconf 89' lang='lat' dir='ltr'><strong>docere</strong></span> 
     </span>
     <span class='ocr_line' id='line_1_28' title="bbox 195 3663 1480 3750; baseline 0.006 -24"><span class='ocrx_word' id='word_1_202' title='bbox 195 3686 260 3726; x_wconf 91' lang='lat' dir='ltr'><strong>vos</strong></span> <span class='ocrx_word' id='word_1_203' title='bbox 285 3683 388 3745; x_wconf 93' lang='lat' dir='ltr'><strong>quam</strong></span> <span class='ocrx_word' id='word_1_204' title='bbox 414 3663 616 3739; x_wconf 91' lang='lat' dir='ltr'><strong>admonere,</strong></span> <span class='ocrx_word' id='word_1_205' title='bbox 641 3670 679 3723; x_wconf 89' lang='lat' dir='ltr'><strong>ut</strong></span> <span class='ocrx_word' id='word_1_206' title='bbox 703 3681 767 3742; x_wconf 91' lang='lat' dir='ltr'><strong>per</strong></span> <span class='ocrx_word' id='word_1_207' title='bbox 790 3663 960 3724; x_wconf 90' lang='lat' dir='ltr'><strong>honorem</strong></span> <span class='ocrx_word' id='word_1_208' title='bbox 989 3664 1081 3726; x_wconf 91' lang='lat' dir='ltr'><strong>illius</strong></span> <span class='ocrx_word' id='word_1_209' title='bbox 1106 3663 1369 3746; x_wconf 90' lang='lat' dir='ltr'><strong>Omnipotentis</strong></span> <span class='ocrx_word' id='word_1_210' title='bbox 1395 3669 1480 3750; x_wconf 90' lang='lat' dir='ltr'><strong>Dei,</strong></span> 
     </span>
     <span class='ocr_line' id='line_1_29' title="bbox 196 3768 1479 3859; baseline 0.005 -27"><span class='ocrx_word' id='word_1_211' title='bbox 196 3772 256 3853; x_wconf 90' lang='lat' dir='ltr'><strong>qui</strong></span> <span class='ocrx_word' id='word_1_212' title='bbox 281 3771 382 3833; x_wconf 89' lang='lat' dir='ltr'><strong>vobis</strong></span> <span class='ocrx_word' id='word_1_213' title='bbox 407 3779 526 3831; x_wconf 83' lang='lat' dir='ltr'><strong>tantae</strong></span> <span class='ocrx_word' id='word_1_214' title='bbox 563 3768 747 3850; x_wconf 86' lang='lat' dir='ltr'><strong>dignitatis</strong></span> <span class='ocrx_word' id='word_1_215' title='bbox 790 3780 824 3831; x_wconf 91' lang='lat' dir='ltr'><strong>et</strong></span> <span class='ocrx_word' id='word_1_216' title='bbox 853 3769 906 3830; x_wconf 90' lang='lat' dir='ltr'><strong>sui</strong></span> <span class='ocrx_word' id='word_1_217' title='bbox 931 3770 1143 3851; x_wconf 88' lang='lat' dir='ltr'><strong>cognitionis</strong></span> <span class='ocrx_word' id='word_1_218' title='bbox 1168 3774 1318 3835; x_wconf 91' lang='lat' dir='ltr'><strong>donator</strong></span> <span class='ocrx_word' id='word_1_219' title='bbox 1343 3776 1479 3859; x_wconf 84' lang='lat' dir='ltr'><strong>extitit,</strong></span> 
     </span>
     <span class='ocr_line' id='line_1_30' title="bbox 195 3874 1479 3968; baseline 0.005 -28"><span class='ocrx_word' id='word_1_220' title='bbox 195 3898 329 3961; x_wconf 89' lang='lat' dir='ltr'><strong>perque</strong></span> <span class='ocrx_word' id='word_1_221' title='bbox 356 3897 432 3938; x_wconf 92' lang='lat' dir='ltr'><strong>eam</strong></span> <span class='ocrx_word' id='word_1_222' title='bbox 461 3874 583 3953; x_wconf 86' lang='lat' dir='ltr'><strong>fidem,</strong></span> <span class='ocrx_word' id='word_1_223' title='bbox 620 3895 690 3955; x_wconf 93' lang='lat' dir='ltr'><strong>qua</strong></span> <span class='ocrx_word' id='word_1_224' title='bbox 719 3875 769 3937; x_wconf 88' lang='grc'><strong>1111</strong></span> <span class='ocrx_word' id='word_1_225' title='bbox 799 3876 934 3939; x_wconf 91' lang='lat' dir='ltr'><strong>servire</strong></span> <span class='ocrx_word' id='word_1_226' title='bbox 968 3887 1003 3939; x_wconf 90' lang='lat' dir='ltr'><strong>et</strong></span> <span class='ocrx_word' id='word_1_227' title='bbox 1034 3879 1181 3941; x_wconf 84' lang='lat' dir='ltr'><strong>obedire</strong></span> <span class='ocrx_word' id='word_1_228' title='bbox 1213 3880 1348 3942; x_wconf 89' lang='lat' dir='ltr'><strong>astricti</strong></span> <span class='ocrx_word' id='word_1_229' title='bbox 1376 3884 1479 3968; x_wconf 72' lang='lat' dir='ltr'><strong>estiS,</strong></span> 
     </span>
     <span class='ocr_line' id='line_1_31' title="bbox 194 3981 1477 4067; baseline 0.006 -20"><span class='ocrx_word' id='word_1_230' title='bbox 194 3985 311 4047; x_wconf 90' lang='lat' dir='ltr'><strong>velitis</strong></span> <span class='ocrx_word' id='word_1_231' title='bbox 343 3981 470 4044; x_wconf 89' lang='lat' dir='ltr'><strong>vestris</strong></span> <span class='ocrx_word' id='word_1_232' title='bbox 500 3981 671 4043; x_wconf 90' lang='lat' dir='ltr'><strong>similibus</strong></span> <span class='ocrx_word' id='word_1_233' title='bbox 700 3982 805 4043; x_wconf 92' lang='lat' dir='ltr'><strong>claris</strong></span> <span class='ocrx_word' id='word_1_234' title='bbox 836 3983 1010 4065; x_wconf 83' lang='lat' dir='ltr'><strong>bonisque</strong></span> <span class='ocrx_word' id='word_1_235' title='bbox 1044 3984 1263 4067; x_wconf 89' lang='lat' dir='ltr'><strong>principibus</strong></span> <span class='ocrx_word' id='word_1_236' title='bbox 1287 3988 1477 4055; x_wconf 89' lang='lat' dir='ltr'><strong>vobiscum</strong></span> 
     </span>
     <span class='ocr_line' id='line_1_32' title="bbox 193 4089 1477 4174; baseline 0.005 -21"><span class='ocrx_word' id='word_1_237' title='bbox 193 4089 368 4153; x_wconf 87' lang='lat' dir='ltr'><strong>adiunctis</strong></span> <span class='ocrx_word' id='word_1_238' title='bbox 392 4109 495 4171; x_wconf 87' lang='lat' dir='ltr'><strong>opem</strong></span> <span class='ocrx_word' id='word_1_239' title='bbox 521 4108 585 4169; x_wconf 94' lang='lat' dir='ltr'><strong>pro</strong></span> <span class='ocrx_word' id='word_1_240' title='bbox 610 4099 730 4150; x_wconf 91' lang='lat' dir='ltr'><strong>vestra</strong></span> <span class='ocrx_word' id='word_1_241' title='bbox 754 4100 855 4171; x_wconf 90' lang='lat' dir='ltr'><strong>parte</strong></span> <span class='ocrx_word' id='word_1_242' title='bbox 880 4091 984 4170; x_wconf 89' lang='lat' dir='ltr'><strong>ferre,</strong></span> <span class='ocrx_word' id='word_1_243' title='bbox 1009 4104 1047 4152; x_wconf 94' lang='lat' dir='ltr'><strong>ut</strong></span> <span class='ocrx_word' id='word_1_244' title='bbox 1071 4113 1092 4154; x_wconf 90' lang='lat' dir='ltr'><strong>a</strong></span> <span class='ocrx_word' id='word_1_245' title='bbox 1115 4093 1241 4174; x_wconf 90' lang='lat' dir='ltr'><strong>patria,</strong></span> <span class='ocrx_word' id='word_1_246' title='bbox 1266 4103 1301 4155; x_wconf 91' lang='lat' dir='ltr'><strong>et</strong></span> <span class='ocrx_word' id='word_1_247' title='bbox 1325 4096 1477 4162; x_wconf 88' lang='lat' dir='ltr'><strong>natione</strong></span> 
     </span>
     <span class='ocr_line' id='line_1_33' title="bbox 193 4195 1474 4287; baseline 0.008 -28"><span class='ocrx_word' id='word_1_248' title='bbox 193 4207 327 4275; x_wconf 88' lang='lat' dir='ltr'><strong>vestra,</strong></span> <span class='ocrx_word' id='word_1_249' title='bbox 359 4195 394 4257; x_wconf 91' lang='lat' dir='ltr'><strong>in</strong></span> <span class='ocrx_word' id='word_1_250' title='bbox 419 4216 488 4276; x_wconf 93' lang='lat' dir='ltr'><strong>qua</strong></span> <span class='ocrx_word' id='word_1_251' title='bbox 513 4214 652 4275; x_wconf 92' lang='lat' dir='ltr'><strong>semper</strong></span> <span class='ocrx_word' id='word_1_252' title='bbox 676 4215 762 4274; x_wconf 90' lang='lat' dir='ltr'><strong>prae</strong></span> <span class='ocrx_word' id='word_1_253' title='bbox 787 4197 938 4266; x_wconf 85' lang='lat' dir='ltr'><strong>coeteris</strong></span> <span class='ocrx_word' id='word_1_254' title='bbox 963 4197 1162 4260; x_wconf 83' lang='lat' dir='ltr'><strong>Christiana</strong></span> <span class='ocrx_word' id='word_1_255' title='bbox 1187 4200 1313 4282; x_wconf 84' lang='lat' dir='ltr'><strong>religio</strong></span> <span class='ocrx_word' id='word_1_256' title='bbox 1338 4201 1474 4287; x_wconf 88' lang='lat' dir='ltr'><strong>floruit,</strong></span> 
     </span>
     <span class='ocr_line' id='line_1_34' title="bbox 193 4300 1476 4390; baseline 0.006 -24"><span class='ocrx_word' id='word_1_257' title='bbox 193 4304 273 4366; x_wconf 90' lang='lat' dir='ltr'><strong>talis</strong></span> <span class='ocrx_word' id='word_1_258' title='bbox 296 4302 425 4385; x_wconf 90' lang='lat' dir='ltr'><strong>pestis,</strong></span> <span class='ocrx_word' id='word_1_259' title='bbox 457 4312 492 4363; x_wconf 91' lang='lat' dir='ltr'><strong>et</strong></span> <span class='ocrx_word' id='word_1_260' title='bbox 517 4300 697 4364; x_wconf 89' lang='lat' dir='ltr'><strong>calamitas</strong></span> <span class='ocrx_word' id='word_1_261' title='bbox 722 4302 913 4384; x_wconf 89' lang='lat' dir='ltr'><strong>aliquando</strong></span> <span class='ocrx_word' id='word_1_262' title='bbox 939 4305 1203 4384; x_wconf 87' lang='lat' dir='ltr'><strong>exterminetur,</strong></span> <span class='ocrx_word' id='word_1_263' title='bbox 1227 4326 1269 4368; x_wconf 92' lang='lat' dir='ltr'><strong>ac</strong></span> <span class='ocrx_word' id='word_1_264' title='bbox 1293 4317 1346 4369; x_wconf 89' lang='lat' dir='ltr'><strong>tot</strong></span> <span class='ocrx_word' id='word_1_265' title='bbox 1370 4329 1476 4390; x_wconf 89' lang='lat' dir='ltr'><strong>pere-</strong></span> 
     </span>
     <span class='ocr_line' id='line_1_35' title="bbox 194 4407 1476 4497; baseline 0.005 -25"><span class='ocrx_word' id='word_1_266' title='bbox 194 4410 328 4473; x_wconf 91' lang='lat' dir='ltr'><strong>untium</strong></span> <span class='ocrx_word' id='word_1_267' title='bbox 353 4408 545 4471; x_wconf 88' lang='lat' dir='ltr'><strong>animarum</strong></span> <span class='ocrx_word' id='word_1_268' title='bbox 571 4407 696 4487; x_wconf 91' lang='lat' dir='ltr'><strong>saluti,</strong></span> <span class='ocrx_word' id='word_1_269' title='bbox 726 4419 761 4470; x_wconf 89' lang='lat' dir='ltr'><strong>et</strong></span> <span class='ocrx_word' id='word_1_270' title='bbox 785 4411 919 4490; x_wconf 86' lang='lat' dir='ltr'><strong>legum,</strong></span> <span class='ocrx_word' id='word_1_271' title='bbox 943 4413 1116 4473; x_wconf 92' lang='lat' dir='ltr'><strong>bonorum</strong></span> <span class='ocrx_word' id='word_1_272' title='bbox 1141 4433 1288 4489; x_wconf 88' lang='lat' dir='ltr'><strong>morum,</strong></span> <span class='ocrx_word' id='word_1_273' title='bbox 1313 4416 1476 4497; x_wconf 88' lang='lat' dir='ltr'><strong>superio·</strong></span> 
     </span>
     <span class='ocr_line' id='line_1_36' title="bbox 192 4517 1475 4605; baseline 0.007 -26"><span class='ocrx_word' id='word_1_274' title='bbox 192 4538 268 4579; x_wconf 93' lang='lat' dir='ltr'><strong>rum</strong></span> <span class='ocrx_word' id='word_1_275' title='bbox 290 4527 506 4597; x_wconf 89' lang='lat' dir='ltr'><strong>potestatum</strong></span> <span class='ocrx_word' id='word_1_276' title='bbox 538 4534 628 4594; x_wconf 88' lang='lat' dir='ltr'><strong>quae</strong></span> <span class='ocrx_word' id='word_1_277' title='bbox 653 4535 717 4594; x_wconf 85' lang='lat' dir='ltr'><strong>per</strong></span> <span class='ocrx_word' id='word_1_278' title='bbox 748 4517 840 4578; x_wconf 94' lang='lat' dir='ltr'><strong>hanc</strong></span> <span class='ocrx_word' id='word_1_279' title='bbox 864 4519 1102 4580; x_wconf 88' lang='lat' dir='ltr'><strong>turbulentam</strong></span> <span class='ocrx_word' id='word_1_280' title='bbox 1133 4520 1285 4582; x_wconf 89' lang='lat' dir='ltr'><strong>heresim</strong></span> <span class='ocrx_word' id='word_1_281' title='bbox 1318 4521 1354 4584; x_wconf 90' lang='lat' dir='ltr'><strong>in</strong></span> <span class='ocrx_word' id='word_1_282' title='bbox 1379 4525 1475 4605; x_wconf 88' lang='lat' dir='ltr'><strong>peri·</strong></span> 
     </span>
     <span class='ocr_line' id='line_1_37' title="bbox 192 4621 1475 4708; baseline 0.006 -23"><span class='ocrx_word' id='word_1_283' title='bbox 192 4626 307 4685; x_wconf 91' lang='lat' dir='ltr'><strong>culum</strong></span> <span class='ocrx_word' id='word_1_284' title='bbox 331 4623 507 4683; x_wconf 88' lang='lat' dir='ltr'><strong>adductae</strong></span> <span class='ocrx_word' id='word_1_285' title='bbox 532 4633 629 4700; x_wconf 89' lang='lat' dir='ltr'><strong>sunt,</strong></span> <span class='ocrx_word' id='word_1_286' title='bbox 663 4621 893 4684; x_wconf 91' lang='lat' dir='ltr'><strong>incolumitati</strong></span> <span class='ocrx_word' id='word_1_287' title='bbox 918 4625 1142 4708; x_wconf 88' lang='lat' dir='ltr'><strong>consulatur,</strong></span> <span class='ocrx_word' id='word_1_288' title='bbox 1168 4646 1246 4689; x_wconf 90' lang='lat' dir='ltr'><strong>cum</strong></span> <span class='ocrx_word' id='word_1_289' title='bbox 1270 4626 1376 4691; x_wconf 85' lang='lat' dir='ltr'><strong>facile</strong></span> <span class='ocrx_word' id='word_1_290' title='bbox 1400 4629 1475 4695; x_wconf 87' lang='lat' dir='ltr'><strong>iarn</strong></span> 
     </span>
     <span class='ocr_line' id='line_1_38' title="bbox 191 4728 1476 4823; baseline 0.007 -30"><span class='ocrx_word' id='word_1_291' title='bbox 191 4730 354 4793; x_wconf 91' lang='lat' dir='ltr'><strong>omnibus</strong></span> <span class='ocrx_word' id='word_1_292' title='bbox 383 4737 571 4809; x_wconf 89' lang='lat' dir='ltr'><strong>appareat,</strong></span> <span class='ocrx_word' id='word_1_293' title='bbox 607 4728 672 4789; x_wconf 89' lang='lat' dir='ltr'><strong>nisi</strong></span> <span class='ocrx_word' id='word_1_294' title='bbox 707 4749 855 4809; x_wconf 88' lang='lat' dir='ltr'><strong>presens</strong></span> <span class='ocrx_word' id='word_1_295' title='bbox 890 4732 1084 4794; x_wconf 90' lang='lat' dir='ltr'><strong>remedium</strong></span> <span class='ocrx_word' id='word_1_296' title='bbox 1120 4732 1226 4795; x_wconf 88' lang='lat' dir='ltr'><strong>fuerit</strong></span> <span class='ocrx_word' id='word_1_297' title='bbox 1261 4735 1476 4823; x_wconf 87' lang='lat' dir='ltr'><strong>adhibitum,</strong></span> 
     </span>
    </p>
   </div>
   <div class='ocr_carea' id='block_1_9' title="bbox 0 0 1676 5564">
    <p class='ocr_par' dir='ltr' id='par_1_9' title="bbox 0 0 1676 5564">
     <span class='ocr_line' id='line_1_39' title="bbox 0 0 1676 5564; baseline 0 3"><span class='ocrx_word' id='word_1_298' title='bbox 0 0 1676 5564; x_wconf 95' lang='lat' dir='ltr'><strong> </strong></span> 
     </span>
    </p>
   </div>
  </div>
 </body>
</html>
