3330 5580
783 475 1029 536 &fridh-⁶

267 639 336 703 que
360 622 510 704 gloriam
542 635 576 686 et
601 622 680 687 Deo
713 636 749 687 et
781 628 913 691 mundo
946 639 982 692 et
1006 628 1177 713 singulari
1202 629 1323 694 virtuti
1349 641 1497 696 vestrae
1524 642 1560 696 et

268 730 509 811 expectationi
542 742 746 795 cunctarum
779 735 936 813 gentium
962 737 1145 802 exhibere.
1167 739 1299 802 Datum
1324 740 1461 802 XXIII
1486 741 1561 803 Au·

267 837 363 917 gusti
387 837 588 900 MDXXV.
637 840 744 902 Anno
768 843 936 907 secundo

869 1369 933 1433 248

550 1493 709 1574 Clemens
738 1493 816 1574 VII.
846 1494 1055 1575 bavarensi
1083 1494 1277 1576 cardinali.

341 1650 484 1722 (moment.
502 1650 563 1708 vn
582 1649 722 1723 bpbtolae
741 1651 779 1708 ad
795 1651 933 1725 principer
951 1667 1001 1725 per
1020 1651 1183 1711 dadolotum
1200 1653 1325 1727 scriptae
1342 1654 1387 1713 iol.
1408 1655 1479 1725 201.)

756 1777 809 1846 (23.
831 1781 945 1841 Augusti
968 1784 1052 1842 1525.)

355 1923 458 1986 Ven¹⁸
483 1922 611 1986 Frater
638 1922 787 1985 salutem
811 1931 877 1985 etc.
933 1921 1112 2002 Quantum
1146 1923 1340 2005 profecerit
1373 1925 1410 1989 in
1442 1929 1557 1992 tantis

267 2030 480 2094 Germaniae
511 2030 667 2092 motibus
695 2040 777 2092 tuae
808 2028 1042 2092 fraternitatis
1072 2029 1185 2093 virtus
1216 2040 1252 2094 et
1281 2033 1474 2113 prudentia
1508 2039 1555 2098 ad

267 2138 453 2220 impiorum
477 2137 658 2199 hominum
682 2137 851 2199 tumultus
875 2136 1071 2216 sedandos,
1106 2147 1167 2199 aut
1200 2138 1307 2201 etiam
1337 2141 1444 2202 armis
1477 2143 1554 2205 vin-

268 2245 450 2324 dicandos,
476 2254 530 2306 est
554 2244 657 2306 nobis
681 2244 787 2324 plane
813 2242 1005 2324 cognitum,
1026 2242 1182 2325 nihilque
1198 2265 1328 2308 novum
1345 2247 1390 2309 de
1406 2248 1555 2330 virtute,
1594 2260 1597 2265 '

267 2363 302 2415 et
325 2351 499 2433 religione
523 2362 584 2413 tua
607 2351 853 2413 intelleximus.
902 2349 1030 2411 Sumus
1061 2350 1153 2413 enim
1178 2350 1309 2415 iamdiu
1340 2353 1376 2416 in
1408 2375 1451 2417 ea
1476 2358 1555 2439 opi·

267 2461 387 2536 nione,
416 2470 453 2520 ut
484 2459 519 2520 in
554 2469 588 2520 te
612 2457 806 2520 iudicemus
832 2456 955 2538 vigere
987 2460 1188 2540 exemplum
1223 2468 1258 2521 et
1285 2460 1429 2540 pietatis
1460 2483 1555 2546 erga

266 2568 392 2646 Deum,
417 2578 452 2628 et
477 2564 692 2644 integritatis
716 2563 877 2626 eximiae.
926 2564 1016 2626 Illud
1042 2566 1200 2628 maxime·
1218 2566 1360 2648 quidem
1395 2590 1460 2632 nos
1492 2574 1553 2635 de-

267 2673 411 2737 lectavit
436 2672 470 2733 in
496 2680 595 2733 tanta
619 2670 827 2733 confusione
860 2692 974 2733 rerum
1007 2672 1178 2751 omnium,
1211 2685 1246 2735 et
1278 2677 1554 2755 perturbatione

265 2790 378 2843 status
402 2779 632 2842 ecclesiastici
655 2779 704 2840 ita
728 2777 894 2840 enituisse
919 2777 1084 2841 virtutem
1109 2790 1215 2859 tuam,
1234 2792 1272 2842 ut
1294 2780 1554 2866 intelligerent,

268 2899 302 2949 et
331 2887 502 2949 sentirent
526 2885 695 2966 improbi,
730 2885 863 2948 Summi
901 2885 967 2947 Dei
1006 2883 1221 2949 Sacerdotes
1261 2889 1366 2950 etiam
1405 2892 1452 2953 ad
1493 2914 1554 2956 res

267 3015 415 3076 magnas
455 2994 670 3073 temporales
710 2994 888 3072 gerendas
928 2992 1079 3054 inveniri
1117 2992 1275 3058 idoneas.
1337 2994 1553 3079 Quanquam

265 3103 437 3165 nollemus
461 3120 551 3182 opus
575 3099 683 3161 fuisse
708 3098 829 3160 armis:
855 3100 918 3161 sed
943 3099 971 3161 si
995 3120 1093 3161 arma
1121 3100 1322 3163 necessaria
1345 3113 1444 3183 sunt,
1476 3125 1553 3170 nou

266 3221 347 3271 sunt
378 3209 438 3270 illa
469 3207 708 3288 repudianda,
740 3205 926 3286 presertim
960 3207 988 3267 si
1021 3207 1066 3268 ad
1098 3206 1407 3271 conservationem
1438 3231 1553 3275 verae

266 3327 301 3379 et
319 3335 426 3378 sanae
452 3313 580 3376 Christi
605 3312 708 3390 fidei,
738 3322 774 3374 et
798 3314 843 3374 ad
868 3312 1086 3394 reipublicae
1111 3313 1333 3378 Christianae
1358 3317 1554 3383 utilitatem

265 3434 405 3504 sumpta
429 3420 582 3485 fuerunt.
630 3419 733 3500 Quod
758 3419 793 3481 in
819 3429 853 3481 te
879 3419 1057 3500 evenisse,
1089 3431 1255 3502 tuamque
1280 3421 1386 3484 animi
1411 3427 1538 3505 magni

267 3530 422 3592 tudinem
447 3549 526 3590 cum
553 3529 628 3590 Deo
655 3537 690 3589 et
714 3547 792 3589 cum
816 3527 990 3608 religione
1020 3527 1128 3590 fuisse
1163 3527 1404 3608 coniunctam,
1439 3532 1552 3610 pluri·

266 3658 358 3699 mum
382 3638 588 3717 gaudemuS,
613 3635 782 3715 ‘suaeque
807 3633 1036 3696 Fraternitati
1061 3636 1104 3698 de
1122 3645 1221 3697 tanta
1236 3635 1415 3716 exquisita
1440 3640 1552 3703 laude

265 3745 494 3824 gratulamur.
551 3742 624 3805 Nos
658 3742 817 3823 quidem,
847 3741 904 3823 qui
934 3741 997 3803 tibi
1029 3762 1170 3824 semper
1198 3763 1244 3827 ex
1275 3742 1391 3806 animo
1424 3743 1550 3810 affecti

263 3851 411 3930 fuimus,
445 3850 691 3931 insignemque
726 3868 813 3930 erga
844 3859 879 3911 te
914 3849 1089 3929 gessimus
1120 3850 1418 3931 benivolentiam,
1453 3854 1551 3918 hanc

264 3970 359 4019 tuam
384 3957 524 4019 laudem
551 3955 709 4018 ducimus
733 3956 837 4017 nobis
861 3977 954 4037 pene
971 3977 1189 4019 communem
1207 3977 1284 4020 esse
1301 3967 1429 4038 tecum,
1455 3981 1551 4042 quae

265 4075 300 4129 et
324 4065 353 4126 si
377 4063 516 4145 magnis
540 4063 734 4143 laboribus,
750 4073 785 4126 et
802 4062 1096 4126 sollicitudinibus
1113 4064 1178 4126 fuit
1200 4064 1319 4143 mixta,
1344 4067 1411 4127 hoc
1427 4076 1549 4132 tamen

218 4178 222 4191 '
263 4170 329 4234 fuit
352 4170 543 4252 insignior,
580 4171 674 4251 quod
707 4168 897 4233 illustriore
930 4170 1143 4233 documento
1174 4171 1357 4253 patefacta
1385 4182 1456 4248 est;
1492 4188 1550 4239 est

264 4279 356 4341 enim
382 4278 493 4340 virtus
516 4277 550 4339 in
582 4276 851 4339 difficultatibus
883 4276 1086 4358 perfectior.
1146 4278 1317 4341 Volumus
1341 4278 1463 4362 itaque
1488 4302 1548 4345 ex·

262 4386 419 4448 istimare
449 4385 722 4447 Fraternitatem
754 4396 848 4447 tuam
882 4404 946 4446 nos
981 4397 1016 4447 et
1048 4384 1166 4447 multis
1190 4384 1393 4466 praeteritis
1418 4386 1547 4453 officiis

263 4492 328 4554 tibi
358 4513 435 4555 esse
466 4492 670 4570 devinctos,
711 4502 747 4554 et
781 4494 848 4554 hoc
880 4491 1015 4554 recenti
1048 4502 1177 4554 eventu
1208 4492 1257 4554 ita
1294 4492 1462 4557 incitatos
1499 4496 1545 4557 ad

263 4619 418 4661 amorem
444 4610 479 4661 et
500 4598 708 4661 charitatem
733 4598 793 4677 tui,
819 4607 855 4660 ut
870 4597 953 4660 nihil
979 4599 1034 4677 sit,
1059 4601 1153 4680 quod
1179 4610 1236 4663 tua
1254 4619 1372 4678 causa,
1390 4601 1544 4666 Domino

263 4705 464 4785 adiuvante,
489 4725 560 4767 non
598 4704 751 4767 libenter
783 4705 910 4767 facturi
940 4705 1047 4768 simus
1114 4705 1188 4769 Nec
1225 4727 1311 4769 vero
1344 4727 1435 4788 opus
1466 4730 1545 4773 esse

263 4823 426 4893 putamus
452 4822 485 4873 te
516 4811 670 4891 hortari,
708 4821 746 4873 ut
777 4811 811 4873 in
843 4811 1009 4893 prIstina,
1050 4825 1086 4874 et
1115 4812 1184 4875 iarn
1216 4825 1381 4898 suscepta
1414 4814 1544 4881 virtute
