3330 5580
701 475 947 530 043518&

188 624 237 685 rei
263 625 505 705 perpendere,
539 624 583 685 de
617 643 681 685 suo
714 631 749 684 et
780 622 894 684 tocius
926 620 1201 684 Christianitatis
1229 619 1412 684 beneficio
1438 629 1475 682 et

189 731 308 812 quiete
321 730 391 812 agi,
416 731 444 791 si
461 729 516 791 his
534 728 713 791 erroribus
729 729 810 791 finis
826 727 959 809 imponi
975 727 1103 810 possit:
1121 727 1256 790 hortari
1272 738 1474 810 propterea

188 838 268 901 illos
300 836 438 918 imperii
470 836 649 918 principes
684 846 722 898 ut
753 857 826 898 rem
858 835 957 897 cordi
988 837 1144 898 habeant
1172 855 1278 917 quarn
1308 834 1472 916 alioquin

187 944 295 1006 ceteri
319 943 504 1025 negligere
528 964 599 1005 non
623 952 808 1024 poterunt;
840 943 935 1022 quod
964 940 1079 1022 ipsum
1103 961 1168 1023 per
1192 939 1383 1004 Caesarem
1415 962 1473 1004 co·

187 1050 276 1113 mitti
301 1059 422 1131 posset
444 1049 520 1113 fieri
552 1060 586 1112 et
618 1049 780 1132 partibus
804 1048 972 1110 Flandrie
1005 1057 1043 1110 ut
1079 1057 1115 1110 et
1145 1047 1253 1112 ilhinc
1285 1047 1476 1111 mittantur

188 1157 246 1238 qui
272 1157 349 1239 pari
375 1167 458 1219 voto
484 1177 557 1219 rem
575 1156 753 1219 adiuvent.
794 1156 850 1218 Ad
869 1157 946 1233 hoc,
964 1175 1072 1237 opere
1090 1155 1249 1237 precium
1274 1153 1477 1217 arbitrarer

187 1285 264 1327 esse
296 1264 389 1345 quod
428 1265 604 1327 Caesarea
635 1264 805 1326 Maiestas
836 1271 956 1344 preter
990 1261 1127 1325 litteras
1157 1264 1348 1344 generales
1380 1282 1476 1343 quas

187 1371 357 1433 emissura
382 1383 453 1450 est,
486 1383 544 1433 aut
569 1370 636 1433 iam
664 1380 865 1452 opportune
890 1368 1014 1449 emisit,
1038 1370 1209 1450 quasdam
1234 1380 1405 1451 preterea
1439 1380 1476 1431 et

187 1479 252 1540 has
285 1477 426 1558 quidem
458 1478 622 1559 proprias
647 1487 682 1538 et
714 1475 978 1540 efficacissimas
1009 1476 1182 1539 scriberet
1211 1477 1257 1541 ad
1285 1475 1476 1559 principes

186 1584 325 1665 imperii
358 1587 590 1665 temporaleS,
623 1585 670 1647 ad
703 1583 864 1646 civitates
894 1584 977 1645 item
1002 1581 1215 1664 imperiales,
1241 1584 1476 1646 admonendo

188 1691 350 1771 eosdem,
374 1690 464 1754 sicut
489 1711 552 1754 sue
575 1690 757 1753 Maiestati
782 1690 932 1772 negocio
958 1689 1149 1753 convenire
1174 1689 1372 1751 videretur:
1406 1691 1476 1753 hec

188 1808 303 1860 autem
337 1798 454 1860 omnia
494 1796 523 1859 si
562 1796 717 1879 alioquin
757 1807 919 1878 prestare
952 1796 1140 1858 videantur
1170 1817 1255 1858 cura
1288 1817 1400 1878 opera
1439 1810 1476 1860 et

188 1905 373 1986 diligentia
397 1913 515 1968 vestre
540 1903 768 1967 beatitudinis
793 1902 1015 1966 conficienda
1039 1924 1118 1966 esse
1143 1923 1283 1966 censeo

278 2009 350 2073 Sed
399 2031 492 2093 pene
531 2009 824 2092 pretermisissem
869 2010 965 2090 quod
1007 2008 1147 2072 minime
1192 2013 1477 2091 pretereundum

188 2119 330 2182 fuisset:
356 2119 469 2181 videri
494 2118 577 2180 mihi
602 2137 673 2180 non
697 2119 762 2180 abs
786 2138 824 2180 re
856 2138 951 2198 esse,
983 2117 1088 2180 immo
1122 2117 1276 2180 maxime
1308 2138 1477 2181 necessa·

189 2225 276 2287 rium
302 2228 396 2306 quod
421 2234 541 2288 vestra
558 2224 760 2304 Beatitudo,
786 2226 988 2307 quempiam
1003 2227 1162 2306 legatum
1180 2245 1199 2287 e
1216 2227 1328 2288 latere
1344 2227 1478 2289 eodem

190 2332 303 2394 mittat
319 2332 485 2395 idoneum
505 2331 722 2414 aptissimum
739 2351 780 2393 ac
796 2352 912 2394 rerum
929 2334 1193 2395 tractandarum
1209 2331 1479 2415 peritissimum,

190 2439 246 2500 cui
283 2459 399 2520 neque
424 2449 584 2520 potestas
608 2437 824 2520 amplissima
855 2437 946 2500 desit
981 2437 1010 2499 si
1039 2437 1132 2501 forte
1164 2438 1347 2521 quidpiam
1379 2451 1480 2504 esset

191 2546 286 2627 quod
310 2545 406 2607 illam
440 2547 647 2627 postularet,
678 2565 744 2608 nec
769 2548 816 2608 ab
845 2565 887 2607 eo
917 2544 1089 2607 mittendo
1117 2565 1156 2608 se
1180 2545 1361 2609 contineat
1392 2548 1482 2629 quia

190 2652 250 2733 qui
274 2663 379 2715 antea
404 2652 500 2717 missi
524 2663 604 2715 sunt
628 2650 780 2714 fructum
805 2651 932 2714 afferre
957 2650 1182 2732 nequiverint
1215 2663 1251 2714 et
1281 2654 1397 2734 magis
1428 2656 1480 2717 lu·

191 2757 306 2820 dibrio
330 2758 443 2820 habiti
476 2769 557 2820 sunt
590 2779 695 2839 quarn
727 2760 822 2840 quod
853 2761 925 2821 ulla
957 2759 1115 2841 ipsorum
1147 2758 1238 2821 ratio
1271 2760 1479 2824 duceretur.

192 2865 328 2927 Etenim
360 2885 429 2947 ego
461 2865 672 2929 crediderim
707 2867 803 2946 quod
831 2886 902 2929 non
938 2865 1063 2939 eadem
1098 2864 1189 2927 ratio
1221 2864 1265 2927 sit
1296 2868 1482 2947 presentis

191 2992 296 3053 quam
321 2972 483 3053 preteriti
507 2974 676 3054 temporis
692 2973 768 3055 fuit,
793 2973 1080 3054 quandoquidem
1104 2991 1207 3034 nemo
1223 2981 1308 3035 tunc
1330 2992 1482 3055 persua-

192 3078 267 3141 deri
306 3078 417 3140 voluit
450 3079 566 3142 labem
602 3082 693 3142 hanc
730 3082 825 3161 quod
860 3078 946 3142 fecit
980 3089 1107 3161 postea
1139 3078 1326 3141 incomode
1361 3079 1480 3145 fuisse

191 3185 396 3267 parituram.
443 3185 521 3268 Jam
545 3199 663 3250 autem
688 3208 791 3250 nemo
822 3208 894 3250 non
926 3187 1023 3249 videt
1055 3185 1182 3267 quibus
1214 3185 1484 3250 calamitatibus

193 3293 374 3355 subiectus
400 3293 505 3356 luerit
529 3305 564 3355 et
588 3294 701 3376 magis
726 3315 804 3358 esse
828 3292 941 3376 possit
964 3293 1032 3356 nisi
1054 3292 1171 3356 omnia
1186 3293 1484 3374 redintegrentur

193 3410 230 3461 ut
255 3409 389 3461 certum
414 3399 458 3461 sit
482 3401 655 3463 rationem
679 3401 792 3483 ipsam
816 3421 886 3464 non
912 3421 990 3463 esse
1016 3399 1252 3463 necessariam
1276 3399 1312 3461 in
1330 3414 1482 3480 persua·

193 3505 319 3569 dendis
342 3505 412 3568 illis
436 3526 525 3587 quos
546 3507 623 3588 ipsa
646 3528 763 3570 rerum
779 3507 1001 3590 experientia
1024 3506 1110 3570 satis
1134 3525 1312 3587 superque
1344 3507 1482 3589 docuit,

194 3613 344 3696 proinde
368 3614 524 3698 legatum
550 3635 619 3677 non
644 3615 820 3678 incassum
843 3614 971 3677 iturum
996 3614 1194 3695 putaverim
1218 3612 1274 3675 cui
1300 3613 1406 3675 etiam
1433 3616 1482 3678 de

194 3720 330 3783 itineris
354 3719 544 3783 securitate
570 3721 763 3784 timendum
792 3741 862 3784 non
896 3721 981 3801 erit,
1020 3741 1127 3801 quum
1162 3718 1389 3802 profecturus
1424 3733 1482 3784 est

194 3849 258 3911 per
281 3830 361 3890 loca
385 3827 597 3891 serenissimi
622 3828 793 3910 principis
816 3849 927 3912 usque
952 3848 1066 3911 prope
1091 3830 1291 3910 Augustam
1315 3847 1382 3908 per
1406 3827 1480 3890 die-

195 3947 280 4014 tam,
306 3946 341 3998 et
364 3937 457 3999 bene
481 3935 593 4016 possit
617 3935 798 4018 provideri
821 3936 916 4018 quod
942 3945 977 3998 et
1000 3935 1173 3998 tutissime
1197 3934 1249 3997 ire
1273 3942 1310 3996 et
1331 3935 1479 3997 honori-

194 4042 419 4105 ficentissime
445 4042 561 4124 excipi
577 4042 705 4124 possit;
730 4043 792 4105 sed
817 4053 938 4124 preter
953 4045 1111 4125 legatum
1127 4042 1303 4104 conducet
1320 4040 1477 4105 maxime

195 4151 291 4231 quod
314 4149 505 4212 Beatitudo
531 4149 580 4209 Va
604 4150 729 4212 litteris
753 4150 824 4213 suis
847 4151 1009 4212 hortetur
1032 4158 1105 4211 tam
1129 4147 1309 4231 principes
1337 4147 1480 4230 imperii

198 4277 301 4339 quam
326 4257 432 4319 etiam
450 4256 672 4319 comissarios
688 4257 827 4321 Cesaris
852 4256 942 4320 sicut
964 4257 1044 4339 ipsa
1067 4257 1263 4338 prudenter
1287 4263 1323 4318 et
1347 4274 1477 4338 oppor-

196 4375 280 4426 tune
311 4363 450 4427 noverit
479 4385 557 4426 esse
589 4365 831 4427 adhortandos
863 4374 934 4427 tam
965 4384 1031 4446 pro
1064 4365 1140 4426 zelo
1169 4360 1253 4424 fidei
1285 4361 1479 4426 christiane

197 4492 302 4552 quam
334 4470 439 4533 etiam
459 4479 552 4533 statu
577 4481 612 4533 et
627 4474 762 4533 honore
780 4471 1019 4534 ecclesiastice
1035 4469 1221 4552 dignitatis
1237 4467 1478 4532 defendendo.

286 4578 488 4641 Proderunt
516 4578 584 4641 ista
618 4578 759 4641 comitia
789 4589 828 4641 ut
859 4578 1013 4640 arbitror
1043 4576 1194 4658 primum
1225 4584 1264 4636 ut
1288 4574 1408 4655 aliqua
1433 4596 1479 4638 ex

197 4695 300 4766 parte
325 4685 461 4748 heresis
486 4687 551 4748 hec
576 4686 735 4766 sopiatur
759 4687 853 4747 unde
878 4692 930 4746 tot
944 4683 1069 4765 rapine
1085 4681 1304 4744 vastationes
1319 4683 1478 4745 locorum

198 4792 304 4854 cedes
320 4792 484 4855 incendia
508 4803 560 4854 tot
584 4792 737 4872 denique
758 4790 896 4874 flagitia
921 4800 1170 4875 processerunt
1198 4798 1234 4851 et
1258 4808 1364 4870 quum
1390 4790 1478 4851 ordo
