3344 5564
724 474 874 533 ο-43379
914 475 972 531 ΕΗ

209 617 291 680 stati
325 628 361 683 et
384 619 488 683 nobis
511 640 582 683 nou
606 641 710 683 secus
733 642 836 702 quam
862 622 891 685 si
915 623 950 685 in
976 644 1040 685 nos
1064 622 1161 704 ipsos
1186 622 1352 684 collatum
1384 628 1487 696 esset,

209 725 399 789 admodum
424 726 699 809 gratificabitur,
733 731 828 811 quod
853 729 948 793 omni
971 729 1070 792 filiali
1096 728 1214 791 officio
1239 738 1274 791 et
1299 727 1489 789 devotione

210 851 446 915 compensare
483 836 705 899 studebimus
739 857 826 919 erga
864 839 1013 900 eandem
1048 835 1282 899 Sanctitatem
1320 834 1485 897 Vestram

211 937 325 1019 Quam
349 941 447 1004 Deus
471 942 623 1023 optimus
647 942 743 1006 Max.
772 944 933 1008 Ecclesie
961 965 1047 1007 suae
1081 942 1339 1025 gubernandae
1371 939 1488 1003 diutis·
1561 1008 1563 1012 ,
1607 978 1610 987 -

212 1045 299 1108 sime
324 1057 511 1111 conservet
535 1047 746 1113 incolumen.

299 1170 356 1234 Ex
380 1172 549 1236 Bruxelle
561 1173 630 1237 Die
646 1174 775 1238 Tereia
795 1173 962 1239 Octobris
987 1175 1094 1238 Anno
1111 1174 1254 1237 Domini
1270 1170 1488 1236 MDXXIV.

425 1296 464 1363 E.
490 1295 524 1361 S.
548 1298 593 1361 V.

300 1402 541 1468 Devotissima
564 1403 637 1468 filia
659 1404 867 1487 Margareta
883 1406 1138 1469 Archiducissa
1155 1405 1321 1468 Austriae
1341 1402 1491 1466 Ducissa

217 1518 250 1571 et
274 1507 463 1574 Comitissa
486 1511 717 1593 Burgundiae
742 1523 777 1575 et
800 1513 919 1575 Vidua
944 1510 1147 1575 Sabaudiae
1172 1522 1207 1574 et
1225 1509 1491 1574 Provinciarum

216 1613 391 1680 inferioris
415 1617 646 1703 Burgundiae
670 1618 911 1683 Gubernatrix
935 1629 1002 1682 etc.

1149 1723 1331 1799 lumento.

784 1906 802 1919 »Λ
810 1904 901 1919 ἰὸν-’,Ἰν
905 1904 955 1920 ΜΙ

523 2209 525 2213 ,
569 2252 781 2357 campagus
808 2138 957 2337 inilila.
987 2253 1136 2337 ilberto.

681 2401 779 2476 (Epist
795 2402 912 2477 prluclp.
930 2403 953 2460 1.
972 2402 1026 2469 ih)

708 2522 744 2588 (9.
764 2523 889 2573 Octobris
912 2519 1000 2589 1524.)

303 2662 379 2726 Alli
401 2671 544 2744 quattro
568 2663 696 2727 scrisse
719 2663 963 2727 ultimamente
987 2685 1008 2726 a
1025 2664 1068 2726 V.
1087 2661 1123 2727 S.
1149 2673 1185 2726 et
1208 2663 1243 2725 di
1269 2663 1329 2746 poi
1352 2666 1380 2726 sl
1406 2684 1494 2726 sono

196 2764 349 2834 havute
373 2770 434 2833 alli
457 2771 585 2853 cinque
608 2774 641 2835 le
665 2792 727 2835 soe
752 2773 797 2835 de
821 2772 919 2834 XXI
952 2781 988 2834 et
1011 2771 1127 2834 XXII
1162 2772 1220 2834 del
1250 2780 1394 2854 passato
1428 2790 1494 2833 con

194 2872 243 2943 le
269 2877 370 2961 quali
395 2898 503 2941 erano
528 2879 561 2940 le
586 2880 681 2943 bolle
707 2878 742 2940 di
766 2875 801 2943 S.
829 2878 880 2942 gu
903 2889 1028 2942 contra
1061 2879 1313 2941 contrahentes
1340 2878 1376 2940 in
1414 2896 1493 2959 gra·

194 2985 320 3047 dibus
345 2985 533 3067 prohibitis
557 2995 593 3049 et
616 3006 682 3068 per
704 2986 859 3067 risposta
883 2986 962 3048 dico
992 2988 1057 3049 che
1087 2986 1183 3048 dette
1216 2986 1312 3047 bolle
1343 2982 1371 3046 si
1407 3003 1495 3046 sono

194 3090 419 3155 distribuite
442 3093 603 3173 segondo
627 3093 649 3155 l'
665 3093 790 3155 ordine
814 3114 836 3155 a
859 3092 975 3175 questi
999 3091 1273 3173 archiepiscopi,
1308 3090 1366 3153 alli
1399 3090 1495 3172 quali

193 3198 318 3263 anch'
337 3197 372 3261 io
396 3200 444 3261 ho
476 3199 599 3262 scritto
630 3199 665 3262 in
699 3200 932 3263 consonantia
964 3198 1212 3262 exhortandoli
1241 3218 1262 3259 a
1289 3197 1431 3279 seguire
1462 3207 1496 3259 et

196 3306 356 3370 aiutare
380 3305 404 3368 il
427 3316 551 3369 sancto
575 3306 760 3388 proposito
790 3307 825 3368 di
861 3304 896 3371 S.
934 3307 995 3369 ΒΜ
1033 3307 1067 3368 la
1104 3307 1207 3386 quale
1243 3304 1301 3386 gia
1341 3304 1370 3365 si
1404 3305 1497 3366 vede

194 3420 464 3497 apertamente
488 3433 558 3476 non
583 3432 736 3496 pensare
760 3416 852 3476 altro
876 3414 941 3476 che
967 3414 989 3475 'l
1013 3416 1081 3475 ben
1107 3411 1276 3494 pubblico
1313 3421 1348 3473 et
1378 3411 1414 3472 di
1445 3431 1495 3473 re-

198 3530 380 3584 staurare
412 3519 446 3582 le
483 3539 566 3583 cose
597 3521 692 3583 della
725 3520 898 3602 religione
928 3530 963 3582 et
997 3518 1132 3601 dignita
1164 3517 1405 3581 ecclesiastica
1438 3517 1497 3600 gi‘a

199 3632 318 3692 tanto
343 3635 464 3708 tempo
488 3626 708 3700 desiderate;
738 3638 774 3689 et
798 3627 841 3691 V.
867 3625 902 3690 S.
935 3626 988 3689 sia
1019 3636 1116 3688 certa
1150 3626 1215 3688 che
1247 3644 1392 3707 ognuno
1421 3625 1497 3687 sino

202 3732 233 3798 li
257 3732 413 3813 maligni
437 3734 595 3796 anchora
618 3754 779 3816 pensano
804 3736 870 3796 che
895 3732 931 3797 S.
957 3731 1009 3796 St*
1032 3732 1164 3795 habbia
1189 3753 1234 3794 un
1260 3732 1428 3814 dissegno
1453 3752 1498 3794 ne

207 3839 246 3905 la
269 3849 395 3904 mente
419 3839 524 3921 pieno
549 3839 584 3902 di
609 3840 704 3921 pieta
728 3849 764 3903 et
788 3840 978 3903 affectione
1002 3842 1035 3902 al
1060 3842 1129 3902 ben
1145 3839 1278 3917 vivere,
1303 3839 1338 3901 di
1363 3840 1428 3901 che
1452 3858 1496 3901 ne

212 3948 355 4032 riporta
372 3946 498 4009 merita
519 3947 634 4026 laude,
660 3956 696 4010 et
719 3947 753 4010 io
778 3968 843 4029 per
867 3968 1009 4009 menon
1024 3948 1118 4009 vedo
1142 3947 1233 4008 altra
1256 3945 1315 4007 via
1338 3945 1381 4008 ne
1406 3947 1496 4007 altro

218 4054 324 4119 inodo
351 4074 372 4115 a
403 4054 535 4116 sanare
552 4054 585 4116 le
609 4053 678 4116 mie
711 4054 931 4117 invecchiate
964 4053 1095 4135 piaghe
1129 4052 1172 4115 ne
1204 4053 1238 4114 al
1268 4052 1421 4134 bisogno
1453 4053 1497 4115 de

220 4159 377 4227 cristiani
401 4159 436 4222 di
460 4160 580 4242 quello
605 4161 671 4224 che
695 4181 759 4223 sua
775 4159 1003 4223 Beatitudine
1022 4180 1087 4222 con
1109 4158 1345 4240 grandissima
1363 4157 1497 4219 chariti

222 4278 254 4333 it
274 4288 351 4333 non
379 4265 495 4330 minor
523 4267 713 4348 prudentia
741 4267 909 4348 dissegna
943 4276 977 4329 et
1010 4266 1195 4329 colorisse:
1228 4263 1301 4328 cosi
1335 4264 1404 4327 Dio
1437 4263 1498 4327 alli

223 4371 370 4455 gloriosi
394 4372 581 4435 ordimenti
610 4373 661 4454 gli
684 4373 811 4436 assista
836 4384 871 4436 et
904 4373 988 4437 doni
1021 4373 1056 4435 di
1092 4374 1126 4435 la
1157 4393 1218 4435 soa
1244 4381 1345 4434 santa
1369 4371 1496 4452 gratia.

147 4508 151 4519 ·
223 4480 264 4545 Et
284 4479 426 4543 bencht
455 4480 527 4541 tale
560 4498 647 4560 opre
679 4481 725 4543 da
754 4501 792 4543 se
816 4490 928 4543 stesse
946 4479 1088 4562 gridino
1113 4491 1148 4542 et
1171 4478 1311 4561 parlino
1335 4477 1428 4540 assai
1452 4479 1496 4539 de

223 4587 254 4651 la
274 4586 390 4667 virtu,
413 4588 612 4669 grandczza
636 4597 671 4649 et
695 4587 804 4650 bonta
828 4609 907 4667 soa,
934 4587 1193 4650 nientedimeno
1219 4606 1283 4668 per
1307 4584 1428 4647 debito
1453 4585 1496 4647 de

140 4774 142 4781 Ι
222 4694 254 4757 la
276 4691 413 4758 servitii
436 4692 507 4757 mia
531 4702 567 4756 et
590 4713 656 4776 per
684 4696 802 4774 quella
832 4694 1081 4757 satisfaccione
1110 4694 1162 4756 ch'
1181 4693 1214 4756 io
1245 4691 1356 4774 piglio
1387 4692 1433 4754 de
1464 4693 1496 4754 le

140 4796 142 4803 ’
220 4820 303 4867 cose
327 4798 498 4866 laudabili
524 4808 561 4864 et
583 4802 719 4879 buone,
752 4799 787 4864 io
823 4819 894 4863 non
928 4801 1077 4864 mancho
1110 4818 1175 4880 per
1213 4808 1345 4882 quanto
1382 4815 1428 4878 po
1464 4796 1498 4856 la
