3330 5580
708 490 955 552 widi&

280 643 399 707 Ambo
428 641 480 707 illi
513 642 673 724 theologi
701 644 928 707 lovanienses
958 644 1109 726 polliciti
1140 655 1222 708 sunt
1252 666 1291 709 se
1323 639 1473 729 amplius

188 772 261 814 non
287 751 529 814 nominaturos
552 750 735 813 Erasmum
759 751 993 831 haereticum,
1028 752 1218 815 dummodo
1246 763 1364 815 tamen
1396 753 1473 834 ipse

189 880 211 920 a
234 858 430 923 mordendo
456 867 491 920 et
514 877 686 939 perversa
710 857 901 921 scribendo
925 868 1119 940 temperet;
1144 879 1223 922 meo
1247 859 1378 922 iudicio
1403 879 1471 921 am·

189 964 283 1046 plius
307 967 354 1026 ab
379 965 431 1027 eis
454 964 588 1045 requiri
613 985 683 1026 non
709 954 826 1028 debet.
885 963 924 1028 Si
953 966 1039 1048 quid
1074 966 1169 1027 aliud
1202 976 1256 1028 est
1285 966 1381 1048 quod
1417 967 1473 1029 vel

189 1073 256 1133 hac
280 1070 315 1134 in
340 1091 390 1152 re,
413 1069 473 1132 vel
496 1069 531 1131 in
556 1069 627 1131 alia
652 1069 730 1132 ΒΜ·
748 1072 792 1133 D.
821 1071 864 1134 N.
893 1073 951 1133 vel
982 1072 1059 1135 R¹¹¹⁸
1088 1073 1131 1134 D.
1162 1071 1205 1135 V.
1230 1072 1367 1135 interea
1392 1074 1472 1134 dum

188 1177 247 1240 hic
271 1198 389 1240 moror
413 1199 434 1239 a
458 1197 513 1239 me
538 1176 641 1255 velit,
677 1197 752 1239 sum
784 1177 829 1239 ad
863 1178 999 1258 omnia,
1035 1178 1125 1242 sicut
1154 1181 1289 1261 debeo,
1326 1181 1470 1262 paratis

190 1285 308 1348 simus.

1079 1392 1273 1455 Theodericus
1291 1393 1403 1456 lutus.

791 1927 867 1992 263.

192 2061 435 2142 communitas
463 2061 600 2162 Plagae
628 2060 760 2140 Baroni
787 2061 919 2163 Burgio
949 2061 1085 2142 oratori
1113 2059 1213 2142 Sedis
1241 2063 1475 2164 Apostolicae.

591 2208 711 2278 (Aruer.
730 2208 778 2265 ΣΙ.
799 2223 880 2281 capra
898 2208 960 2266 m
979 2209 1012 2267 ll.
1031 2210 1081 2280 ll.)

678 2325 731 2394 (zo.
754 2328 878 2376 Octobris
901 2326 987 2393 1525.)

282 2460 473 2543 Magnifice
497 2460 796 2543 Nobilissimeque
821 2460 992 2539 Domine,
1018 2461 1170 2525 Domine
1194 2462 1298 2525 nobis
1322 2462 1475 2543 plurima

192 2568 444 2630 benevolentia
469 2567 667 2630 conciliate.
714 2567 899 2631 Nobilitati
925 2569 1077 2631 Vestrae
1109 2568 1384 2631 eminentissime
1416 2573 1472 2632 ob·

192 2677 315 2759 sequia
339 2686 460 2738 nostra
486 2695 627 2756 semper
650 2675 684 2737 in
711 2675 873 2738 omnibus
899 2676 1123 2756 paratissima
1147 2675 1295 2738 dicimus
1319 2687 1355 2738 et
1370 2675 1475 2757 signi-

192 2783 348 2848 ficamus.
364 2781 523 2845 Certiore
541 2782 725 2845 didicimus
739 2795 949 2864 argumento
973 2782 1114 2845 virtutis
1132 2782 1237 2844 etiam
1255 2783 1477 2864 experientia

193 2890 425 2969 cognovimus
450 2887 710 2952 Sublimitatem
735 2890 901 2951 Vestram
927 2902 960 2951 et
978 2886 1281 2970 Magnificentiam
1305 2889 1476 2971 singulari

193 2998 345 3079 quadam
381 2997 498 3077 gratia
532 3017 610 3058 cum
646 3007 794 3079 propter
827 2997 898 3058 alia
932 2999 1059 3074 multa,
1094 3006 1167 3057 tum
1203 3016 1290 3058 vero
1325 2996 1476 3059 maxime

193 3115 341 3184 propter
374 3101 598 3165 Serenissimi
635 3103 751 3183 Regis
790 3104 962 3165 Ludovici
994 3102 1154 3182 Domini,
1187 3102 1330 3165 Domini
1366 3104 1476 3166 nostri

194 3209 455 3291 gratiosissimi,
491 3209 687 3272 arctissima
717 3229 847 3288 magna
880 3210 1021 3290 quidem
1048 3220 1083 3271 et
1107 3210 1307 3272 necessaria
1333 3211 1477 3291 negotia

194 3336 282 3398 erga
305 3316 474 3378 Boemiae
498 3317 668 3396 Regnum
692 3336 804 3396 usque
829 3317 919 3378 adeo
945 3314 1065 3391 adfici,
1102 3316 1151 3378 uti
1183 3317 1345 3379 omnibus
1370 3321 1477 3380 rebus

194 3423 338 3486 utilibus
364 3434 399 3485 et
431 3423 590 3485 honestis
621 3423 656 3485 in
691 3423 853 3504 predicto
886 3423 1031 3485 Boemie
1065 3443 1177 3504 regno
1209 3424 1381 3486 ordinatis
1406 3425 1476 3487 Re·

194 3530 324 3610 gieque
348 3529 528 3592 Maiestati
552 3529 694 3591 Domini
719 3529 831 3591 nostri
856 3528 1101 3609 gratiosissimi
1124 3550 1189 3611 pro
1215 3529 1342 3592 suturis
1358 3544 1474 3613 gratu·

194 3637 303 3714 letur,
339 3656 409 3697 non
434 3635 612 3697 minimam
636 3655 778 3717 quoque
803 3635 885 3697 inde
909 3635 1087 3716 concipiat
1113 3638 1391 3700 consolationem
1417 3639 1477 3700 ubi

196 3763 259 3805 nos
284 3745 392 3804 multa
414 3752 512 3804 tenet
529 3742 753 3824 ambiguitas,
778 3742 862 3823 quin
880 3754 915 3803 ct
929 3743 1035 3804 hodie
1062 3764 1203 3825 quoque
1221 3748 1345 3807 eadem
1361 3744 1477 3826 gratia

196 3850 375 3912 Nobilitas
403 3850 536 3911 Vestra
569 3868 657 3929 erga
690 3849 876 3911 Civitatem
913 3850 1226 3931 Metropolitanam
1258 3852 1476 3934 Pragensem

197 3978 266 4038 que
291 3957 392 4039 regni
417 3966 524 4037 caput
549 3966 584 4018 et
608 3956 668 4017 ubi
692 3955 834 4036 Regiae
859 3967 913 4017 est
937 3956 1133 4018 Maiestatis
1159 3957 1272 4020 Sedes
1303 3968 1476 4021 teneatur.

197 4066 302 4127 Unde
326 4076 361 4126 et
386 4085 477 4126 nunc
503 4084 546 4126 ex
574 4084 617 4126 eo
649 4063 868 4145 potissimum
897 4083 1002 4144 quam
1033 4082 1099 4144 per
1121 4064 1321 4127 Eminentie
1345 4065 1477 4128 Vestre

196 4172 403 4252 diligentem
428 4191 573 4252 operam
598 4169 687 4232 fides
712 4190 798 4232 vera
821 4169 1007 4245 catholica,
1032 4169 1182 4249 pristina
1202 4169 1270 4232 iam
1292 4173 1386 4253 apud
1411 4192 1477 4234 nos

197 4277 257 4359 pia
289 4288 386 4340 certe
421 4290 457 4339 et
493 4288 617 4340 sancta
640 4277 774 4359 gaudet
798 4277 972 4354 libertate,
1002 4274 1168 4355 ingentes
1192 4277 1329 4357 agimus
1352 4278 1475 4341 Excel-

195 4385 304 4447 lentie
337 4385 466 4448 Vestre
498 4384 633 4467 gratias
671 4393 707 4447 et
742 4385 932 4462 habemus,
963 4402 1005 4444 ac
1029 4381 1186 4445 futurum
1218 4393 1272 4445 est
1303 4395 1340 4447 ut
1372 4396 1477 4448 nacta

196 4495 410 4575 quandoque
434 4502 578 4575 gratum
602 4490 757 4555 faciendi
782 4489 1048 4571 opportunitate
1072 4510 1138 4571 pro
1162 4501 1285 4553 nostra
1308 4491 1401 4555 virili
1424 4512 1476 4554 re·

196 4600 361 4679 ieramus
386 4602 467 4665 hinc
493 4611 548 4663 est
572 4610 609 4662 ut
633 4599 758 4662 sedulo
782 4615 970 4676 cogemus,
999 4616 1040 4658 ac
1074 4596 1182 4677 paulo
1207 4596 1394 4659 instantius
1417 4619 1476 4680 pe·

196 4717 310 4770 tamus
346 4728 415 4790 quo
452 4706 660 4771 Sublimitas
684 4705 815 4767 Vestra
847 4702 936 4765 sicut
973 4702 1072 4785 prius
1107 4702 1157 4763 ita
1192 4704 1250 4764 vel
1288 4705 1395 4766 hodie
1419 4725 1476 4767 res

196 4827 336 4878 nostras
361 4838 485 4880 curare
509 4817 546 4879 in
570 4815 708 4896 hiisque
733 4811 835 4874 nobis
859 4811 992 4873 auxilio
1026 4830 1104 4873 esse
1128 4809 1215 4871 velit
1239 4820 1276 4872 et
1299 4811 1476 4893 dignetur.

1267 4933 1319 4995 ὅθ’
