<?xml version="1.0" encoding="UTF-8"?>
<!DOCTYPE html PUBLIC "-//W3C//DTD XHTML 1.0 Transitional//EN"
    "http://www.w3.org/TR/xhtml1/DTD/xhtml1-transitional.dtd">
<html xmlns="http://www.w3.org/1999/xhtml" xml:lang="en" lang="en">
 <head>
  <title>
</title>
<meta http-equiv="Content-Type" content="text/html;charset=utf-8" />
  <meta name='ocr-system' content='tesseract 3.04.00' />
  <meta name='ocr-capabilities' content='ocr_page ocr_carea ocr_par ocr_line ocrx_word'/>
</head>
<body>
  <div class='ocr_page' id='page_1' title='image "./monumentareform00vatigoog_0541.png"; bbox 0 0 3344 5564; ppageno 0'>
   <div class='ocr_carea' id='block_1_1' title="bbox 768 454 1014 511">
    <p class='ocr_par' dir='ltr' id='par_1_1' title="bbox 768 454 1014 511">
     <span class='ocr_line' id='line_1_1' title="bbox 768 454 1014 511; baseline -0.008 0"><span class='ocrx_word' id='word_1_1' title='bbox 768 454 1014 511; x_wconf 40' lang='lat' dir='ltr'>&amp;millib-0</span> 
     </span>
    </p>
   </div>
   <div class='ocr_carea' id='block_1_2' title="bbox 249 599 1664 4422">
    <p class='ocr_par' dir='ltr' id='par_1_2' title="bbox 249 599 1664 4314">
     <span class='ocr_line' id='line_1_2' title="bbox 250 599 1523 681; baseline 0 -19"><span class='ocrx_word' id='word_1_2' title='bbox 250 610 432 681; x_wconf 87' lang='lat' dir='ltr'>posterum</span> <span class='ocrx_word' id='word_1_3' title='bbox 456 601 569 663; x_wconf 88' lang='lat' dir='ltr'>securi</span> <span class='ocrx_word' id='word_1_4' title='bbox 596 622 753 664; x_wconf 85' lang='lat' dir='ltr'>essemus</span> <span class='ocrx_word' id='word_1_5' title='bbox 777 610 812 662; x_wconf 89' lang='lat' dir='ltr'>et</span> <span class='ocrx_word' id='word_1_6' title='bbox 838 622 906 663; x_wconf 91' lang='lat' dir='ltr'>non</span> <span class='ocrx_word' id='word_1_7' title='bbox 933 601 1037 663; x_wconf 88' lang='lat' dir='ltr'>nobis</span> <span class='ocrx_word' id='word_1_8' title='bbox 1061 599 1241 663; x_wconf 89' lang='lat' dir='ltr'>accideret</span> <span class='ocrx_word' id='word_1_9' title='bbox 1265 601 1361 681; x_wconf 91' lang='lat' dir='ltr'>quod</span> <span class='ocrx_word' id='word_1_10' title='bbox 1388 599 1523 681; x_wconf 87' lang='lat' dir='ltr'>Aegyp·</span> 
     </span>
     <span class='ocr_line' id='line_1_3' title="bbox 251 705 1521 789; baseline 0.002 -22"><span class='ocrx_word' id='word_1_11' title='bbox 251 707 308 770; x_wconf 90' lang='lat' dir='ltr'>tiis</span> <span class='ocrx_word' id='word_1_12' title='bbox 333 718 370 770; x_wconf 92' lang='lat' dir='ltr'>ut</span> <span class='ocrx_word' id='word_1_13' title='bbox 394 710 490 788; x_wconf 92' lang='lat' dir='ltr'>quod</span> <span class='ocrx_word' id='word_1_14' title='bbox 513 710 651 789; x_wconf 85' lang='lat' dir='ltr'>grando</span> <span class='ocrx_word' id='word_1_15' title='bbox 675 708 868 789; x_wconf 83' lang='lat' dir='ltr'>reliquerit,</span> <span class='ocrx_word' id='word_1_16' title='bbox 893 712 1029 771; x_wconf 89' lang='lat' dir='ltr'>locusta</span> <span class='ocrx_word' id='word_1_17' title='bbox 1052 708 1218 778; x_wconf 87' lang='lat' dir='ltr'>devoret;</span> <span class='ocrx_word' id='word_1_18' title='bbox 1244 728 1325 770; x_wconf 95' lang='lat' dir='ltr'>nam</span> <span class='ocrx_word' id='word_1_19' title='bbox 1349 706 1417 770; x_wconf 88' lang='lat' dir='ltr'>etsi</span> <span class='ocrx_word' id='word_1_20' title='bbox 1440 705 1521 788; x_wconf 89' lang='lat' dir='ltr'>prin·</span> 
     </span>
     <span class='ocr_line' id='line_1_4' title="bbox 251 812 1524 896; baseline -0.001 -20"><span class='ocrx_word' id='word_1_21' title='bbox 251 815 368 896; x_wconf 90' lang='lat' dir='ltr'>cipum</span> <span class='ocrx_word' id='word_1_22' title='bbox 393 813 560 896; x_wconf 84' lang='lat' dir='ltr'>auspiciis</span> <span class='ocrx_word' id='word_1_23' title='bbox 577 815 734 877; x_wconf 89' lang='lat' dir='ltr'>haeresis</span> <span class='ocrx_word' id='word_1_24' title='bbox 752 814 898 877; x_wconf 89' lang='lat' dir='ltr'>Lutheri</span> <span class='ocrx_word' id='word_1_25' title='bbox 916 814 1105 876; x_wconf 90' lang='lat' dir='ltr'>Bavariam</span> <span class='ocrx_word' id='word_1_26' title='bbox 1123 834 1192 875; x_wconf 90' lang='lat' dir='ltr'>non</span> <span class='ocrx_word' id='word_1_27' title='bbox 1208 812 1386 890; x_wconf 87' lang='lat' dir='ltr'>infecerit,</span> <span class='ocrx_word' id='word_1_28' title='bbox 1409 813 1524 877; x_wconf 90' lang='lat' dir='ltr'>mirum</span> 
     </span>
     <span class='ocr_line' id='line_1_5' title="bbox 251 919 1524 1002; baseline -0.002 -19"><span class='ocrx_word' id='word_1_29' title='bbox 251 931 368 983; x_wconf 87' lang='lat' dir='ltr'>tamen</span> <span class='ocrx_word' id='word_1_30' title='bbox 393 921 570 1002; x_wconf 91' lang='lat' dir='ltr'>quomodo</span> <span class='ocrx_word' id='word_1_31' title='bbox 595 920 629 982; x_wconf 92' lang='lat' dir='ltr'>in</span> <span class='ocrx_word' id='word_1_32' title='bbox 652 921 707 983; x_wconf 90' lang='lat' dir='ltr'>his</span> <span class='ocrx_word' id='word_1_33' title='bbox 731 942 822 1002; x_wconf 88' lang='lat' dir='ltr'>quae</span> <span class='ocrx_word' id='word_1_34' title='bbox 847 921 1027 1001; x_wconf 87' lang='lat' dir='ltr'>pertinent</span> <span class='ocrx_word' id='word_1_35' title='bbox 1055 920 1100 982; x_wconf 91' lang='lat' dir='ltr'>ad</span> <span class='ocrx_word' id='word_1_36' title='bbox 1132 923 1264 983; x_wconf 89' lang='lat' dir='ltr'>clerum</span> <span class='ocrx_word' id='word_1_37' title='bbox 1288 920 1377 983; x_wconf 89' lang='lat' dir='ltr'>mire</span> <span class='ocrx_word' id='word_1_38' title='bbox 1400 919 1524 1001; x_wconf 80' lang='lat' dir='ltr'>frigent</span> 
     </span>
     <span class='ocr_line' id='line_1_6' title="bbox 251 1025 1525 1109; baseline -0.002 -19"><span class='ocrx_word' id='word_1_39' title='bbox 251 1027 370 1091; x_wconf 84' lang='lat' dir='ltr'>nostri.</span> <span class='ocrx_word' id='word_1_40' title='bbox 418 1027 578 1090; x_wconf 81' lang='lat' dir='ltr'>Ecclesia</span> <span class='ocrx_word' id='word_1_41' title='bbox 603 1048 693 1109; x_wconf 85' lang='lat' dir='ltr'>quae</span> <span class='ocrx_word' id='word_1_42' title='bbox 717 1029 815 1109; x_wconf 91' lang='lat' dir='ltr'>prius</span> <span class='ocrx_word' id='word_1_43' title='bbox 838 1028 950 1090; x_wconf 89' lang='lat' dir='ltr'>valuit</span> <span class='ocrx_word' id='word_1_44' title='bbox 973 1047 1013 1089; x_wconf 91' lang='lat' dir='ltr'>cc</span> <span class='ocrx_word' id='word_1_45' title='bbox 1037 1025 1112 1090; x_wconf 90' lang='lat' dir='ltr'>flor.</span> <span class='ocrx_word' id='word_1_46' title='bbox 1144 1027 1213 1090; x_wconf 92' lang='lat' dir='ltr'>iam</span> <span class='ocrx_word' id='word_1_47' title='bbox 1238 1027 1301 1090; x_wconf 87' lang='lat' dir='ltr'>vix</span> <span class='ocrx_word' id='word_1_48' title='bbox 1323 1027 1423 1090; x_wconf 88' lang='lat' dir='ltr'>valet</span> <span class='ocrx_word' id='word_1_49' title='bbox 1445 1048 1473 1089; x_wconf 90' lang='lat' dir='ltr'>c.</span> <span class='ocrx_word' id='word_1_50' title='bbox 1495 1036 1525 1088; x_wconf 88' lang='lat' dir='ltr'>et</span> 
     </span>
     <span class='ocr_line' id='line_1_7' title="bbox 251 1134 1525 1217; baseline -0.002 -21"><span class='ocrx_word' id='word_1_51' title='bbox 251 1155 392 1216; x_wconf 88' lang='lat' dir='ltr'>semper</span> <span class='ocrx_word' id='word_1_52' title='bbox 416 1134 609 1197; x_wconf 90' lang='lat' dir='ltr'>timendum</span> <span class='ocrx_word' id='word_1_53' title='bbox 634 1156 678 1197; x_wconf 92' lang='lat' dir='ltr'>ne</span> <span class='ocrx_word' id='word_1_54' title='bbox 703 1135 888 1217; x_wconf 88' lang='lat' dir='ltr'>Principes</span> <span class='ocrx_word' id='word_1_55' title='bbox 924 1134 1033 1197; x_wconf 90' lang='lat' dir='ltr'>nostri</span> <span class='ocrx_word' id='word_1_56' title='bbox 1065 1138 1111 1197; x_wconf 92' lang='lat' dir='ltr'>ab</span> <span class='ocrx_word' id='word_1_57' title='bbox 1142 1134 1220 1196; x_wconf 89' lang='lat' dir='ltr'>aliis</span> <span class='ocrx_word' id='word_1_58' title='bbox 1252 1134 1469 1197; x_wconf 88' lang='lat' dir='ltr'>seducantur</span> <span class='ocrx_word' id='word_1_59' title='bbox 1493 1145 1525 1194; x_wconf 90' lang='lat' dir='ltr'>ut</span> 
     </span>
     <span class='ocr_line' id='line_1_8' title="bbox 252 1241 1531 1323; baseline -0.002 -20"><span class='ocrx_word' id='word_1_60' title='bbox 252 1242 357 1304; x_wconf 86' lang='lat' dir='ltr'>etiam</span> <span class='ocrx_word' id='word_1_61' title='bbox 383 1242 594 1322; x_wconf 83' lang='lat' dir='ltr'>extinguant</span> <span class='ocrx_word' id='word_1_62' title='bbox 617 1241 771 1304; x_wconf 86' lang='lat' dir='ltr'>minores</span> <span class='ocrx_word' id='word_1_63' title='bbox 796 1241 962 1305; x_wconf 86' lang='lat' dir='ltr'>decimas.</span> <span class='ocrx_word' id='word_1_64' title='bbox 1009 1241 1194 1304; x_wconf 86' lang='lat' dir='ltr'>Hactenus</span> <span class='ocrx_word' id='word_1_65' title='bbox 1221 1241 1309 1303; x_wconf 90' lang='lat' dir='ltr'>nihil</span> <span class='ocrx_word' id='word_1_66' title='bbox 1332 1244 1432 1323; x_wconf 88' lang='lat' dir='ltr'>passi</span> <span class='ocrx_word' id='word_1_67' title='bbox 1455 1251 1531 1302; x_wconf 86' lang='lat' dir='ltr'>sunt</span> 
     </span>
     <span class='ocr_line' id='line_1_9' title="bbox 251 1346 1531 1431; baseline -0.002 -20"><span class='ocrx_word' id='word_1_68' title='bbox 251 1349 443 1429; x_wconf 91' lang='lat' dir='ltr'>immutari,</span> <span class='ocrx_word' id='word_1_69' title='bbox 474 1349 628 1410; x_wconf 85' lang='lat' dir='ltr'>clinodia</span> <span class='ocrx_word' id='word_1_70' title='bbox 662 1369 705 1410; x_wconf 88' lang='lat' dir='ltr'>ex</span> <span class='ocrx_word' id='word_1_71' title='bbox 739 1348 961 1411; x_wconf 86' lang='lat' dir='ltr'>monasteriis</span> <span class='ocrx_word' id='word_1_72' title='bbox 986 1357 1021 1410; x_wconf 90' lang='lat' dir='ltr'>et</span> <span class='ocrx_word' id='word_1_73' title='bbox 1044 1346 1296 1411; x_wconf 89' lang='lat' dir='ltr'>infirmioribus</span> <span class='ocrx_word' id='word_1_74' title='bbox 1320 1348 1465 1431; x_wconf 90' lang='lat' dir='ltr'>oppidis&#39;</span> <span class='ocrx_word' id='word_1_75' title='bbox 1487 1349 1531 1409; x_wconf 89' lang='lat' dir='ltr'>ad</span> 
     </span>
     <span class='ocr_line' id='line_1_10' title="bbox 253 1454 1542 1536; baseline -0.002 -19"><span class='ocrx_word' id='word_1_76' title='bbox 253 1455 382 1518; x_wconf 91' lang='lat' dir='ltr'>tutiora</span> <span class='ocrx_word' id='word_1_77' title='bbox 408 1458 486 1518; x_wconf 90' lang='lat' dir='ltr'>loca</span> <span class='ocrx_word' id='word_1_78' title='bbox 510 1466 678 1518; x_wconf 92' lang='lat' dir='ltr'>curarunt</span> <span class='ocrx_word' id='word_1_79' title='bbox 712 1455 853 1536; x_wconf 89' lang='lat' dir='ltr'>deponi.</span> <span class='ocrx_word' id='word_1_80' title='bbox 908 1456 1072 1518; x_wconf 80' lang='lat' dir='ltr'>&#39;labesco</span> <span class='ocrx_word' id='word_1_81' title='bbox 1100 1465 1220 1517; x_wconf 89' lang='lat' dir='ltr'>tamen</span> <span class='ocrx_word' id='word_1_82' title='bbox 1252 1456 1296 1518; x_wconf 91' lang='lat' dir='ltr'>de</span> <span class='ocrx_word' id='word_1_83' title='bbox 1328 1454 1542 1518; x_wconf 77' lang='lat' dir='ltr'>modicitate</span> 
     </span>
     <span class='ocr_line' id='line_1_11' title="bbox 252 1560 1548 1642; baseline -0.002 -17"><span class='ocrx_word' id='word_1_84' title='bbox 252 1562 333 1625; x_wconf 89' lang='lat' dir='ltr'>fidei</span> <span class='ocrx_word' id='word_1_85' title='bbox 358 1563 394 1624; x_wconf 90' lang='lat' dir='ltr'>in</span> <span class='ocrx_word' id='word_1_86' title='bbox 418 1562 548 1624; x_wconf 90' lang='lat' dir='ltr'>nostris</span> <span class='ocrx_word' id='word_1_87' title='bbox 573 1572 608 1625; x_wconf 96' lang='lat' dir='ltr'>et</span> <span class='ocrx_word' id='word_1_88' title='bbox 632 1562 815 1642; x_wconf 90' lang='lat' dir='ltr'>impietate</span> <span class='ocrx_word' id='word_1_89' title='bbox 840 1561 1020 1624; x_wconf 90' lang='lat' dir='ltr'>haeretica</span> <span class='ocrx_word' id='word_1_90' title='bbox 1044 1561 1078 1623; x_wconf 93' lang='lat' dir='ltr'>in</span> <span class='ocrx_word' id='word_1_91' title='bbox 1104 1560 1335 1635; x_wconf 74' lang='lat' dir='ltr'>adversariis:</span> <span class='ocrx_word' id='word_1_92' title='bbox 1367 1562 1548 1624; x_wconf 78' lang='lat' dir='ltr'>secedam</span> 
     </span>
     <span class='ocr_line' id='line_1_12' title="bbox 252 1666 1604 1751; baseline 0.001 -21"><span class='ocrx_word' id='word_1_93' title='bbox 252 1689 321 1751; x_wconf 88' lang='lat' dir='ltr'>ego</span> <span class='ocrx_word' id='word_1_94' title='bbox 345 1669 413 1731; x_wconf 87' lang='lat' dir='ltr'>iam</span> <span class='ocrx_word' id='word_1_95' title='bbox 444 1671 711 1750; x_wconf 89' lang='lat' dir='ltr'>(tempusculum</span> <span class='ocrx_word' id='word_1_96' title='bbox 736 1667 982 1749; x_wconf 82' lang='lat' dir='ltr'>suffuraturus)</span> <span class='ocrx_word' id='word_1_97' title='bbox 1007 1669 1052 1730; x_wconf 89' lang='lat' dir='ltr'>ad</span> <span class='ocrx_word' id='word_1_98' title='bbox 1077 1667 1282 1731; x_wconf 89' lang='lat' dir='ltr'>inferiorem</span> <span class='ocrx_word' id='word_1_99' title='bbox 1307 1666 1604 1749; x_wconf 81' lang='lat' dir='ltr'>Germanian-</span> 
     </span>
     <span class='ocr_line' id='line_1_13' title="bbox 250 1774 1614 1858; baseline 0.001 -20"><span class='ocrx_word' id='word_1_100' title='bbox 250 1787 287 1838; x_wconf 89' lang='lat' dir='ltr'>et</span> <span class='ocrx_word' id='word_1_101' title='bbox 311 1776 499 1858; x_wconf 86' lang='lat' dir='ltr'>Angliam;</span> <span class='ocrx_word' id='word_1_102' title='bbox 524 1776 655 1838; x_wconf 90' lang='lat' dir='ltr'>videbo</span> <span class='ocrx_word' id='word_1_103' title='bbox 680 1796 724 1837; x_wconf 92' lang='lat' dir='ltr'>an</span> <span class='ocrx_word' id='word_1_104' title='bbox 750 1775 795 1837; x_wconf 89' lang='lat' dir='ltr'>sit</span> <span class='ocrx_word' id='word_1_105' title='bbox 819 1777 910 1837; x_wconf 91' lang='lat' dir='ltr'>ullus</span> <span class='ocrx_word' id='word_1_106' title='bbox 942 1778 1041 1837; x_wconf 93' lang='lat' dir='ltr'>locus</span> <span class='ocrx_word' id='word_1_107' title='bbox 1065 1774 1313 1856; x_wconf 89' lang='lat' dir='ltr'>tranquillitati</span> <span class='ocrx_word' id='word_1_108' title='bbox 1336 1775 1614 1839; x_wconf 66' lang='lat' dir='ltr'>studiorum-r</span> 
     </span>
     <span class='ocr_line' id='line_1_14' title="bbox 250 1880 1622 1964; baseline -0.004 -19"><span class='ocrx_word' id='word_1_109' title='bbox 250 1897 466 1964; x_wconf 83' lang='lat' dir='ltr'>competens,</span> <span class='ocrx_word' id='word_1_110' title='bbox 492 1892 527 1944; x_wconf 91' lang='lat' dir='ltr'>et</span> <span class='ocrx_word' id='word_1_111' title='bbox 551 1882 580 1945; x_wconf 91' lang='lat' dir='ltr'>si</span> <span class='ocrx_word' id='word_1_112' title='bbox 605 1883 689 1964; x_wconf 92' lang='lat' dir='ltr'>quid</span> <span class='ocrx_word' id='word_1_113' title='bbox 714 1884 952 1963; x_wconf 83' lang='lat' dir='ltr'>exploravero</span> <span class='ocrx_word' id='word_1_114' title='bbox 978 1880 1013 1946; x_wconf 84' lang='lat' dir='ltr'>S.</span> <span class='ocrx_word' id='word_1_115' title='bbox 1032 1882 1072 1947; x_wconf 91' lang='lat' dir='ltr'>T.</span> <span class='ocrx_word' id='word_1_116' title='bbox 1097 1882 1350 1946; x_wconf 87' lang='lat' dir='ltr'>humillissimis</span> <span class='ocrx_word' id='word_1_117' title='bbox 1367 1882 1622 1964; x_wconf 58' lang='lat' dir='ltr'>precibus-:s</span> 
     </span>
     <span class='ocr_line' id='line_1_15' title="bbox 249 1989 1626 2072; baseline 0.001 -22"><span class='ocrx_word' id='word_1_118' title='bbox 249 1992 400 2071; x_wconf 88' lang='lat' dir='ltr'>pulsabo</span> <span class='ocrx_word' id='word_1_119' title='bbox 425 2001 462 2051; x_wconf 94' lang='lat' dir='ltr'>ut</span> <span class='ocrx_word' id='word_1_120' title='bbox 486 2011 541 2052; x_wconf 91' lang='lat' dir='ltr'>me</span> <span class='ocrx_word' id='word_1_121' title='bbox 566 1989 727 2062; x_wconf 84' lang='lat' dir='ltr'>adiuvet;</span> <span class='ocrx_word' id='word_1_122' title='bbox 753 2010 829 2051; x_wconf 90' lang='lat' dir='ltr'>cum</span> <span class='ocrx_word' id='word_1_123' title='bbox 855 2001 926 2051; x_wconf 89' lang='lat' dir='ltr'>tam</span> <span class='ocrx_word' id='word_1_124' title='bbox 951 1989 1109 2052; x_wconf 87' lang='lat' dir='ltr'>liberalis</span> <span class='ocrx_word' id='word_1_125' title='bbox 1133 1989 1179 2052; x_wconf 87' lang='lat' dir='ltr'>sit</span> <span class='ocrx_word' id='word_1_126' title='bbox 1203 1989 1287 2054; x_wconf 89' lang='lat' dir='ltr'>Sed.</span> <span class='ocrx_word' id='word_1_127' title='bbox 1312 1990 1383 2072; x_wconf 87' lang='lat' dir='ltr'>Ap.</span> <span class='ocrx_word' id='word_1_128' title='bbox 1420 1991 1456 2052; x_wconf 92' lang='lat' dir='ltr'>in</span> <span class='ocrx_word' id='word_1_129' title='bbox 1480 2012 1531 2054; x_wconf 91' lang='lat' dir='ltr'>ec·</span> <span class='ocrx_word' id='word_1_130' title='bbox 1560 2011 1626 2052; x_wconf 81' lang='lat'>:-</span> 
     </span>
     <span class='ocr_line' id='line_1_16' title="bbox 250 2095 1632 2180; baseline 0.001 -22"><span class='ocrx_word' id='word_1_131' title='bbox 250 2097 366 2159; x_wconf 88' lang='lat' dir='ltr'>clesiis</span> <span class='ocrx_word' id='word_1_132' title='bbox 401 2106 436 2158; x_wconf 92' lang='lat' dir='ltr'>et</span> <span class='ocrx_word' id='word_1_133' title='bbox 467 2096 700 2178; x_wconf 86' lang='lat' dir='ltr'>dignitatibus</span> <span class='ocrx_word' id='word_1_134' title='bbox 735 2095 963 2158; x_wconf 89' lang='lat' dir='ltr'>conferendis</span> <span class='ocrx_word' id='word_1_135' title='bbox 1002 2095 1108 2159; x_wconf 91' lang='lat' dir='ltr'>etiam</span> <span class='ocrx_word' id='word_1_136' title='bbox 1145 2096 1338 2178; x_wconf 90' lang='lat' dir='ltr'>aliquando</span> <span class='ocrx_word' id='word_1_137' title='bbox 1371 2097 1520 2180; x_wconf 83' lang='lat' dir='ltr'>ingratis</span> <span class='ocrx_word' id='word_1_138' title='bbox 1536 2117 1632 2175; x_wconf 66' lang='grc' dir='ltr'>ὃ,</span> 
     </span>
     <span class='ocr_line' id='line_1_17' title="bbox 251 2201 1636 2287; baseline -0.002 -22"><span class='ocrx_word' id='word_1_139' title='bbox 251 2224 312 2265; x_wconf 90' lang='lat' dir='ltr'>cur</span> <span class='ocrx_word' id='word_1_140' title='bbox 344 2205 571 2283; x_wconf 88' lang='lat' dir='ltr'>desperarem</span> <span class='ocrx_word' id='word_1_141' title='bbox 610 2224 685 2265; x_wconf 88' lang='lat' dir='ltr'>eam</span> <span class='ocrx_word' id='word_1_142' title='bbox 722 2203 875 2265; x_wconf 91' lang='lat' dir='ltr'>futuram</span> <span class='ocrx_word' id='word_1_143' title='bbox 912 2201 1095 2265; x_wconf 91' lang='lat' dir='ltr'>liberalem</span> <span class='ocrx_word' id='word_1_144' title='bbox 1129 2203 1165 2266; x_wconf 88' lang='lat' dir='ltr'>in</span> <span class='ocrx_word' id='word_1_145' title='bbox 1199 2203 1349 2267; x_wconf 89' lang='lat' dir='ltr'>Eckium</span> <span class='ocrx_word' id='word_1_146' title='bbox 1384 2206 1444 2287; x_wconf 94' lang='lat' dir='ltr'>qui</span> <span class='ocrx_word' id='word_1_147' title='bbox 1483 2218 1532 2267; x_wconf 86' lang='lat' dir='ltr'>to·</span> <span class='ocrx_word' id='word_1_148' title='bbox 1556 2210 1636 2264; x_wconf 73' lang='lat' dir='ltr'>‹Jt</span> 
     </span>
     <span class='ocr_line' id='line_1_18' title="bbox 249 2308 1635 2394; baseline 0.004 -23"><span class='ocrx_word' id='word_1_149' title='bbox 249 2309 408 2390; x_wconf 86' lang='lat' dir='ltr'>pericula</span> <span class='ocrx_word' id='word_1_150' title='bbox 432 2309 555 2386; x_wconf 89' lang='lat' dir='ltr'>subiit,</span> <span class='ocrx_word' id='word_1_151' title='bbox 589 2319 641 2370; x_wconf 91' lang='lat' dir='ltr'>tot</span> <span class='ocrx_word' id='word_1_152' title='bbox 673 2310 815 2372; x_wconf 90' lang='lat' dir='ltr'>labores</span> <span class='ocrx_word' id='word_1_153' title='bbox 844 2309 991 2390; x_wconf 88' lang='lat' dir='ltr'>pertulit</span> <span class='ocrx_word' id='word_1_154' title='bbox 1022 2329 1088 2390; x_wconf 93' lang='lat' dir='ltr'>pro</span> <span class='ocrx_word' id='word_1_155' title='bbox 1117 2308 1188 2373; x_wconf 87' lang='lat' dir='ltr'>fide</span> <span class='ocrx_word' id='word_1_156' title='bbox 1220 2312 1438 2383; x_wconf 83' lang='lat' dir='ltr'>orthodoxa,</span> <span class='ocrx_word' id='word_1_157' title='bbox 1467 2332 1581 2394; x_wconf 69' lang='lat' dir='ltr'>pri&gt;</span> <span class='ocrx_word' id='word_1_158' title='bbox 1600 2328 1635 2369; x_wconf 81' lang='lat'>‘0</span> 
     </span>
     <span class='ocr_line' id='line_1_19' title="bbox 249 2412 1634 2497; baseline 0.004 -21"><span class='ocrx_word' id='word_1_159' title='bbox 249 2418 384 2477; x_wconf 90' lang='lat' dir='ltr'>honore</span> <span class='ocrx_word' id='word_1_160' title='bbox 410 2412 514 2477; x_wconf 89' lang='lat' dir='ltr'>Sedis</span> <span class='ocrx_word' id='word_1_161' title='bbox 539 2417 798 2497; x_wconf 85' lang='lat' dir='ltr'>Apostolicae?</span> <span class='ocrx_word' id='word_1_162' title='bbox 852 2417 906 2478; x_wconf 90' lang='lat' dir='ltr'>De</span> <span class='ocrx_word' id='word_1_163' title='bbox 939 2415 1017 2478; x_wconf 89' lang='lat' dir='ltr'>aliis</span> <span class='ocrx_word' id='word_1_164' title='bbox 1048 2417 1190 2480; x_wconf 87' lang='lat' dir='ltr'>remitto</span> <span class='ocrx_word' id='word_1_165' title='bbox 1215 2438 1270 2481; x_wconf 90' lang='lat' dir='ltr'>me</span> <span class='ocrx_word' id='word_1_166' title='bbox 1295 2421 1341 2481; x_wconf 93' lang='lat' dir='ltr'>ad</span> <span class='ocrx_word' id='word_1_167' title='bbox 1365 2421 1634 2482; x_wconf 74' lang='lat' dir='ltr'>schedannn</span> 
     </span>
     <span class='ocr_line' id='line_1_20' title="bbox 250 2519 1632 2608; baseline 0.004 -26"><span class='ocrx_word' id='word_1_168' title='bbox 250 2519 395 2583; x_wconf 82' lang='lat' dir='ltr'>affixam</span> <span class='ocrx_word' id='word_1_169' title='bbox 420 2542 524 2602; x_wconf 85' lang='lat' dir='ltr'>quam</span> <span class='ocrx_word' id='word_1_170' title='bbox 549 2543 684 2585; x_wconf 90' lang='lat' dir='ltr'>summa</span> <span class='ocrx_word' id='word_1_171' title='bbox 708 2522 895 2604; x_wconf 89' lang='lat' dir='ltr'>diligentia</span> <span class='ocrx_word' id='word_1_172' title='bbox 919 2544 984 2605; x_wconf 91' lang='lat' dir='ltr'>per</span> <span class='ocrx_word' id='word_1_173' title='bbox 1014 2524 1133 2605; x_wconf 90' lang='lat' dir='ltr'>capita</span> <span class='ocrx_word' id='word_1_174' title='bbox 1165 2524 1397 2608; x_wconf 83' lang='lat' dir='ltr'>consignavi,</span> <span class='ocrx_word' id='word_1_175' title='bbox 1426 2527 1632 2590; x_wconf 64' lang='lat' dir='ltr'>undae-²2·</span> 
     </span>
     <span class='ocr_line' id='line_1_21' title="bbox 251 2629 1633 2709; baseline 0.004 -20"><span class='ocrx_word' id='word_1_176' title='bbox 251 2648 399 2709; x_wconf 90' lang='lat' dir='ltr'>cumque</span> <span class='ocrx_word' id='word_1_177' title='bbox 435 2650 481 2690; x_wconf 85' lang='lat' dir='ltr'>ex</span> <span class='ocrx_word' id='word_1_178' title='bbox 513 2629 734 2692; x_wconf 86' lang='lat' dir='ltr'>cancellariis</span> <span class='ocrx_word' id='word_1_179' title='bbox 768 2640 803 2692; x_wconf 91' lang='lat' dir='ltr'>et</span> <span class='ocrx_word' id='word_1_180' title='bbox 835 2650 880 2692; x_wconf 84' lang='lat' dir='ltr'>ex</span> <span class='ocrx_word' id='word_1_181' title='bbox 915 2630 1076 2693; x_wconf 83' lang='lat' dir='ltr'>exercitu</span> <span class='ocrx_word' id='word_1_182' title='bbox 1114 2632 1363 2697; x_wconf 88' lang='lat' dir='ltr'>certitudinem</span> <span class='ocrx_word' id='word_1_183' title='bbox 1401 2635 1553 2697; x_wconf 72' lang='lat' dir='ltr'>haber·</span> <span class='ocrx_word' id='word_1_184' title='bbox 1572 2648 1633 2689; x_wconf 78' lang='lat' dir='ltr'>‘e</span> 
     </span>
     <span class='ocr_line' id='line_1_22' title="bbox 251 2734 1631 2816; baseline 0.008 -21"><span class='ocrx_word' id='word_1_185' title='bbox 251 2734 360 2816; x_wconf 90' lang='lat' dir='ltr'>potui.</span> <span class='ocrx_word' id='word_1_186' title='bbox 415 2735 591 2815; x_wconf 90' lang='lat' dir='ltr'>Dignetur</span> <span class='ocrx_word' id='word_1_187' title='bbox 626 2736 662 2798; x_wconf 84' lang='lat' dir='ltr'>S.</span> <span class='ocrx_word' id='word_1_188' title='bbox 687 2738 725 2799; x_wconf 81' lang='lat' dir='ltr'>T.</span> <span class='ocrx_word' id='word_1_189' title='bbox 761 2736 929 2799; x_wconf 84' lang='lat' dir='ltr'>Pontifex</span> <span class='ocrx_word' id='word_1_190' title='bbox 958 2738 1055 2800; x_wconf 92' lang='lat' dir='ltr'>Max.</span> <span class='ocrx_word' id='word_1_191' title='bbox 1085 2737 1155 2801; x_wconf 94' lang='lat' dir='ltr'>imo</span> <span class='ocrx_word' id='word_1_192' title='bbox 1184 2739 1228 2802; x_wconf 93' lang='lat' dir='ltr'>D.</span> <span class='ocrx_word' id='word_1_193' title='bbox 1262 2740 1411 2804; x_wconf 89' lang='lat' dir='ltr'>Datario</span> <span class='ocrx_word' id='word_1_194' title='bbox 1442 2754 1631 2804; x_wconf 73' lang='lat' dir='ltr'>comt]-</span> 
     </span>
     <span class='ocr_line' id='line_1_23' title="bbox 251 2839 1628 2931; baseline 0.005 -28"><span class='ocrx_word' id='word_1_195' title='bbox 251 2843 389 2904; x_wconf 89' lang='lat' dir='ltr'>mittere</span> <span class='ocrx_word' id='word_1_196' title='bbox 414 2852 452 2903; x_wconf 92' lang='lat' dir='ltr'>ut</span> <span class='ocrx_word' id='word_1_197' title='bbox 475 2843 639 2923; x_wconf 91' lang='lat' dir='ltr'>provisus</span> <span class='ocrx_word' id='word_1_198' title='bbox 655 2863 721 2925; x_wconf 89' lang='lat' dir='ltr'>per</span> <span class='ocrx_word' id='word_1_199' title='bbox 748 2864 802 2906; x_wconf 91' lang='lat' dir='ltr'>me</span> <span class='ocrx_word' id='word_1_200' title='bbox 827 2843 862 2906; x_wconf 89' lang='lat' dir='ltr'>in</span> <span class='ocrx_word' id='word_1_201' title='bbox 888 2843 1006 2906; x_wconf 90' lang='lat' dir='ltr'>officio</span> <span class='ocrx_word' id='word_1_202' title='bbox 1031 2845 1268 2927; x_wconf 89' lang='lat' dir='ltr'>inquisitionis</span> <span class='ocrx_word' id='word_1_203' title='bbox 1292 2867 1363 2910; x_wconf 90' lang='lat' dir='ltr'>non</span> <span class='ocrx_word' id='word_1_204' title='bbox 1389 2844 1586 2931; x_wconf 74' lang='lat' dir='ltr'>impedii-</span> <span class='ocrx_word' id='word_1_205' title='bbox 1610 2839 1628 2899; x_wconf 80' lang='lat' dir='ltr'>i·</span> 
     </span>
     <span class='ocr_line' id='line_1_24' title="bbox 252 2949 1630 3032; baseline 0.004 -22"><span class='ocrx_word' id='word_1_206' title='bbox 252 2959 330 3011; x_wconf 90' lang='lat' dir='ltr'>atur</span> <span class='ocrx_word' id='word_1_207' title='bbox 359 2953 404 3011; x_wconf 92' lang='lat' dir='ltr'>ab</span> <span class='ocrx_word' id='word_1_208' title='bbox 433 2949 551 3030; x_wconf 92' lang='lat' dir='ltr'>aliquo</span> <span class='ocrx_word' id='word_1_209' title='bbox 583 2950 616 3011; x_wconf 92' lang='lat' dir='ltr'>in</span> <span class='ocrx_word' id='word_1_210' title='bbox 658 2950 881 3013; x_wconf 83' lang='lat' dir='ltr'>assecutione</span> <span class='ocrx_word' id='word_1_211' title='bbox 915 2954 1147 3032; x_wconf 88' lang='lat' dir='ltr'>praebendae</span> <span class='ocrx_word' id='word_1_212' title='bbox 1182 2953 1273 3017; x_wconf 90' lang='lat' dir='ltr'>sicut</span> <span class='ocrx_word' id='word_1_213' title='bbox 1303 2954 1523 3019; x_wconf 84' lang='lat' dir='ltr'>Eberhardu:</span> <span class='ocrx_word' id='word_1_214' title='bbox 1550 2966 1630 3011; x_wconf 63' lang='lat' dir='ltr'>,s</span> 
     </span>
     <span class='ocr_line' id='line_1_25' title="bbox 252 3056 1631 3146; baseline 0.003 -29"><span class='ocrx_word' id='word_1_215' title='bbox 252 3056 387 3118; x_wconf 90' lang='lat' dir='ltr'>Ferber</span> <span class='ocrx_word' id='word_1_216' title='bbox 418 3065 632 3136; x_wconf 89' lang='lat' dir='ltr'>procurator</span> <span class='ocrx_word' id='word_1_217' title='bbox 667 3078 765 3120; x_wconf 87' lang='lat' dir='ltr'>meus</span> <span class='ocrx_word' id='word_1_218' title='bbox 795 3057 949 3139; x_wconf 89' lang='lat' dir='ltr'>pleniter</span> <span class='ocrx_word' id='word_1_219' title='bbox 981 3080 1059 3121; x_wconf 89' lang='lat' dir='ltr'>eum</span> <span class='ocrx_word' id='word_1_220' title='bbox 1087 3058 1301 3126; x_wconf 87' lang='lat' dir='ltr'>informavit.</span> <span class='ocrx_word' id='word_1_221' title='bbox 1353 3062 1522 3146; x_wconf 82' lang='lat' dir='ltr'>Deincep:</span> <span class='ocrx_word' id='word_1_222' title='bbox 1543 3071 1631 3115; x_wconf 67' lang='lat'>(³5</span> 
     </span>
     <span class='ocr_line' id='line_1_26' title="bbox 253 3161 1632 3252; baseline 0.004 -27"><span class='ocrx_word' id='word_1_223' title='bbox 253 3173 287 3225; x_wconf 90' lang='lat' dir='ltr'>et</span> <span class='ocrx_word' id='word_1_224' title='bbox 311 3165 377 3225; x_wconf 90' lang='lat' dir='ltr'>hoc</span> <span class='ocrx_word' id='word_1_225' title='bbox 403 3165 444 3227; x_wconf 82' lang='lat' dir='ltr'>D.</span> <span class='ocrx_word' id='word_1_226' title='bbox 471 3164 619 3226; x_wconf 85' lang='lat' dir='ltr'>Datario</span> <span class='ocrx_word' id='word_1_227' title='bbox 651 3161 686 3228; x_wconf 85' lang='lat' dir='ltr'>S.</span> <span class='ocrx_word' id='word_1_228' title='bbox 719 3165 758 3229; x_wconf 84' lang='lat' dir='ltr'>T.</span> <span class='ocrx_word' id='word_1_229' title='bbox 791 3167 1010 3229; x_wconf 89' lang='lat' dir='ltr'>committere</span> <span class='ocrx_word' id='word_1_230' title='bbox 1035 3167 1202 3248; x_wconf 89' lang='lat' dir='ltr'>dignetur</span> <span class='ocrx_word' id='word_1_231' title='bbox 1225 3180 1263 3231; x_wconf 93' lang='lat' dir='ltr'>ut</span> <span class='ocrx_word' id='word_1_232' title='bbox 1288 3189 1408 3233; x_wconf 89' lang='lat' dir='ltr'>curam</span> <span class='ocrx_word' id='word_1_233' title='bbox 1431 3166 1632 3252; x_wconf 58' lang='lat' dir='ltr'>gera-fit</span> 
     </span>
     <span class='ocr_line' id='line_1_27' title="bbox 254 3270 1634 3355; baseline 0.007 -24"><span class='ocrx_word' id='word_1_234' title='bbox 254 3270 365 3332; x_wconf 89' lang='lat' dir='ltr'>Eckio</span> <span class='ocrx_word' id='word_1_235' title='bbox 395 3270 608 3352; x_wconf 90' lang='lat' dir='ltr'>providendi</span> <span class='ocrx_word' id='word_1_236' title='bbox 641 3271 699 3352; x_wconf 94' lang='lat' dir='ltr'>qui</span> <span class='ocrx_word' id='word_1_237' title='bbox 734 3282 785 3334; x_wconf 89' lang='lat' dir='ltr'>tot</span> <span class='ocrx_word' id='word_1_238' title='bbox 817 3273 971 3335; x_wconf 88' lang='lat' dir='ltr'>millibus</span> <span class='ocrx_word' id='word_1_239' title='bbox 1002 3273 1169 3355; x_wconf 91' lang='lat' dir='ltr'>providit.</span> <span class='ocrx_word' id='word_1_240' title='bbox 1224 3274 1261 3338; x_wconf 90' lang='lat' dir='ltr'>ln</span> <span class='ocrx_word' id='word_1_241' title='bbox 1293 3296 1428 3340; x_wconf 91' lang='lat' dir='ltr'>summa</span> <span class='ocrx_word' id='word_1_242' title='bbox 1462 3294 1565 3340; x_wconf 71' lang='lat' dir='ltr'>not</span> <span class='ocrx_word' id='word_1_243' title='bbox 1586 3283 1634 3323; x_wconf 79' lang='lat'>⁴¹¹</span> 
     </span>
     <span class='ocr_line' id='line_1_28' title="bbox 254 3378 1636 3464; baseline 0.004 -24"><span class='ocrx_word' id='word_1_244' title='bbox 254 3388 308 3440; x_wconf 90' lang='lat' dir='ltr'>est</span> <span class='ocrx_word' id='word_1_245' title='bbox 332 3378 414 3441; x_wconf 91' lang='lat' dir='ltr'>mihi</span> <span class='ocrx_word' id='word_1_246' title='bbox 440 3399 522 3459; x_wconf 88' lang='lat' dir='ltr'>spes</span> <span class='ocrx_word' id='word_1_247' title='bbox 549 3380 680 3440; x_wconf 90' lang='lat' dir='ltr'>clerum</span> <span class='ocrx_word' id='word_1_248' title='bbox 706 3399 752 3440; x_wconf 87' lang='lat' dir='ltr'>ex</span> <span class='ocrx_word' id='word_1_249' title='bbox 776 3379 916 3458; x_wconf 85' lang='lat' dir='ltr'>integro</span> <span class='ocrx_word' id='word_1_250' title='bbox 939 3379 1076 3442; x_wconf 88' lang='lat' dir='ltr'>restitui</span> <span class='ocrx_word' id='word_1_251' title='bbox 1104 3382 1151 3443; x_wconf 90' lang='lat' dir='ltr'>ad</span> <span class='ocrx_word' id='word_1_252' title='bbox 1174 3381 1359 3463; x_wconf 90' lang='lat' dir='ltr'>pristinam</span> <span class='ocrx_word' id='word_1_253' title='bbox 1384 3383 1636 3464; x_wconf 55' lang='lat' dir='ltr'>dignitass&#39;</span> 
     </span>
     <span class='ocr_line' id='line_1_29' title="bbox 254 3485 1645 3572; baseline 0.005 -27"><span class='ocrx_word' id='word_1_254' title='bbox 254 3495 342 3563; x_wconf 85' lang='lat' dir='ltr'>tem,</span> <span class='ocrx_word' id='word_1_255' title='bbox 379 3485 444 3547; x_wconf 91' lang='lat' dir='ltr'>nisi</span> <span class='ocrx_word' id='word_1_256' title='bbox 481 3486 635 3547; x_wconf 91' lang='lat' dir='ltr'>adventu</span> <span class='ocrx_word' id='word_1_257' title='bbox 677 3485 839 3548; x_wconf 85' lang='lat' dir='ltr'>Caesaris</span> <span class='ocrx_word' id='word_1_258' title='bbox 872 3485 955 3549; x_wconf 91' lang='lat' dir='ltr'>licet</span> <span class='ocrx_word' id='word_1_259' title='bbox 993 3485 1119 3549; x_wconf 75' lang='lat' dir='ltr'>Nuncii</span> <span class='ocrx_word' id='word_1_260' title='bbox 1150 3486 1351 3570; x_wconf 88' lang='lat' dir='ltr'>Apostolici</span> <span class='ocrx_word' id='word_1_261' title='bbox 1381 3490 1541 3572; x_wconf 74' lang='lat' dir='ltr'>plurimr-</span> <span class='ocrx_word' id='word_1_262' title='bbox 1561 3492 1645 3543; x_wconf 67' lang='lat'>‘¹³</span> 
     </span>
     <span class='ocr_line' id='line_1_30' title="bbox 254 3578 1649 3676; baseline 0.003 -25"><span class='ocrx_word' id='word_1_263' title='bbox 254 3591 392 3672; x_wconf 79' lang='lat' dir='ltr'>possint</span> <span class='ocrx_word' id='word_1_264' title='bbox 415 3592 534 3654; x_wconf 91' lang='lat' dir='ltr'>facere</span> <span class='ocrx_word' id='word_1_265' title='bbox 559 3593 653 3672; x_wconf 85' lang='lat' dir='ltr'>apud</span> <span class='ocrx_word' id='word_1_266' title='bbox 679 3592 787 3674; x_wconf 90' lang='lat' dir='ltr'>ligam</span> <span class='ocrx_word' id='word_1_267' title='bbox 813 3603 848 3655; x_wconf 88' lang='lat' dir='ltr'>et</span> <span class='ocrx_word' id='word_1_268' title='bbox 871 3593 1051 3675; x_wconf 88' lang='lat' dir='ltr'>principes</span> <span class='ocrx_word' id='word_1_269' title='bbox 1082 3593 1172 3656; x_wconf 91' lang='lat' dir='ltr'>sicut</span> <span class='ocrx_word' id='word_1_270' title='bbox 1204 3595 1378 3676; x_wconf 88' lang='lat' dir='ltr'>proximis</span> <span class='ocrx_word' id='word_1_271' title='bbox 1408 3596 1513 3661; x_wconf 91' lang='lat' dir='ltr'>litteri</span> <span class='ocrx_word' id='word_1_272' title='bbox 1524 3578 1649 3655; x_wconf 56' lang='lat' dir='ltr'>1⁷³¹ss</span> 
     </span>
     <span class='ocr_line' id='line_1_31' title="bbox 255 3694 1654 3787; baseline 0.008 -28"><span class='ocrx_word' id='word_1_273' title='bbox 255 3696 290 3759; x_wconf 73' lang='lat' dir='ltr'>S.</span> <span class='ocrx_word' id='word_1_274' title='bbox 324 3699 362 3762; x_wconf 64' lang='lat' dir='ltr'>‘ll</span> <span class='ocrx_word' id='word_1_275' title='bbox 394 3698 599 3780; x_wconf 86' lang='lat' dir='ltr'>plenissime</span> <span class='ocrx_word' id='word_1_276' title='bbox 637 3697 929 3777; x_wconf 86' lang='lat' dir='ltr'>informaveram,</span> <span class='ocrx_word' id='word_1_277' title='bbox 962 3700 1047 3781; x_wconf 92' lang='lat' dir='ltr'>quid</span> <span class='ocrx_word' id='word_1_278' title='bbox 1077 3701 1174 3764; x_wconf 91' lang='lat' dir='ltr'>facto</span> <span class='ocrx_word' id='word_1_279' title='bbox 1206 3724 1296 3787; x_wconf 91' lang='lat' dir='ltr'>opus</span> <span class='ocrx_word' id='word_1_280' title='bbox 1329 3716 1424 3769; x_wconf 86' lang='lat' dir='ltr'>esset</span> <span class='ocrx_word' id='word_1_281' title='bbox 1451 3705 1605 3769; x_wconf 55' lang='lat' dir='ltr'>lic&amp;</span> <span class='ocrx_word' id='word_1_282' title='bbox 1623 3694 1654 3749; x_wconf 59' lang='lat' dir='ltr'>et</span> 
     </span>
     <span class='ocr_line' id='line_1_32' title="bbox 255 3793 1656 3886; baseline 0.008 -20"><span class='ocrx_word' id='word_1_283' title='bbox 255 3804 347 3866; x_wconf 89' lang='lat' dir='ltr'>forte</span> <span class='ocrx_word' id='word_1_284' title='bbox 381 3805 599 3886; x_wconf 89' lang='lat' dir='ltr'>prudentiori</span> <span class='ocrx_word' id='word_1_285' title='bbox 634 3805 780 3867; x_wconf 89' lang='lat' dir='ltr'>consilio</span> <span class='ocrx_word' id='word_1_286' title='bbox 812 3826 903 3886; x_wconf 89' lang='lat' dir='ltr'>quae</span> <span class='ocrx_word' id='word_1_287' title='bbox 933 3828 1112 3871; x_wconf 81' lang='lat' dir='ltr'>suaseram</span> <span class='ocrx_word' id='word_1_288' title='bbox 1147 3809 1364 3876; x_wconf 89' lang='lat' dir='ltr'>omittantur.</span> <span class='ocrx_word' id='word_1_289' title='bbox 1415 3813 1458 3876; x_wconf 92' lang='lat' dir='ltr'>D.</span> <span class='ocrx_word' id='word_1_290' title='bbox 1489 3793 1656 3877; x_wconf 64' lang='grc'>(0)·</span> 
     </span>
     <span class='ocr_line' id='line_1_33' title="bbox 254 3904 1662 4002; baseline 0.007 -30"><span class='ocrx_word' id='word_1_291' title='bbox 254 3911 302 3973; x_wconf 88' lang='lat' dir='ltr'>M.</span> <span class='ocrx_word' id='word_1_292' title='bbox 327 3911 494 3992; x_wconf 89' lang='lat' dir='ltr'>dignetur</span> <span class='ocrx_word' id='word_1_293' title='bbox 518 3933 729 3975; x_wconf 87' lang='lat' dir='ltr'>conservare</span> <span class='ocrx_word' id='word_1_294' title='bbox 758 3910 794 3977; x_wconf 87' lang='lat' dir='ltr'>S.</span> <span class='ocrx_word' id='word_1_295' title='bbox 825 3914 865 3976; x_wconf 88' lang='lat' dir='ltr'>T.</span> <span class='ocrx_word' id='word_1_296' title='bbox 890 3923 926 3975; x_wconf 87' lang='lat' dir='ltr'>et</span> <span class='ocrx_word' id='word_1_297' title='bbox 950 3934 1027 3977; x_wconf 87' lang='lat' dir='ltr'>eam</span> <span class='ocrx_word' id='word_1_298' title='bbox 1052 3915 1243 3998; x_wconf 88' lang='lat' dir='ltr'>aspirando</span> <span class='ocrx_word' id='word_1_299' title='bbox 1266 3921 1475 4002; x_wconf 90' lang='lat' dir='ltr'>praeveniat</span> <span class='ocrx_word' id='word_1_300' title='bbox 1497 3933 1592 3982; x_wconf 68' lang='grc' dir='ltr'>αθ</span> <span class='ocrx_word' id='word_1_301' title='bbox 1631 3904 1662 3960; x_wconf 61' lang='lat' dir='ltr'>et</span> 
     </span>
     <span class='ocr_line' id='line_1_34' title="bbox 256 4019 1661 4102; baseline 0.006 -23"><span class='ocrx_word' id='word_1_302' title='bbox 256 4019 456 4081; x_wconf 88' lang='lat' dir='ltr'>adiuvando</span> <span class='ocrx_word' id='word_1_303' title='bbox 490 4029 725 4101; x_wconf 89' lang='lat' dir='ltr'>prosequatur</span> <span class='ocrx_word' id='word_1_304' title='bbox 765 4022 810 4081; x_wconf 89' lang='lat' dir='ltr'>ad</span> <span class='ocrx_word' id='word_1_305' title='bbox 846 4020 963 4083; x_wconf 89' lang='lat' dir='ltr'>omnia</span> <span class='ocrx_word' id='word_1_306' title='bbox 993 4042 1084 4102; x_wconf 84' lang='lat' dir='ltr'>quae</span> <span class='ocrx_word' id='word_1_307' title='bbox 1119 4023 1256 4089; x_wconf 88' lang='lat' dir='ltr'>faciunt</span> <span class='ocrx_word' id='word_1_308' title='bbox 1286 4028 1332 4090; x_wconf 90' lang='lat' dir='ltr'>ad</span> <span class='ocrx_word' id='word_1_309' title='bbox 1362 4029 1581 4091; x_wconf 70' lang='lat' dir='ltr'>honorerri</span> <span class='ocrx_word' id='word_1_310' title='bbox 1598 4022 1661 4069; x_wconf 50' lang='grc' dir='ltr'>εἴη</span> 
     </span>
     <span class='ocr_line' id='line_1_35' title="bbox 256 4109 1664 4215; baseline 0.008 -29"><span class='ocrx_word' id='word_1_311' title='bbox 256 4125 406 4187; x_wconf 89' lang='lat' dir='ltr'>nominis</span> <span class='ocrx_word' id='word_1_312' title='bbox 431 4125 482 4187; x_wconf 90' lang='lat' dir='ltr'>sui</span> <span class='ocrx_word' id='word_1_313' title='bbox 508 4136 542 4188; x_wconf 92' lang='lat' dir='ltr'>et</span> <span class='ocrx_word' id='word_1_314' title='bbox 566 4127 750 4189; x_wconf 87' lang='lat' dir='ltr'>haeresum</span> <span class='ocrx_word' id='word_1_315' title='bbox 775 4135 810 4188; x_wconf 87' lang='lat' dir='ltr'>et</span> <span class='ocrx_word' id='word_1_316' title='bbox 833 4128 1132 4209; x_wconf 85' lang='lat' dir='ltr'>blasphemiarum</span> <span class='ocrx_word' id='word_1_317' title='bbox 1158 4132 1443 4215; x_wconf 83' lang='lat' dir='ltr'>extirpationem.</span> <span class='ocrx_word' id='word_1_318' title='bbox 1472 4109 1664 4196; x_wconf 54' lang='grc' dir='ltr'>ΜοἎᾹΘ</span> 
     </span>
     <span class='ocr_line' id='line_1_36' title="bbox 256 4231 1037 4314; baseline 0.004 -19"><span class='ocrx_word' id='word_1_319' title='bbox 256 4231 450 4314; x_wconf 89' lang='lat' dir='ltr'>supplicem</span> <span class='ocrx_word' id='word_1_320' title='bbox 475 4235 757 4310; x_wconf 84' lang='lat' dir='ltr'>commendatum</span> <span class='ocrx_word' id='word_1_321' title='bbox 781 4237 914 4297; x_wconf 87' lang='lat' dir='ltr'>habeat</span> <span class='ocrx_word' id='word_1_322' title='bbox 937 4233 972 4299; x_wconf 81' lang='lat' dir='ltr'>S.</span> <span class='ocrx_word' id='word_1_323' title='bbox 999 4236 1037 4298; x_wconf 87' lang='lat' dir='ltr'>T.</span> 
     </span>
    </p>

    <p class='ocr_par' dir='ltr' id='par_1_3' title="bbox 345 4339 1331 4422">
     <span class='ocr_line' id='line_1_37' title="bbox 345 4339 1331 4422; baseline 0.01 -22"><span class='ocrx_word' id='word_1_324' title='bbox 345 4339 553 4419; x_wconf 90' lang='lat' dir='ltr'>lngolstadii</span> <span class='ocrx_word' id='word_1_325' title='bbox 579 4340 704 4402; x_wconf 87' lang='lat' dir='ltr'><strong>XXV.</strong></span> <span class='ocrx_word' id='word_1_326' title='bbox 729 4340 812 4422; x_wconf 87' lang='lat' dir='ltr'>Julii</span> <span class='ocrx_word' id='word_1_327' title='bbox 837 4342 943 4403; x_wconf 90' lang='lat' dir='ltr'>Anno</span> <span class='ocrx_word' id='word_1_328' title='bbox 968 4343 1105 4421; x_wconf 87' lang='lat' dir='ltr'>gratiae</span> <span class='ocrx_word' id='word_1_329' title='bbox 1129 4344 1331 4411; x_wconf 88' lang='lat' dir='ltr'><strong>MDXXV.</strong></span> 
     </span>
    </p>
   </div>
   <div class='ocr_carea' id='block_1_3' title="bbox 1313 4471 1428 4536">
    <p class='ocr_par' dir='ltr' id='par_1_4' title="bbox 1313 4471 1428 4536">
     <span class='ocr_line' id='line_1_38' title="bbox 1313 4471 1428 4536; baseline 0.009 -1"><span class='ocrx_word' id='word_1_330' title='bbox 1313 4471 1428 4536; x_wconf 70' lang='lat' dir='ltr'>teum</span> 
     </span>
    </p>
   </div>
   <div class='ocr_carea' id='block_1_4' title="bbox 790 4643 995 4656">
    <p class='ocr_par' dir='ltr' id='par_1_5' title="bbox 790 4643 995 4656">
     <span class='ocr_line' id='line_1_39' title="bbox 790 4643 995 4656; baseline 0 0"><span class='ocrx_word' id='word_1_331' title='bbox 790 4644 831 4656; x_wconf 63' lang='lat' dir='ltr'><em>W</em></span> <span class='ocrx_word' id='word_1_332' title='bbox 837 4643 995 4656; x_wconf 58' lang='lat' dir='ltr'>‘ww-vorm</span> 
     </span>
    </p>
   </div>
   <div class='ocr_carea' id='block_1_5' title="bbox 0 0 1685 5556">
    <p class='ocr_par' dir='ltr' id='par_1_6' title="bbox 0 0 1685 5556">
     <span class='ocr_line' id='line_1_40' title="bbox 0 0 1685 5556; baseline 0 0"><span class='ocrx_word' id='word_1_333' title='bbox 0 0 1685 5556; x_wconf 95' lang='lat' dir='ltr'> </span> 
     </span>
    </p>
   </div>
  </div>
 </body>
</html>
