3330 5580
689 1306 947 1427 Appendix.

539 1524 587 1603 lle
615 1523 804 1603 natalibus
832 1522 1023 1603 Clementis
1050 1523 1128 1603 llll.

623 1664 710 1732 (Amr
728 1661 804 1720 Vm
823 1677 895 1736 capr.
915 1662 931 1720 2
949 1661 983 1720 ll.
1000 1662 1035 1732 1.)

697 1777 750 1834 (πο.
769 1775 841 1838 Sept.
864 1771 951 1840 1513.)

191 1914 280 1977 lieo
322 1915 576 1997 Episcopus
616 1913 775 1979 Servus
806 1914 1041 1980 Servorum
1073 1915 1154 1978 Dei
1185 1916 1238 1976 ad
1271 1914 1468 1976 futuram

645 2023 711 2086 rei
741 2023 1006 2087 memoriam.

277 2145 337 2207 Ad
353 2145 556 2209 Romanum
573 2147 782 2211 Pontificem
796 2148 957 2230 inprimis
969 2147 1123 2228 pertinet
1135 2167 1205 2209 non
1218 2149 1330 2208 solum
1349 2143 1467 2207 Salva·

187 2252 275 2314 toris
288 2252 430 2315 Domini
448 2254 558 2316 nostri
571 2254 656 2334 Jesu
670 2254 799 2317 Christi
813 2254 971 2335 singulas
988 2254 1146 2317 actiones
1162 2274 1231 2335 que
1248 2254 1293 2315 ad
1312 2263 1467 2315 nostram

188 2369 269 2422 sunt
292 2359 570 2442 instructionem,
595 2382 718 2424 verum
750 2362 856 2425 etiam
888 2361 963 2425 eius
990 2364 1102 2424 verba
1132 2382 1200 2443 que
1230 2381 1300 2423 non
1334 2363 1467 2441 absque

188 2465 356 2548 profundi
380 2488 505 2530 sensus
530 2468 686 2531 misterio
710 2469 866 2550 protulit,
892 2470 1022 2550 quique
1047 2468 1154 2542 dixit;
1202 2468 1281 2550 Ego
1306 2488 1383 2529 sum
1410 2469 1465 2528 lux

187 2574 324 2655 mundi,
361 2595 430 2656 que
463 2576 575 2657 pulsis
607 2575 807 2657 ignorantie
837 2577 1014 2656 tenebris,
1046 2576 1197 2637 veritate
1230 2575 1373 2656 previa,
1406 2594 1467 2655 per

189 2692 321 2744 rectam
339 2681 471 2745 iustitie
488 2683 648 2746 semitam
665 2693 793 2747 cuncta
810 2684 917 2766 ducit,
934 2683 1074 2757 imitari;
1100 2683 1267 2764 quocirca
1291 2703 1356 2744 nos
1383 2681 1465 2744 eius-

189 2789 269 2852 dem
295 2786 495 2853 Salvatoris
518 2791 639 2870 nostri,
664 2790 748 2853 licet
771 2790 952 2870 immeriti,
981 2791 1078 2854 vices
1102 2801 1270 2872 gerentes
1294 2789 1329 2852 in
1354 2788 1467 2866 terris,

188 2916 228 2959 ac
253 2896 288 2959 in
313 2897 399 2959 sede
423 2897 556 2960 iustitie
581 2897 701 2960 divina
726 2898 959 2981 dispositione
983 2899 1108 2978 locati,
1133 2919 1180 2961 ex
1205 2896 1326 2960 debito
1351 2909 1466 2978 pasto·

190 3003 274 3066 ralis
299 3002 424 3084 officii,
455 3015 493 3067 ut
517 3025 817 3088 quorumcumque
842 3026 1073 3088 personarum
1105 3015 1216 3068 status
1248 3014 1283 3066 et
1312 3003 1467 3065 conditio

187 3111 1468 3195 proutdecetequolibraminepensitenturetunicuiquesuumtribuatur

187 3217 251 3298 ius,
275 3238 400 3282 curare
423 3230 585 3283 tenemur
602 3231 646 3300 et,
672 3229 854 3302 comperta
870 3220 1031 3298 veritate,
1056 3219 1306 3282 declarationis
1322 3219 1467 3279 oraculo

189 3327 285 3388 clara
310 3336 346 3389 et
367 3329 475 3408 plana
499 3328 631 3407 facere,
654 3337 693 3389 ut
718 3328 846 3391 exinde
871 3347 1021 3390 erronea
1038 3327 1205 3410 opinione
1228 3335 1263 3388 et
1290 3322 1468 3386 contraria

95 3520 101 3527 ⁸
187 3430 283 3495 fama
311 3434 471 3514 sublatis,
488 3435 603 3498 omnis
620 3436 811 3498 dubietatis
827 3435 940 3498 fornes
963 3443 1199 3497 removeatur.
1246 3431 1333 3494 Cum
1355 3449 1468 3512 nuper

187 3539 258 3602 fide
274 3539 461 3624 dignorum
478 3543 651 3606 relatione
666 3543 929 3626 perceperimus
953 3543 1048 3623 quod
1074 3541 1222 3603 dilectus
1246 3538 1340 3600 iilius
1356 3538 1468 3617 Julius

187 3647 330 3710 Electus
354 3647 594 3730 Florentinus,
628 3670 733 3731 quem
765 3653 935 3713 hactenus
967 3650 1012 3710 de
1041 3647 1219 3730 quondam
1251 3645 1395 3724 Juliano
1425 3644 1467 3704 de

188 3754 338 3817 Medicis
363 3755 449 3818 Cive
473 3757 699 3837 Florentino,
735 3758 927 3820 secundum
951 3776 1093 3818 carnem
1130 3755 1263 3816 Patruo
1288 3761 1410 3815 nostro
1435 3759 1469 3812 et

188 3860 333 3925 Floreta
357 3861 505 3925 Antonii
528 3863 679 3926 Muliere
694 3864 901 3926 Florentina
924 3873 1006 3925 tunc
1030 3862 1065 3924 in
1090 3860 1252 3924 humanis
1267 3858 1468 3953 agentibus,

190 3968 344 4052 genitus,
368 3968 547 4032 defectum
573 3971 741 4033 natalium
766 3972 840 4053 pati
864 3978 1059 4051 reputatus,
1077 3988 1267 4048 secumque
1288 3978 1467 4048 tamquam

190 4075 368 4139 defectum
405 4076 603 4138 huiusmodi
632 4078 801 4159 patiente,
837 4077 872 4139 in
910 4075 1174 4157 provisionibus
1215 4072 1467 4136 beneficiorum

190 4183 258 4246 sibi
282 4182 387 4245 factis
411 4202 476 4264 per
499 4185 774 4264 predecessores
791 4192 930 4245 nostros
955 4193 990 4245 et
1014 4203 1078 4264 per
1102 4203 1177 4261 nos,
1201 4202 1280 4243 curn
1295 4201 1410 4263 nuper
1424 4181 1467 4242 de

190 4310 344 4372 persona
369 4311 432 4352 sua
457 4290 608 4352 ecclesie
638 4289 826 4354 florentine
850 4301 933 4352 tunc
967 4299 1065 4352 certo
1090 4292 1195 4352 modo
1220 4288 1362 4350 vacanti
1389 4307 1465 4370 pro·

188 4397 409 4475 vidissemus,
440 4397 625 4477 ipsumque
649 4397 699 4459 illi
724 4396 984 4478 preficissemus
1015 4396 1050 4458 in
1080 4396 1401 4478 Archiepiscopum
1434 4405 1468 4457 et

191 4505 374 4566 Pastorem
400 4515 438 4564 ut
462 4502 512 4565 illi
537 4522 682 4584 preesse
706 4513 829 4585 posset
853 4505 1095 4586 dispensatum
1118 4503 1194 4582 fuit,
1220 4503 1314 4584 quod
1348 4503 1383 4565 in
1413 4522 1466 4564 ve·

190 4609 292 4672 ritate
318 4631 362 4672 ex
386 4608 545 4692 legitimo
570 4610 793 4673 matrimonio
817 4611 908 4673 inter
932 4612 1077 4674 eosdem
1109 4609 1286 4690 Julianum
1322 4619 1358 4671 et
1391 4609 1466 4671 Flo·

191 4726 302 4780 tetam
326 4737 391 4800 per
418 4719 530 4778 verba
554 4717 711 4797 legitime
736 4720 780 4780 de
808 4721 965 4799 presenti
990 4727 1171 4781 contracto
1196 4727 1232 4779 et
1256 4717 1391 4780 carnali
1415 4736 1466 4779 co·

188 4826 273 4906 pula
297 4833 502 4887 consumato
526 4833 734 4906 procreatus
759 4834 835 4886 erat
859 4845 899 4886 ac
925 4827 1021 4917 quod
1044 4825 1153 4907 aliqui
1171 4847 1216 4888 ex
1233 4826 1385 4889 testibus
1408 4823 1464 4906 qui
