3330 5580
598 483 844 544 0-4343504

80 637 144 701 tior
169 657 265 717 sum,
301 656 404 719 quam
433 655 587 717 unquam
623 654 745 697 eorum
775 632 948 715 perfidiae
981 635 1225 713 subscribere,
1257 633 1360 698 sicuti

79 743 396 809 Reverendissimo
441 743 592 805 Domino
636 739 815 803 Cardinali
859 740 1054 822 Campegio
1092 742 1127 805 in
1172 742 1361 824 Hungaria

79 849 287 915 Sanctitatis
311 851 464 913 Vestrae
488 849 640 931 Legat0,
665 849 709 909 de
734 847 861 927 studio,
887 846 1073 927 diligentia
1097 858 1132 911 et
1148 868 1258 929 opera
1282 869 1361 912 mea

79 959 142 1020 hoc
167 957 204 1019 in
221 956 373 1038 negocio
389 955 567 1033 adhibitis,
591 953 701 1016 lacius
726 961 883 1026 constat;
908 954 1070 1036 supplico
1087 955 1206 1035 itaque
1225 954 1358 1017 Sancti·

79 1064 141 1126 tati
154 1063 318 1144 Vestrae,
340 1071 473 1145 quanta
485 1081 628 1144 possum
640 1059 847 1139 humilitate,
862 1059 1039 1123 Sanctitas
1049 1060 1180 1124 Vestra
1192 1062 1360 1142 dignetur

79 1172 222 1233 tandem
247 1169 411 1233 clementi
436 1179 609 1250 paternae
632 1166 777 1248 pietatis
801 1168 904 1230 oculo
928 1168 1020 1230 hanc
1045 1168 1213 1230 diocesim
1235 1189 1361 1247 meam,

79 1276 184 1339 immo
209 1296 308 1338 suam
333 1275 538 1358 benigniter
561 1274 751 1355 respicere.
806 1274 896 1336 Nam
923 1294 965 1336 eo
990 1294 1047 1337 res
1071 1277 1227 1337 nondum
1252 1274 1360 1353 venit,

78 1394 115 1444 ut
138 1384 185 1444 de
202 1382 436 1445 restauranda
455 1380 631 1461 religione
656 1401 738 1461 spes
764 1380 876 1443 omnis
900 1382 1021 1443 ablata
1045 1381 1100 1461 sit,
1125 1381 1359 1462 racionesque

79 1498 301 1571 opportunas
324 1487 427 1550 buius
450 1489 591 1569 amplae
615 1487 797 1569 dyocesis,
822 1488 1009 1549 Romanae
1034 1484 1120 1549 Sedi
1153 1487 1360 1550 retinendae

79 1604 216 1657 mature
249 1593 339 1656 inire
369 1603 559 1675 antequam
592 1613 732 1656 errores
755 1593 804 1654 hii
827 1593 863 1656 in
888 1593 1003 1655 vicina
1023 1613 1136 1676 regna
1153 1594 1361 1676 Hungariae

81 1700 275 1764 Bohemiae
300 1701 472 1763 Poloniae
496 1712 531 1763 et
556 1711 698 1763 caetera
732 1710 878 1782 serpant
909 1702 1058 1782 posthac
1090 1721 1268 1782 nunquam
1303 1723 1361 1763 ex·

79 1807 279 1889 tinguendi.
327 1807 385 1872 Ob
409 1808 445 1869 id
470 1807 561 1870 enim
591 1805 795 1869 Sanctitatis
819 1808 972 1871 Vestrae
1006 1827 1223 1889 magnopere
1257 1808 1360 1870 inter·

79 1935 160 1978 esse
192 1914 388 1994 videretur,
421 1935 525 1996 quam
556 1915 706 1995 primum
739 1914 819 1976 huic
852 1916 944 1976 malo
978 1916 1060 1976 dum
1089 1934 1213 1977 recens
1245 1915 1361 1975 adhuc

78 2031 136 2084 est
159 2021 302 2085 obviam
326 2021 388 2083 ire.
435 2021 476 2082 Id
501 2021 596 2101 quod
620 2041 686 2101 pro
712 2019 833 2082 debito
850 2041 929 2083 meo
946 2020 1178 2083 Sanctitatem
1198 2020 1361 2082 Vestram

80 2129 208 2190 iterum
238 2128 397 2191 officiose
428 2127 525 2190 nolui
557 2130 684 2190 celare.
739 2127 928 2190 Sanctitati
957 2127 1109 2190 Vestrae
1141 2127 1290 2209 perinde
1324 2147 1365 2190 ac

78 2235 355 2297 clementissimo
372 2234 527 2297 Domino
551 2255 629 2296 meo
655 2254 710 2295 me
735 2233 999 2296 devotissimam
1024 2235 1204 2297 euiusdem
1231 2249 1364 2296 creatu·

77 2362 155 2404 ram
179 2341 372 2405 humillime
397 2342 616 2404 commendo

170 2448 251 2512 Dat.
277 2446 486 2511 Otmuchaw
512 2448 569 2510 die
594 2447 777 2527 Vigesima
806 2457 934 2509 octava
967 2448 1101 2510 Mensis
1131 2448 1225 2528 Junii
1257 2450 1365 2510 Anno

78 2555 224 2619 Domini
247 2555 449 2619 MDXXV.

172 2663 337 2724 Eiusdem
362 2660 571 2724 Sanctitatis
595 2662 758 2723 Vestrae.

882 2770 1060 2816 Devotissima
1079 2769 1204 2817 Creatura

756 2854 876 2917 lacobus
897 2862 1044 2924 Episcopus
1065 2862 1287 2910 Vratis1aviensis.

684 3213 760 3279 226.

339 3332 533 3432 Episcopus
562 3329 793 3409 Tridentinus
822 3330 993 3410 Clementi
1021 3331 1099 3413 VII.

537 3477 638 3550 (Epist.
656 3477 746 3535 Ptine.
765 3476 816 3534 m
834 3477 904 3545 186.)

597 3594 633 3663 (1.
653 3595 719 3660 Julii
742 3596 829 3657 1525.)

170 3721 348 3784 Sanctitas
379 3720 508 3781 Vestra
544 3718 668 3780 debuit
699 3719 768 3781 iam
807 3719 989 3801 accepisse
1025 3721 1219 3784 cuiusmodi
1253 3722 1359 3784 fuerit

77 3849 290 3911 responsum
315 3829 408 3908 quod
434 3824 690 3888 Serenissimus
714 3826 882 3908 princeps
908 3829 1103 3890 declaravit
1127 3829 1361 3911 popularibus

77 3936 181 4000 huius
205 3935 400 3998 Comitatus
424 3952 532 4013 super
555 3931 723 4013 querellis
748 3943 782 3994 et
807 3932 1043 4015 peticionibus
1067 3937 1272 4016 eorundem,
1288 3956 1358 4017 quo

78 4042 221 4125 quidem
247 4043 353 4123 plane
379 4040 551 4121 colligere
575 4039 658 4101 licet
682 4059 761 4101 eum
795 4060 874 4103 esse
898 4061 1002 4121 quem
1038 4053 1179 4105 vestrae
1203 4043 1360 4105 Beatitu·

78 4150 152 4213 dini
177 4148 320 4230 saepius
344 4156 493 4209 testatus
518 4167 594 4208 sum
618 4145 815 4227 principem
839 4146 1043 4226 religiosum
1073 4148 1201 4211 iustum
1235 4158 1271 4211 et
1300 4150 1360 4211 ho·

79 4267 216 4320 nestum
241 4255 341 4318 simul
367 4266 402 4317 et
426 4255 637 4316 catholicum
662 4253 795 4316 ordinis
829 4266 864 4315 et
888 4254 1071 4334 dignitatis
1095 4256 1360 4318 ecclesiasticae

80 4363 316 4427 defensorem.
364 4363 402 4424 In
429 4381 499 4442 quo
524 4360 675 4441 negocio
692 4359 858 4440 quicquid
883 4380 952 4441 ego
968 4361 1113 4424 fecerim
1138 4363 1269 4444 quidve
1293 4382 1359 4444 pro

77 4470 170 4533 virili
195 4490 274 4532 mea
297 4468 416 4531 facere
441 4469 634 4546 contendo,
658 4485 783 4547 parum
815 4467 980 4529 convenit
1010 4469 1163 4549 quodid
1199 4469 1277 4551 ipsa
1312 4489 1358 4531 ex

77 4597 133 4640 me
159 4586 364 4658 cognoscat,
389 4575 478 4638 alios
502 4596 606 4656 quam
631 4593 685 4635 me
710 4573 883 4636 relatores
906 4574 1070 4638 habitura

166 4683 221 4745 Ex
246 4683 416 4746 Tridento
446 4703 472 4747 1.
496 4681 578 4762 Julii
608 4700 700 4758 1525.
