<?xml version="1.0" encoding="UTF-8"?>
<!DOCTYPE html PUBLIC "-//W3C//DTD XHTML 1.0 Transitional//EN"
    "http://www.w3.org/TR/xhtml1/DTD/xhtml1-transitional.dtd">
<html xmlns="http://www.w3.org/1999/xhtml" xml:lang="en" lang="en">
 <head>
  <title>
</title>
<meta http-equiv="Content-Type" content="text/html;charset=utf-8" />
  <meta name='ocr-system' content='tesseract 3.04.00' />
  <meta name='ocr-capabilities' content='ocr_page ocr_carea ocr_par ocr_line ocrx_word'/>
</head>
<body>
  <div class='ocr_page' id='page_1' title='image "./monumentareform00vatigoog_0218.png"; bbox 0 0 3330 5580; ppageno 0'>
   <div class='ocr_carea' id='block_1_1' title="bbox 720 471 966 525">
    <p class='ocr_par' dir='ltr' id='par_1_1' title="bbox 720 471 966 525">
     <span class='ocr_line' id='line_1_1' title="bbox 720 471 966 525; baseline -0.004 0"><span class='ocrx_word' id='word_1_1' title='bbox 720 473 778 525; x_wconf 56' lang='lat'>0³2³</span> <span class='ocrx_word' id='word_1_2' title='bbox 821 474 869 525; x_wconf 76' lang='lat'>177</span> <span class='ocrx_word' id='word_1_3' title='bbox 909 471 966 524; x_wconf 50' lang='lat' dir='ltr'>CN</span> 
     </span>
    </p>
   </div>
   <div class='ocr_carea' id='block_1_2' title="bbox 187 617 1490 4978">
    <p class='ocr_par' dir='ltr' id='par_1_2' title="bbox 187 617 1484 1534">
     <span class='ocr_line' id='line_1_2' title="bbox 187 617 1484 699; baseline 0.004 -23"><span class='ocrx_word' id='word_1_4' title='bbox 187 617 403 694; x_wconf 85' lang='lat' dir='ltr'>debuisset,</span> <span class='ocrx_word' id='word_1_5' title='bbox 447 617 531 677; x_wconf 76' lang='lat' dir='ltr'>velit</span> <span class='ocrx_word' id='word_1_6' title='bbox 569 617 794 679; x_wconf 73' lang='lat' dir='ltr'>nihilominus</span> <span class='ocrx_word' id='word_1_7' title='bbox 830 640 892 679; x_wconf 87' lang='lat' dir='ltr'>sua</span> <span class='ocrx_word' id='word_1_8' title='bbox 930 619 1095 680; x_wconf 84' lang='lat' dir='ltr'>maiestas</span> <span class='ocrx_word' id='word_1_9' title='bbox 1132 640 1174 679; x_wconf 90' lang='lat' dir='ltr'>ne</span> <span class='ocrx_word' id='word_1_10' title='bbox 1217 621 1484 699; x_wconf 74' lang='lat' dir='ltr'>quomodolibet</span> 
     </span>
     <span class='ocr_line' id='line_1_3' title="bbox 192 723 1483 807; baseline 0.004 -23"><span class='ocrx_word' id='word_1_11' title='bbox 192 723 268 785; x_wconf 86' lang='lat' dir='ltr'>sibi</span> <span class='ocrx_word' id='word_1_12' title='bbox 288 725 527 805; x_wconf 84' lang='lat' dir='ltr'>conquerendi</span> <span class='ocrx_word' id='word_1_13' title='bbox 545 745 666 786; x_wconf 87' lang='lat' dir='ltr'>ansam</span> <span class='ocrx_word' id='word_1_14' title='bbox 684 725 812 806; x_wconf 87' lang='lat' dir='ltr'>capiat,</span> <span class='ocrx_word' id='word_1_15' title='bbox 836 725 1092 806; x_wconf 81' lang='lat' dir='ltr'>precipitanter</span> <span class='ocrx_word' id='word_1_16' title='bbox 1109 746 1226 786; x_wconf 85' lang='lat' dir='ltr'>seeum</span> <span class='ocrx_word' id='word_1_17' title='bbox 1251 736 1368 788; x_wconf 89' lang='lat' dir='ltr'>actum</span> <span class='ocrx_word' id='word_1_18' title='bbox 1393 748 1483 807; x_wconf 87' lang='lat' dir='ltr'>esse,</span> 
     </span>
     <span class='ocr_line' id='line_1_4' title="bbox 192 830 1481 915; baseline 0.004 -25"><span class='ocrx_word' id='word_1_19' title='bbox 192 830 497 893; x_wconf 75' lang='lat' dir='ltr'>deliberationem</span> <span class='ocrx_word' id='word_1_20' title='bbox 513 832 659 915; x_wconf 79' lang='lat' dir='ltr'>petitam</span> <span class='ocrx_word' id='word_1_21' title='bbox 676 836 869 895; x_wconf 88' lang='lat' dir='ltr'>clementer</span> <span class='ocrx_word' id='word_1_22' title='bbox 889 834 1074 913; x_wconf 82' lang='lat' dir='ltr'>indulgere</span> <span class='ocrx_word' id='word_1_23' title='bbox 1101 844 1135 894; x_wconf 91' lang='lat' dir='ltr'>et</span> <span class='ocrx_word' id='word_1_24' title='bbox 1159 854 1296 895; x_wconf 86' lang='lat' dir='ltr'>rursum</span> <span class='ocrx_word' id='word_1_25' title='bbox 1321 835 1366 895; x_wconf 86' lang='lat' dir='ltr'>ad</span> <span class='ocrx_word' id='word_1_26' title='bbox 1391 854 1481 895; x_wconf 85' lang='lat' dir='ltr'>com·</span> 
     </span>
     <span class='ocr_line' id='line_1_5' title="bbox 196 938 1482 1021; baseline 0.003 -23"><span class='ocrx_word' id='word_1_27' title='bbox 196 939 409 1019; x_wconf 84' lang='lat' dir='ltr'>parendum,</span> <span class='ocrx_word' id='word_1_28' title='bbox 436 938 798 1021; x_wconf 87' lang='lat' dir='ltr'>deliberationemque</span> <span class='ocrx_word' id='word_1_29' title='bbox 824 961 921 1001; x_wconf 89' lang='lat' dir='ltr'>suam</span> <span class='ocrx_word' id='word_1_30' title='bbox 945 940 1187 1020; x_wconf 87' lang='lat' dir='ltr'>aperiendum,</span> <span class='ocrx_word' id='word_1_31' title='bbox 1204 940 1296 1001; x_wconf 89' lang='lat' dir='ltr'>diem</span> <span class='ocrx_word' id='word_1_32' title='bbox 1320 940 1482 1020; x_wconf 81' lang='lat' dir='ltr'>proxime</span> 
     </span>
     <span class='ocr_line' id='line_1_6' title="bbox 197 1046 1481 1127; baseline 0.004 -23"><span class='ocrx_word' id='word_1_33' title='bbox 197 1056 421 1124; x_wconf 74' lang='lat' dir='ltr'>sequentem,</span> <span class='ocrx_word' id='word_1_34' title='bbox 446 1047 534 1106; x_wconf 79' lang='lat' dir='ltr'>liora</span> <span class='ocrx_word' id='word_1_35' title='bbox 559 1046 682 1126; x_wconf 90' lang='lat' dir='ltr'>quinta</span> <span class='ocrx_word' id='word_1_36' title='bbox 705 1058 787 1126; x_wconf 90' lang='lat' dir='ltr'>post</span> <span class='ocrx_word' id='word_1_37' title='bbox 812 1046 1003 1121; x_wconf 82' lang='lat' dir='ltr'>meridiem,</span> <span class='ocrx_word' id='word_1_38' title='bbox 1029 1047 1196 1108; x_wconf 79' lang='lat' dir='ltr'>statuisse</span> <span class='ocrx_word' id='word_1_39' title='bbox 1221 1056 1256 1109; x_wconf 91' lang='lat' dir='ltr'>et</span> <span class='ocrx_word' id='word_1_40' title='bbox 1280 1046 1481 1127; x_wconf 81' lang='lat' dir='ltr'>prefixisse,</span> 
     </span>
     <span class='ocr_line' id='line_1_7' title="bbox 199 1152 1480 1233; baseline 0.002 -21"><span class='ocrx_word' id='word_1_41' title='bbox 199 1153 498 1232; x_wconf 79' lang='lat' dir='ltr'>quemadmodum</span> <span class='ocrx_word' id='word_1_42' title='bbox 524 1173 586 1213; x_wconf 89' lang='lat' dir='ltr'>sua</span> <span class='ocrx_word' id='word_1_43' title='bbox 602 1154 778 1233; x_wconf 85' lang='lat' dir='ltr'>maiestas,</span> <span class='ocrx_word' id='word_1_44' title='bbox 804 1155 954 1215; x_wconf 89' lang='lat' dir='ltr'>eundem</span> <span class='ocrx_word' id='word_1_45' title='bbox 973 1152 1065 1214; x_wconf 91' lang='lat' dir='ltr'>diem</span> <span class='ocrx_word' id='word_1_46' title='bbox 1090 1154 1272 1216; x_wconf 89' lang='lat' dir='ltr'>ethoram</span> <span class='ocrx_word' id='word_1_47' title='bbox 1297 1153 1411 1215; x_wconf 86' lang='lat' dir='ltr'>eidem</span> <span class='ocrx_word' id='word_1_48' title='bbox 1436 1156 1480 1216; x_wconf 88' lang='lat' dir='ltr'>ad</span> 
     </span>
     <span class='ocr_line' id='line_1_8' title="bbox 199 1258 1481 1340; baseline 0.002 -21"><span class='ocrx_word' id='word_1_49' title='bbox 199 1258 375 1339; x_wconf 86' lang='lat' dir='ltr'>premissa</span> <span class='ocrx_word' id='word_1_50' title='bbox 398 1258 599 1320; x_wconf 83' lang='lat' dir='ltr'>faciendum</span> <span class='ocrx_word' id='word_1_51' title='bbox 625 1269 797 1321; x_wconf 79' lang='lat' dir='ltr'>statueret</span> <span class='ocrx_word' id='word_1_52' title='bbox 830 1271 864 1319; x_wconf 90' lang='lat' dir='ltr'>et</span> <span class='ocrx_word' id='word_1_53' title='bbox 898 1258 1100 1340; x_wconf 82' lang='lat' dir='ltr'>prefigeret.</span> <span class='ocrx_word' id='word_1_54' title='bbox 1150 1259 1183 1320; x_wconf 89' lang='lat' dir='ltr'>ls</span> <span class='ocrx_word' id='word_1_55' title='bbox 1214 1259 1278 1320; x_wconf 87' lang='lat' dir='ltr'>suit</span> <span class='ocrx_word' id='word_1_56' title='bbox 1312 1260 1386 1321; x_wconf 86' lang='lat' dir='ltr'>eius</span> <span class='ocrx_word' id='word_1_57' title='bbox 1412 1261 1481 1322; x_wconf 90' lang='lat' dir='ltr'>diei</span> 
     </span>
     <span class='ocr_line' id='line_1_9' title="bbox 200 1365 1481 1447; baseline 0.001 -21"><span class='ocrx_word' id='word_1_58' title='bbox 200 1386 373 1427; x_wconf 74' lang='lat' dir='ltr'>recessus</span> <span class='ocrx_word' id='word_1_59' title='bbox 415 1365 562 1446; x_wconf 88' lang='lat' dir='ltr'>Absque</span> <span class='ocrx_word' id='word_1_60' title='bbox 580 1387 649 1447; x_wconf 94' lang='lat' dir='ltr'>quo</span> <span class='ocrx_word' id='word_1_61' title='bbox 667 1367 713 1427; x_wconf 87' lang='lat' dir='ltr'>ad</span> <span class='ocrx_word' id='word_1_62' title='bbox 728 1366 880 1446; x_wconf 80' lang='lat' dir='ltr'>aliquem</span> <span class='ocrx_word' id='word_1_63' title='bbox 898 1377 1014 1426; x_wconf 82' lang='lat' dir='ltr'>actum</span> <span class='ocrx_word' id='word_1_64' title='bbox 1028 1365 1232 1427; x_wconf 88' lang='lat' dir='ltr'>ulteriorem</span> <span class='ocrx_word' id='word_1_65' title='bbox 1245 1367 1481 1429; x_wconf 89' lang='lat' dir='ltr'>diverteretur</span> 
     </span>
     <span class='ocr_line' id='line_1_10' title="bbox 202 1471 406 1534; baseline 0.015 -3"><span class='ocrx_word' id='word_1_66' title='bbox 202 1471 406 1534; x_wconf 84' lang='lat' dir='ltr'>discessum.</span> 
     </span>
    </p>

    <p class='ocr_par' dir='ltr' id='par_1_3' title="bbox 201 1579 1481 1875">
     <span class='ocr_line' id='line_1_11' title="bbox 291 1579 1479 1670; baseline 0.001 -29"><span class='ocrx_word' id='word_1_67' title='bbox 291 1580 509 1670; x_wconf 81' lang='lat' dir='ltr'>Advenienti</span> <span class='ocrx_word' id='word_1_68' title='bbox 535 1580 592 1641; x_wconf 90' lang='lat' dir='ltr'>die</span> <span class='ocrx_word' id='word_1_69' title='bbox 616 1580 806 1661; x_wconf 88' lang='lat' dir='ltr'>prestituta</span> <span class='ocrx_word' id='word_1_70' title='bbox 831 1590 896 1641; x_wconf 86' lang='lat' dir='ltr'>etc.</span> <span class='ocrx_word' id='word_1_71' title='bbox 923 1580 1039 1640; x_wconf 90' lang='lat' dir='ltr'>denuo</span> <span class='ocrx_word' id='word_1_72' title='bbox 1064 1600 1164 1641; x_wconf 82' lang='lat' dir='ltr'>sacre</span> <span class='ocrx_word' id='word_1_73' title='bbox 1189 1589 1224 1641; x_wconf 89' lang='lat' dir='ltr'>et</span> <span class='ocrx_word' id='word_1_74' title='bbox 1240 1579 1369 1642; x_wconf 89' lang='lat' dir='ltr'>invicte</span> <span class='ocrx_word' id='word_1_75' title='bbox 1395 1581 1479 1644; x_wconf 88' lang='lat' dir='ltr'>Cae-</span> 
     </span>
     <span class='ocr_line' id='line_1_12' title="bbox 202 1686 1481 1767; baseline 0.003 -20"><span class='ocrx_word' id='word_1_76' title='bbox 202 1707 301 1748; x_wconf 85' lang='lat' dir='ltr'>saree</span> <span class='ocrx_word' id='word_1_77' title='bbox 316 1686 511 1767; x_wconf 86' lang='lat' dir='ltr'>Majestatis</span> <span class='ocrx_word' id='word_1_78' title='bbox 524 1686 629 1765; x_wconf 87' lang='lat' dir='ltr'>iussu,</span> <span class='ocrx_word' id='word_1_79' title='bbox 645 1696 859 1748; x_wconf 88' lang='lat' dir='ltr'>memoratus</span> <span class='ocrx_word' id='word_1_80' title='bbox 873 1686 1040 1748; x_wconf 88' lang='lat' dir='ltr'>Notarius</span> <span class='ocrx_word' id='word_1_81' title='bbox 1063 1687 1097 1748; x_wconf 91' lang='lat' dir='ltr'>in</span> <span class='ocrx_word' id='word_1_82' title='bbox 1111 1688 1202 1748; x_wconf 88' lang='lat' dir='ltr'>bunc</span> <span class='ocrx_word' id='word_1_83' title='bbox 1219 1688 1360 1749; x_wconf 91' lang='lat' dir='ltr'>modum</span> <span class='ocrx_word' id='word_1_84' title='bbox 1374 1689 1481 1752; x_wconf 88' lang='lat' dir='ltr'>latine</span> 
     </span>
     <span class='ocr_line' id='line_1_13' title="bbox 201 1794 729 1875; baseline 0.002 -20"><span class='ocrx_word' id='word_1_85' title='bbox 201 1804 234 1855; x_wconf 91' lang='lat' dir='ltr'>et</span> <span class='ocrx_word' id='word_1_86' title='bbox 259 1795 425 1856; x_wconf 79' lang='lat' dir='ltr'>almanno</span> <span class='ocrx_word' id='word_1_87' title='bbox 450 1794 568 1856; x_wconf 86' lang='lat' dir='ltr'>dicere</span> <span class='ocrx_word' id='word_1_88' title='bbox 593 1794 729 1875; x_wconf 89' lang='lat' dir='ltr'>coepit:</span> 
     </span>
    </p>

    <p class='ocr_par' dir='ltr' id='par_1_4' title="bbox 201 1900 1483 3461">
     <span class='ocr_line' id='line_1_14' title="bbox 289 1900 1481 1983; baseline 0.002 -21"><span class='ocrx_word' id='word_1_89' title='bbox 289 1901 469 1963; x_wconf 87' lang='lat' dir='ltr'>Hesterno</span> <span class='ocrx_word' id='word_1_90' title='bbox 487 1900 638 1981; x_wconf 86' lang='lat' dir='ltr'>Vesperi</span> <span class='ocrx_word' id='word_1_91' title='bbox 656 1922 733 1963; x_wconf 90' lang='lat' dir='ltr'>curn</span> <span class='ocrx_word' id='word_1_92' title='bbox 751 1901 955 1983; x_wconf 78' lang='lat' dir='ltr'>gravareris</span> <span class='ocrx_word' id='word_1_93' title='bbox 972 1901 1124 1963; x_wconf 89' lang='lat' dir='ltr'>Martine</span> <span class='ocrx_word' id='word_1_94' title='bbox 1150 1922 1213 1981; x_wconf 90' lang='lat' dir='ltr'>pre</span> <span class='ocrx_word' id='word_1_95' title='bbox 1238 1902 1481 1983; x_wconf 81' lang='lat' dir='ltr'>magnitudine</span> 
     </span>
     <span class='ocr_line' id='line_1_15' title="bbox 201 2007 1479 2093; baseline 0.002 -25"><span class='ocrx_word' id='word_1_96' title='bbox 201 2007 249 2069; x_wconf 86' lang='lat' dir='ltr'>rei</span> <span class='ocrx_word' id='word_1_97' title='bbox 274 2007 326 2093; x_wconf 78' lang='lat' dir='ltr'>(ut</span> <span class='ocrx_word' id='word_1_98' title='bbox 343 2018 425 2070; x_wconf 92' lang='lat' dir='ltr'>tunc</span> <span class='ocrx_word' id='word_1_99' title='bbox 444 2008 602 2088; x_wconf 81' lang='lat' dir='ltr'>dicebas)</span> <span class='ocrx_word' id='word_1_100' title='bbox 627 2008 744 2069; x_wconf 87' lang='lat' dir='ltr'>subito</span> <span class='ocrx_word' id='word_1_101' title='bbox 762 2016 797 2069; x_wconf 91' lang='lat' dir='ltr'>et</span> <span class='ocrx_word' id='word_1_102' title='bbox 822 2029 867 2070; x_wconf 89' lang='lat' dir='ltr'>ex</span> <span class='ocrx_word' id='word_1_103' title='bbox 885 2019 1056 2088; x_wconf 89' lang='lat' dir='ltr'>tempore,</span> <span class='ocrx_word' id='word_1_104' title='bbox 1082 2009 1127 2070; x_wconf 91' lang='lat' dir='ltr'>ad</span> <span class='ocrx_word' id='word_1_105' title='bbox 1153 2009 1246 2070; x_wconf 91' lang='lat' dir='ltr'>illam</span> <span class='ocrx_word' id='word_1_106' title='bbox 1271 2009 1479 2090; x_wconf 85' lang='lat' dir='ltr'>interrogati</span> 
     </span>
     <span class='ocr_line' id='line_1_16' title="bbox 203 2099 1481 2195; baseline 0.002 -20"><span class='ocrx_word' id='word_1_107' title='bbox 203 2124 338 2193; x_wconf 90' lang='lat' dir='ltr'>partem</span> <span class='ocrx_word' id='word_1_108' title='bbox 361 2116 602 2195; x_wconf 89' lang='lat' dir='ltr'>respondere:</span> <span class='ocrx_word' id='word_1_109' title='bbox 639 2116 695 2177; x_wconf 76' lang='lat' dir='ltr'>An</span> <span class='ocrx_word' id='word_1_110' title='bbox 720 2099 831 2177; x_wconf 86' lang='lat' dir='ltr'>libros</span> <span class='ocrx_word' id='word_1_111' title='bbox 855 2115 931 2177; x_wconf 90' lang='lat' dir='ltr'>beri</span> <span class='ocrx_word' id='word_1_112' title='bbox 968 2136 1012 2177; x_wconf 88' lang='lat' dir='ltr'>ex</span> <span class='ocrx_word' id='word_1_113' title='bbox 1038 2115 1154 2177; x_wconf 90' lang='lat' dir='ltr'>indice</span> <span class='ocrx_word' id='word_1_114' title='bbox 1187 2115 1251 2177; x_wconf 90' lang='lat' dir='ltr'>tibi</span> <span class='ocrx_word' id='word_1_115' title='bbox 1283 2116 1481 2178; x_wconf 89' lang='lat' dir='ltr'>nominatos</span> 
     </span>
     <span class='ocr_line' id='line_1_17' title="bbox 202 2221 1480 2304; baseline 0.001 -21"><span class='ocrx_word' id='word_1_116' title='bbox 202 2223 319 2284; x_wconf 50' lang='lat' dir='ltr'>latine*</span> <span class='ocrx_word' id='word_1_117' title='bbox 335 2231 371 2283; x_wconf 89' lang='lat' dir='ltr'>et</span> <span class='ocrx_word' id='word_1_118' title='bbox 394 2221 589 2284; x_wconf 90' lang='lat' dir='ltr'>alemanice</span> <span class='ocrx_word' id='word_1_119' title='bbox 613 2224 678 2284; x_wconf 89' lang='lat' dir='ltr'>abs</span> <span class='ocrx_word' id='word_1_120' title='bbox 703 2231 737 2283; x_wconf 88' lang='lat' dir='ltr'>te</span> <span class='ocrx_word' id='word_1_121' title='bbox 762 2222 878 2284; x_wconf 89' lang='lat' dir='ltr'>editos</span> <span class='ocrx_word' id='word_1_122' title='bbox 903 2234 938 2283; x_wconf 90' lang='lat' dir='ltr'>et</span> <span class='ocrx_word' id='word_1_123' title='bbox 962 2221 1118 2300; x_wconf 74' lang='lat' dir='ltr'>emissoS,</span> <span class='ocrx_word' id='word_1_124' title='bbox 1143 2242 1182 2283; x_wconf 92' lang='lat' dir='ltr'>ac</span> <span class='ocrx_word' id='word_1_125' title='bbox 1208 2242 1273 2302; x_wconf 92' lang='lat' dir='ltr'>pro</span> <span class='ocrx_word' id='word_1_126' title='bbox 1299 2222 1367 2284; x_wconf 90' lang='lat' dir='ltr'>tuis</span> <span class='ocrx_word' id='word_1_127' title='bbox 1384 2223 1480 2304; x_wconf 86' lang='lat' dir='ltr'>agni·</span> 
     </span>
     <span class='ocr_line' id='line_1_18' title="bbox 204 2328 1480 2411; baseline 0.002 -21"><span class='ocrx_word' id='word_1_128' title='bbox 204 2342 270 2411; x_wconf 88' lang='lat' dir='ltr'>tos,</span> <span class='ocrx_word' id='word_1_129' title='bbox 313 2338 551 2410; x_wconf 87' lang='lat' dir='ltr'>contentaque</span> <span class='ocrx_word' id='word_1_130' title='bbox 590 2329 624 2392; x_wconf 89' lang='lat' dir='ltr'>in</span> <span class='ocrx_word' id='word_1_131' title='bbox 665 2328 798 2392; x_wconf 90' lang='lat' dir='ltr'>eisdem</span> <span class='ocrx_word' id='word_1_132' title='bbox 832 2339 1026 2391; x_wconf 84' lang='lat' dir='ltr'>retractare</span> <span class='ocrx_word' id='word_1_133' title='bbox 1068 2339 1103 2390; x_wconf 92' lang='lat' dir='ltr'>et</span> <span class='ocrx_word' id='word_1_134' title='bbox 1143 2350 1312 2391; x_wconf 87' lang='lat' dir='ltr'>revocare</span> <span class='ocrx_word' id='word_1_135' title='bbox 1352 2332 1480 2404; x_wconf 87' lang='lat' dir='ltr'>velles;</span> 
     </span>
     <span class='ocr_line' id='line_1_19' title="bbox 206 2435 1481 2516; baseline 0.002 -19"><span class='ocrx_word' id='word_1_136' title='bbox 206 2436 300 2498; x_wconf 78' lang='lat' dir='ltr'>Licet</span> <span class='ocrx_word' id='word_1_137' title='bbox 324 2435 361 2498; x_wconf 91' lang='lat' dir='ltr'>in</span> <span class='ocrx_word' id='word_1_138' title='bbox 386 2436 501 2498; x_wconf 87' lang='lat' dir='ltr'>causis</span> <span class='ocrx_word' id='word_1_139' title='bbox 526 2435 607 2499; x_wconf 85' lang='lat' dir='ltr'>fidei</span> <span class='ocrx_word' id='word_1_140' title='bbox 633 2446 668 2498; x_wconf 88' lang='lat' dir='ltr'>et</span> <span class='ocrx_word' id='word_1_141' title='bbox 692 2457 825 2515; x_wconf 88' lang='lat' dir='ltr'>rerum,</span> <span class='ocrx_word' id='word_1_142' title='bbox 857 2436 891 2498; x_wconf 94' lang='lat' dir='ltr'>in</span> <span class='ocrx_word' id='word_1_143' title='bbox 918 2435 1045 2516; x_wconf 89' lang='lat' dir='ltr'>quibus</span> <span class='ocrx_word' id='word_1_144' title='bbox 1069 2435 1262 2497; x_wconf 89' lang='lat' dir='ltr'>animarum</span> <span class='ocrx_word' id='word_1_145' title='bbox 1287 2437 1481 2516; x_wconf 90' lang='lat' dir='ltr'>periculum</span> 
     </span>
     <span class='ocr_line' id='line_1_20' title="bbox 205 2542 1482 2624; baseline 0.002 -21"><span class='ocrx_word' id='word_1_146' title='bbox 205 2543 349 2604; x_wconf 83' lang='lat' dir='ltr'>vertitur</span> <span class='ocrx_word' id='word_1_147' title='bbox 374 2543 496 2605; x_wconf 90' lang='lat' dir='ltr'>dilatio</span> <span class='ocrx_word' id='word_1_148' title='bbox 522 2544 641 2605; x_wconf 87' lang='lat' dir='ltr'>danda</span> <span class='ocrx_word' id='word_1_149' title='bbox 665 2543 823 2617; x_wconf 89' lang='lat' dir='ltr'>nonsit,</span> <span class='ocrx_word' id='word_1_150' title='bbox 858 2552 894 2605; x_wconf 92' lang='lat' dir='ltr'>et</span> <span class='ocrx_word' id='word_1_151' title='bbox 926 2543 1146 2624; x_wconf 86' lang='lat' dir='ltr'>potissimum</span> <span class='ocrx_word' id='word_1_152' title='bbox 1179 2542 1263 2604; x_wconf 89' lang='lat' dir='ltr'>viris</span> <span class='ocrx_word' id='word_1_153' title='bbox 1288 2544 1348 2624; x_wconf 91' lang='lat' dir='ltr'>qui</span> <span class='ocrx_word' id='word_1_154' title='bbox 1373 2544 1482 2606; x_wconf 83' lang='lat' dir='ltr'>sacris</span> 
     </span>
     <span class='ocr_line' id='line_1_21' title="bbox 204 2649 1482 2735; baseline 0.002 -24"><span class='ocrx_word' id='word_1_155' title='bbox 204 2649 327 2712; x_wconf 87' lang='lat' dir='ltr'>litteris</span> <span class='ocrx_word' id='word_1_156' title='bbox 352 2651 512 2731; x_wconf 89' lang='lat' dir='ltr'>(quarum</span> <span class='ocrx_word' id='word_1_157' title='bbox 537 2650 825 2730; x_wconf 78' lang='lat' dir='ltr'>explanationem</span> <span class='ocrx_word' id='word_1_158' title='bbox 850 2649 954 2712; x_wconf 85' lang='lat' dir='ltr'>unice</span> <span class='ocrx_word' id='word_1_159' title='bbox 978 2649 1042 2711; x_wconf 92' lang='lat' dir='ltr'>tibi</span> <span class='ocrx_word' id='word_1_160' title='bbox 1067 2649 1245 2735; x_wconf 89' lang='lat' dir='ltr'>venditas)</span> <span class='ocrx_word' id='word_1_161' title='bbox 1277 2651 1482 2714; x_wconf 88' lang='lat' dir='ltr'>exercitatis</span> 
     </span>
     <span class='ocr_line' id='line_1_22' title="bbox 206 2753 1481 2837; baseline 0 -19"><span class='ocrx_word' id='word_1_162' title='bbox 206 2766 236 2818; x_wconf 88' lang='lat' dir='ltr'>et</span> <span class='ocrx_word' id='word_1_163' title='bbox 260 2755 427 2835; x_wconf 75' lang='lat' dir='ltr'>eruditio,</span> <span class='ocrx_word' id='word_1_164' title='bbox 464 2756 523 2837; x_wconf 91' lang='lat' dir='ltr'>qui</span> <span class='ocrx_word' id='word_1_165' title='bbox 556 2755 671 2837; x_wconf 83' lang='lat' dir='ltr'>parati</span> <span class='ocrx_word' id='word_1_166' title='bbox 705 2753 783 2819; x_wconf 84' lang='lat' dir='ltr'>esse</span> <span class='ocrx_word' id='word_1_167' title='bbox 807 2758 957 2834; x_wconf 89' lang='lat' dir='ltr'>debent,</span> <span class='ocrx_word' id='word_1_168' title='bbox 994 2757 1039 2818; x_wconf 92' lang='lat' dir='ltr'>ad</span> <span class='ocrx_word' id='word_1_169' title='bbox 1071 2756 1359 2820; x_wconf 80' lang='lat' dir='ltr'>satisfaciendum</span> <span class='ocrx_word' id='word_1_170' title='bbox 1389 2757 1481 2820; x_wconf 90' lang='lat' dir='ltr'>omni</span> 
     </span>
     <span class='ocr_line' id='line_1_23' title="bbox 207 2862 1483 2945; baseline 0.002 -20"><span class='ocrx_word' id='word_1_171' title='bbox 207 2865 361 2944; x_wconf 90' lang='lat' dir='ltr'>poscenti</span> <span class='ocrx_word' id='word_1_172' title='bbox 388 2864 576 2943; x_wconf 89' lang='lat' dir='ltr'>rationem,</span> <span class='ocrx_word' id='word_1_173' title='bbox 601 2865 645 2925; x_wconf 90' lang='lat' dir='ltr'>de</span> <span class='ocrx_word' id='word_1_174' title='bbox 671 2884 714 2925; x_wconf 90' lang='lat' dir='ltr'>ea</span> <span class='ocrx_word' id='word_1_175' title='bbox 743 2884 811 2944; x_wconf 90' lang='lat' dir='ltr'>que</span> <span class='ocrx_word' id='word_1_176' title='bbox 842 2863 874 2924; x_wconf 87' lang='lat' dir='ltr'>in</span> <span class='ocrx_word' id='word_1_177' title='bbox 909 2863 959 2925; x_wconf 89' lang='lat' dir='ltr'>eis</span> <span class='ocrx_word' id='word_1_178' title='bbox 991 2873 1044 2925; x_wconf 89' lang='lat' dir='ltr'>est</span> <span class='ocrx_word' id='word_1_179' title='bbox 1073 2862 1162 2941; x_wconf 87' lang='lat' dir='ltr'>fide,</span> <span class='ocrx_word' id='word_1_180' title='bbox 1193 2874 1229 2925; x_wconf 89' lang='lat' dir='ltr'>et</span> <span class='ocrx_word' id='word_1_181' title='bbox 1262 2885 1339 2945; x_wconf 88' lang='lat' dir='ltr'>spe;</span> <span class='ocrx_word' id='word_1_182' title='bbox 1372 2865 1483 2928; x_wconf 78' lang='lat' dir='ltr'>Sacra</span> 
     </span>
     <span class='ocr_line' id='line_1_24' title="bbox 209 2969 1480 3050; baseline 0.003 -20"><span class='ocrx_word' id='word_1_183' title='bbox 209 2982 315 3033; x_wconf 87' lang='lat' dir='ltr'>tamen</span> <span class='ocrx_word' id='word_1_184' title='bbox 344 2981 379 3032; x_wconf 91' lang='lat' dir='ltr'>et</span> <span class='ocrx_word' id='word_1_185' title='bbox 404 2969 536 3033; x_wconf 88' lang='lat' dir='ltr'>invicta</span> <span class='ocrx_word' id='word_1_186' title='bbox 567 2969 750 3049; x_wconf 87' lang='lat' dir='ltr'>maiestas,</span> <span class='ocrx_word' id='word_1_187' title='bbox 784 2989 849 3050; x_wconf 90' lang='lat' dir='ltr'>pro</span> <span class='ocrx_word' id='word_1_188' title='bbox 883 2969 1042 3047; x_wconf 81' lang='lat' dir='ltr'>ingenita</span> <span class='ocrx_word' id='word_1_189' title='bbox 1074 2991 1136 3031; x_wconf 89' lang='lat' dir='ltr'>sua</span> <span class='ocrx_word' id='word_1_190' title='bbox 1174 2971 1318 3032; x_wconf 87' lang='lat' dir='ltr'>lenitate</span> <span class='ocrx_word' id='word_1_191' title='bbox 1349 2984 1383 3034; x_wconf 90' lang='lat' dir='ltr'>et</span> <span class='ocrx_word' id='word_1_192' title='bbox 1414 2975 1480 3034; x_wconf 90' lang='lat' dir='ltr'>cle·</span> 
     </span>
     <span class='ocr_line' id='line_1_25' title="bbox 208 3066 1482 3157; baseline 0.001 -18"><span class='ocrx_word' id='word_1_193' title='bbox 208 3078 329 3140; x_wconf 88' lang='lat' dir='ltr'>mentia</span> <span class='ocrx_word' id='word_1_194' title='bbox 355 3077 420 3140; x_wconf 92' lang='lat' dir='ltr'>tibi</span> <span class='ocrx_word' id='word_1_195' title='bbox 444 3078 739 3139; x_wconf 86' lang='lat' dir='ltr'>deliberationem</span> <span class='ocrx_word' id='word_1_196' title='bbox 770 3074 948 3157; x_wconf 82' lang='lat' dir='ltr'>permisit,</span> <span class='ocrx_word' id='word_1_197' title='bbox 983 3086 1018 3138; x_wconf 90' lang='lat' dir='ltr'>et</span> <span class='ocrx_word' id='word_1_198' title='bbox 1047 3079 1138 3138; x_wconf 91' lang='lat' dir='ltr'>hunc</span> <span class='ocrx_word' id='word_1_199' title='bbox 1169 3076 1261 3138; x_wconf 90' lang='lat' dir='ltr'>diem</span> <span class='ocrx_word' id='word_1_200' title='bbox 1293 3066 1482 3140; x_wconf 70' lang='lat' dir='ltr'>et&#39;horam</span> 
     </span>
     <span class='ocr_line' id='line_1_26' title="bbox 207 3163 1482 3266; baseline 0.002 -21"><span class='ocrx_word' id='word_1_201' title='bbox 207 3184 293 3248; x_wconf 88' lang='lat' dir='ltr'>illam</span> <span class='ocrx_word' id='word_1_202' title='bbox 329 3185 580 3247; x_wconf 88' lang='lat' dir='ltr'>declarandam</span> <span class='ocrx_word' id='word_1_203' title='bbox 613 3183 791 3265; x_wconf 90' lang='lat' dir='ltr'>prestituit</span> <span class='ocrx_word' id='word_1_204' title='bbox 825 3192 861 3245; x_wconf 92' lang='lat' dir='ltr'>et</span> <span class='ocrx_word' id='word_1_205' title='bbox 892 3181 1080 3266; x_wconf 81' lang='lat' dir='ltr'>prefinivit.</span> <span class='ocrx_word' id='word_1_206' title='bbox 1135 3163 1482 3265; x_wconf 57' lang='lat' dir='ltr'>ltaquessxpectant</span> 
     </span>
     <span class='ocr_line' id='line_1_27' title="bbox 207 3280 1481 3373; baseline -0.002 -19"><span class='ocrx_word' id='word_1_207' title='bbox 207 3280 377 3354; x_wconf 81' lang='lat' dir='ltr'>Caesarea</span> <span class='ocrx_word' id='word_1_208' title='bbox 402 3311 503 3353; x_wconf 88' lang='lat' dir='ltr'>sacra</span> <span class='ocrx_word' id='word_1_209' title='bbox 527 3291 697 3353; x_wconf 89' lang='lat' dir='ltr'>Maiestas</span> <span class='ocrx_word' id='word_1_210' title='bbox 722 3302 757 3353; x_wconf 90' lang='lat' dir='ltr'>et</span> <span class='ocrx_word' id='word_1_211' title='bbox 781 3291 936 3353; x_wconf 88' lang='lat' dir='ltr'>universi</span> <span class='ocrx_word' id='word_1_212' title='bbox 966 3290 1107 3373; x_wconf 89' lang='lat' dir='ltr'>Imperii</span> <span class='ocrx_word' id='word_1_213' title='bbox 1140 3291 1300 3371; x_wconf 77' lang='lat' dir='ltr'>ordinae,</span> <span class='ocrx_word' id='word_1_214' title='bbox 1335 3302 1481 3372; x_wconf 89' lang='lat' dir='ltr'>attente,</span> 
     </span>
     <span class='ocr_line' id='line_1_28' title="bbox 206 3397 485 3461; baseline 0 -3"><span class='ocrx_word' id='word_1_215' title='bbox 206 3397 293 3461; x_wconf 91' lang='lat' dir='ltr'>illam</span> <span class='ocrx_word' id='word_1_216' title='bbox 318 3397 485 3460; x_wconf 88' lang='lat' dir='ltr'>audituri.</span> 
     </span>
    </p>

    <p class='ocr_par' dir='ltr' id='par_1_5' title="bbox 207 3503 1487 4546">
     <span class='ocr_line' id='line_1_29' title="bbox 288 3503 1481 3586; baseline -0.003 -18"><span class='ocrx_word' id='word_1_217' title='bbox 288 3506 348 3568; x_wconf 88' lang='lat' dir='ltr'>Ad</span> <span class='ocrx_word' id='word_1_218' title='bbox 373 3506 439 3566; x_wconf 90' lang='lat' dir='ltr'>bec</span> <span class='ocrx_word' id='word_1_219' title='bbox 465 3503 640 3567; x_wconf 90' lang='lat' dir='ltr'>Martinus</span> <span class='ocrx_word' id='word_1_220' title='bbox 664 3504 817 3567; x_wconf 89' lang='lat' dir='ltr'>omniurn</span> <span class='ocrx_word' id='word_1_221' title='bbox 850 3505 1018 3586; x_wconf 89' lang='lat' dir='ltr'>primum:</span> <span class='ocrx_word' id='word_1_222' title='bbox 1056 3505 1105 3565; x_wconf 97' lang='lat' dir='ltr'>Ut</span> <span class='ocrx_word' id='word_1_223' title='bbox 1136 3526 1173 3565; x_wconf 88' lang='lat' dir='ltr'>se</span> <span class='ocrx_word' id='word_1_224' title='bbox 1208 3505 1254 3571; x_wconf 81' lang='lat' dir='ltr'>de</span> <span class='ocrx_word' id='word_1_225' title='bbox 1277 3504 1416 3586; x_wconf 86' lang='lat' dir='ltr'>justicie</span> <span class='ocrx_word' id='word_1_226' title='bbox 1446 3515 1481 3567; x_wconf 90' lang='lat' dir='ltr'>et</span> 
     </span>
     <span class='ocr_line' id='line_1_30' title="bbox 207 3611 1482 3693; baseline 0.001 -21"><span class='ocrx_word' id='word_1_227' title='bbox 207 3612 361 3675; x_wconf 78' lang='lat' dir='ltr'>veritatis</span> <span class='ocrx_word' id='word_1_228' title='bbox 403 3632 510 3673; x_wconf 88' lang='lat' dir='ltr'>causa</span> <span class='ocrx_word' id='word_1_229' title='bbox 544 3612 720 3674; x_wconf 85' lang='lat' dir='ltr'>dicentem</span> <span class='ocrx_word' id='word_1_230' title='bbox 760 3611 916 3693; x_wconf 86' lang='lat' dir='ltr'>benigne</span> <span class='ocrx_word' id='word_1_231' title='bbox 950 3611 1096 3674; x_wconf 89' lang='lat' dir='ltr'>audiant</span> <span class='ocrx_word' id='word_1_232' title='bbox 1134 3622 1317 3692; x_wconf 66' lang='lat' dir='ltr'>precatur,</span> <span class='ocrx_word' id='word_1_233' title='bbox 1353 3611 1482 3674; x_wconf 86' lang='lat' dir='ltr'>deinde</span> 
     </span>
     <span class='ocr_line' id='line_1_31' title="bbox 208 3717 1482 3800; baseline 0 -21"><span class='ocrx_word' id='word_1_234' title='bbox 208 3720 340 3782; x_wconf 85' lang='lat' dir='ltr'>veniam</span> <span class='ocrx_word' id='word_1_235' title='bbox 365 3717 537 3800; x_wconf 84' lang='lat' dir='ltr'>prefatus,</span> <span class='ocrx_word' id='word_1_236' title='bbox 563 3718 590 3779; x_wconf 90' lang='lat' dir='ltr'>si</span> <span class='ocrx_word' id='word_1_237' title='bbox 616 3739 720 3799; x_wconf 91' lang='lat' dir='ltr'>quern</span> <span class='ocrx_word' id='word_1_238' title='bbox 744 3719 858 3781; x_wconf 90' lang='lat' dir='ltr'>minus</span> <span class='ocrx_word' id='word_1_239' title='bbox 891 3718 1087 3780; x_wconf 85' lang='lat' dir='ltr'>honorifico</span> <span class='ocrx_word' id='word_1_240' title='bbox 1120 3718 1220 3779; x_wconf 90' lang='lat' dir='ltr'>titulo</span> <span class='ocrx_word' id='word_1_241' title='bbox 1254 3720 1482 3798; x_wconf 85' lang='lat' dir='ltr'>appellasset,</span> 
     </span>
     <span class='ocr_line' id='line_1_32' title="bbox 208 3823 1482 3907; baseline 0 -20"><span class='ocrx_word' id='word_1_242' title='bbox 208 3836 261 3889; x_wconf 89' lang='lat' dir='ltr'>aut</span> <span class='ocrx_word' id='word_1_243' title='bbox 282 3826 311 3889; x_wconf 91' lang='lat' dir='ltr'>si</span> <span class='ocrx_word' id='word_1_244' title='bbox 337 3825 421 3907; x_wconf 90' lang='lat' dir='ltr'>quid</span> <span class='ocrx_word' id='word_1_245' title='bbox 447 3825 483 3887; x_wconf 92' lang='lat' dir='ltr'>in</span> <span class='ocrx_word' id='word_1_246' title='bbox 514 3825 648 3887; x_wconf 88' lang='lat' dir='ltr'>aulicos</span> <span class='ocrx_word' id='word_1_247' title='bbox 680 3834 848 3906; x_wconf 89' lang='lat' dir='ltr'>peccaret</span> <span class='ocrx_word' id='word_1_248' title='bbox 880 3845 1015 3904; x_wconf 88' lang='lat' dir='ltr'>mores,</span> <span class='ocrx_word' id='word_1_249' title='bbox 1046 3826 1081 3884; x_wconf 92' lang='lat' dir='ltr'>id</span> <span class='ocrx_word' id='word_1_250' title='bbox 1113 3823 1246 3885; x_wconf 90' lang='lat' dir='ltr'>homini</span> <span class='ocrx_word' id='word_1_251' title='bbox 1277 3824 1482 3903; x_wconf 84' lang='lat' dir='ltr'>monastice,</span> 
     </span>
     <span class='ocr_line' id='line_1_33' title="bbox 210 3930 1484 4014; baseline 0.002 -22"><span class='ocrx_word' id='word_1_252' title='bbox 210 3951 272 3995; x_wconf 88' lang='lat' dir='ltr'>non</span> <span class='ocrx_word' id='word_1_253' title='bbox 295 3931 406 4014; x_wconf 87' lang='lat' dir='ltr'>regiis</span> <span class='ocrx_word' id='word_1_254' title='bbox 431 3931 521 3993; x_wconf 88' lang='lat' dir='ltr'>aulis</span> <span class='ocrx_word' id='word_1_255' title='bbox 545 3932 608 3994; x_wconf 90' lang='lat' dir='ltr'>sed</span> <span class='ocrx_word' id='word_1_256' title='bbox 634 3932 886 3994; x_wconf 89' lang='lat' dir='ltr'>coenobiorum</span> <span class='ocrx_word' id='word_1_257' title='bbox 918 3930 1065 3994; x_wconf 90' lang='lat' dir='ltr'>latebris</span> <span class='ocrx_word' id='word_1_258' title='bbox 1100 3939 1135 3991; x_wconf 92' lang='lat' dir='ltr'>et</span> <span class='ocrx_word' id='word_1_259' title='bbox 1169 3931 1309 4010; x_wconf 87' lang='lat' dir='ltr'>angulis</span> <span class='ocrx_word' id='word_1_260' title='bbox 1342 3944 1484 3995; x_wconf 82' lang='lat' dir='ltr'>versato</span> 
     </span>
     <span class='ocr_line' id='line_1_34' title="bbox 211 4036 1484 4119; baseline 0.002 -20"><span class='ocrx_word' id='word_1_261' title='bbox 211 4041 454 4102; x_wconf 83' lang='lat' dir='ltr'>condonarent.</span> <span class='ocrx_word' id='word_1_262' title='bbox 501 4036 770 4119; x_wconf 87' lang='lat' dir='ltr'>Subsequenter</span> <span class='ocrx_word' id='word_1_263' title='bbox 795 4039 839 4100; x_wconf 91' lang='lat' dir='ltr'>ad</span> <span class='ocrx_word' id='word_1_264' title='bbox 873 4038 1041 4100; x_wconf 87' lang='lat' dir='ltr'>articulos</span> <span class='ocrx_word' id='word_1_265' title='bbox 1071 4037 1368 4116; x_wconf 88' lang='lat' dir='ltr'>interrogatorios</span> <span class='ocrx_word' id='word_1_266' title='bbox 1400 4039 1484 4102; x_wconf 81' lang='lat' dir='ltr'>Cae-</span> 
     </span>
     <span class='ocr_line' id='line_1_35' title="bbox 212 4143 1484 4227; baseline 0.001 -21"><span class='ocrx_word' id='word_1_267' title='bbox 212 4164 297 4209; x_wconf 83' lang='lat' dir='ltr'>saree</span> <span class='ocrx_word' id='word_1_268' title='bbox 322 4144 522 4208; x_wconf 86' lang='lat' dir='ltr'>Maiestatis</span> <span class='ocrx_word' id='word_1_269' title='bbox 547 4145 687 4208; x_wconf 89' lang='lat' dir='ltr'>nomine</span> <span class='ocrx_word' id='word_1_270' title='bbox 713 4146 744 4207; x_wconf 91' lang='lat' dir='ltr'>ei</span> <span class='ocrx_word' id='word_1_271' title='bbox 768 4144 986 4227; x_wconf 89' lang='lat' dir='ltr'>propositos,</span> <span class='ocrx_word' id='word_1_272' title='bbox 1020 4164 1097 4204; x_wconf 87' lang='lat' dir='ltr'>curn</span> <span class='ocrx_word' id='word_1_273' title='bbox 1131 4143 1343 4223; x_wconf 85' lang='lat' dir='ltr'>quibusdam</span> <span class='ocrx_word' id='word_1_274' title='bbox 1375 4146 1484 4225; x_wconf 86' lang='lat' dir='ltr'>longi-</span> 
     </span>
     <span class='ocr_line' id='line_1_36' title="bbox 213 4250 1485 4334; baseline 0.002 -23"><span class='ocrx_word' id='word_1_275' title='bbox 213 4253 319 4316; x_wconf 89' lang='lat' dir='ltr'>oribus</span> <span class='ocrx_word' id='word_1_276' title='bbox 345 4252 638 4334; x_wconf 75' lang='lat' dir='ltr'>digressionibuS,</span> <span class='ocrx_word' id='word_1_277' title='bbox 663 4252 858 4334; x_wconf 89' lang='lat' dir='ltr'>respondit,</span> <span class='ocrx_word' id='word_1_278' title='bbox 884 4272 988 4334; x_wconf 90' lang='lat' dir='ltr'>quam</span> <span class='ocrx_word' id='word_1_279' title='bbox 1014 4250 1298 4331; x_wconf 89' lang='lat' dir='ltr'>responsionem,</span> <span class='ocrx_word' id='word_1_280' title='bbox 1323 4271 1401 4313; x_wconf 88' lang='lat' dir='ltr'>eum</span> <span class='ocrx_word' id='word_1_281' title='bbox 1428 4255 1485 4313; x_wconf 92' lang='lat' dir='ltr'>du·</span> 
     </span>
     <span class='ocr_line' id='line_1_37' title="bbox 214 4356 1487 4442; baseline 0.002 -25"><span class='ocrx_word' id='word_1_282' title='bbox 214 4357 282 4422; x_wconf 87' lang='lat' dir='ltr'>dum</span> <span class='ocrx_word' id='word_1_283' title='bbox 304 4358 579 4442; x_wconf 89' lang='lat' dir='ltr'>preconceperit</span> <span class='ocrx_word' id='word_1_284' title='bbox 603 4378 639 4433; x_wconf 76' lang='lat' dir='ltr'>et</span> <span class='ocrx_word' id='word_1_285' title='bbox 657 4359 691 4421; x_wconf 91' lang='lat' dir='ltr'>in</span> <span class='ocrx_word' id='word_1_286' title='bbox 710 4359 852 4440; x_wconf 89' lang='lat' dir='ltr'>scriptis</span> <span class='ocrx_word' id='word_1_287' title='bbox 876 4357 1071 4439; x_wconf 86' lang='lat' dir='ltr'>redegerit,</span> <span class='ocrx_word' id='word_1_288' title='bbox 1098 4356 1246 4437; x_wconf 86' lang='lat' dir='ltr'>eiusque</span> <span class='ocrx_word' id='word_1_289' title='bbox 1263 4356 1367 4418; x_wconf 88' lang='lat' dir='ltr'>miehi</span> <span class='ocrx_word' id='word_1_290' title='bbox 1384 4359 1487 4438; x_wconf 88' lang='lat' dir='ltr'>copia</span> 
     </span>
     <span class='ocr_line' id='line_1_38' title="bbox 216 4461 1364 4546; baseline 0.004 -24"><span class='ocrx_word' id='word_1_291' title='bbox 216 4461 302 4530; x_wconf 86' lang='lat' dir='ltr'>lacta</span> <span class='ocrx_word' id='word_1_292' title='bbox 325 4466 381 4546; x_wconf 90' lang='lat' dir='ltr'>sit,</span> <span class='ocrx_word' id='word_1_293' title='bbox 405 4466 452 4529; x_wconf 89' lang='lat' dir='ltr'>ad</span> <span class='ocrx_word' id='word_1_294' title='bbox 476 4468 623 4528; x_wconf 88' lang='lat' dir='ltr'>verbum</span> <span class='ocrx_word' id='word_1_295' title='bbox 648 4465 729 4528; x_wconf 91' lang='lat' dir='ltr'>huic</span> <span class='ocrx_word' id='word_1_296' title='bbox 753 4466 987 4528; x_wconf 87' lang='lat' dir='ltr'>instrumento</span> <span class='ocrx_word' id='word_1_297' title='bbox 1013 4463 1239 4526; x_wconf 89' lang='lat' dir='ltr'>inserendam</span> <span class='ocrx_word' id='word_1_298' title='bbox 1264 4463 1364 4527; x_wconf 84' lang='lat' dir='ltr'>duxi:</span> 
     </span>
    </p>

    <p class='ocr_par' dir='ltr' id='par_1_6' title="bbox 761 4581 933 4660">
     <span class='ocr_line' id='line_1_39' title="bbox 761 4581 933 4660; baseline 0 -17"><span class='ocrx_word' id='word_1_299' title='bbox 761 4581 933 4660; x_wconf 77' lang='lat' dir='ltr'>Jhesus</span> 
     </span>
    </p>

    <p class='ocr_par' dir='ltr' id='par_1_7' title="bbox 292 4682 1489 4768">
     <span class='ocr_line' id='line_1_40' title="bbox 292 4682 1489 4768; baseline -0.003 -16"><span class='ocrx_word' id='word_1_300' title='bbox 292 4687 525 4752; x_wconf 79' lang='lat' dir='ltr'>Serenissime</span> <span class='ocrx_word' id='word_1_301' title='bbox 569 4688 712 4750; x_wconf 90' lang='lat' dir='ltr'>domine</span> <span class='ocrx_word' id='word_1_302' title='bbox 755 4689 975 4768; x_wconf 90' lang='lat' dir='ltr'>Imperator,</span> <span class='ocrx_word' id='word_1_303' title='bbox 1022 4682 1249 4749; x_wconf 76' lang='lat' dir='ltr'>illustrissimi</span> <span class='ocrx_word' id='word_1_304' title='bbox 1294 4687 1489 4768; x_wconf 87' lang='lat' dir='ltr'>Principes,</span> 
     </span>
    </p>

    <p class='ocr_par' dir='ltr' id='par_1_8' title="bbox 222 4789 1490 4978">
     <span class='ocr_line' id='line_1_41' title="bbox 222 4789 1490 4877; baseline 0.002 -25"><span class='ocrx_word' id='word_1_305' title='bbox 222 4789 476 4859; x_wconf 85' lang='lat' dir='ltr'>Clementissimi</span> <span class='ocrx_word' id='word_1_306' title='bbox 514 4793 670 4874; x_wconf 73' lang='lat' dir='ltr'>domini,</span> <span class='ocrx_word' id='word_1_307' title='bbox 702 4797 751 4857; x_wconf 92' lang='lat' dir='ltr'>ad</span> <span class='ocrx_word' id='word_1_308' title='bbox 792 4792 967 4877; x_wconf 84' lang='lat' dir='ltr'>prefixum</span> <span class='ocrx_word' id='word_1_309' title='bbox 1006 4793 1109 4856; x_wconf 89' lang='lat' dir='ltr'>miehi</span> <span class='ocrx_word' id='word_1_310' title='bbox 1145 4795 1313 4855; x_wconf 89' lang='lat' dir='ltr'>hesterno</span> <span class='ocrx_word' id='word_1_311' title='bbox 1349 4793 1490 4874; x_wconf 87' lang='lat' dir='ltr'>vesperi</span> 
     </span>
     <span class='ocr_line' id='line_1_42' title="bbox 241 4899 1329 4978; baseline 0.002 -21"><span class='ocrx_word' id='word_1_312' title='bbox 241 4915 619 4969; x_wconf 53' lang='lat' dir='ltr'>&amp;laqueoumentslrutuersns</span> <span class='ocrx_word' id='word_1_313' title='bbox 1240 4931 1254 4978; x_wconf 67' lang='lat' dir='ltr'>p</span> <span class='ocrx_word' id='word_1_314' title='bbox 1296 4899 1329 4950; x_wconf 71' lang='lat'>12</span> 
     </span>
    </p>
   </div>
   <div class='ocr_carea' id='block_1_3' title="bbox 0 0 1692 5580">
    <p class='ocr_par' dir='ltr' id='par_1_9' title="bbox 0 0 1692 5580">
     <span class='ocr_line' id='line_1_43' title="bbox 0 0 1692 5580; baseline 0 0"><span class='ocrx_word' id='word_1_315' title='bbox 0 0 1692 5580; x_wconf 95' lang='lat' dir='ltr'> </span> 
     </span>
    </p>
   </div>
  </div>
 </body>
</html>
