3344 5564
641 498 870 556 0-{321824

113 665 219 708 rones
253 647 413 710 dominos
443 647 659 728 temporales
694 657 729 709 et
761 646 849 708 alios
884 665 1125 726 quoscumque
1157 654 1227 706 tam
1257 645 1291 706 in
1317 665 1394 726 ger·

113 752 229 815 mania
262 774 368 834 quam
401 753 436 815 in
469 753 750 834 quibuscumque
780 752 857 815 aliis
882 751 1153 815 christianorum
1184 750 1281 831 locis,
1307 771 1395 832 quos

113 860 320 941 apostolicis
338 861 513 923 mandatis
529 859 778 923 inobedientes
792 858 1009 938 inveneritis,
1034 857 1250 939 deponendi,
1275 860 1395 939 appel-

113 966 267 1030 lationes
291 967 437 1049 insuper
462 967 740 1049 provocationes
765 977 800 1029 et
824 965 994 1047 suffragia
1019 986 1239 1047 quecumque
1264 986 1328 1046 per
1347 965 1395 1026 M.

113 1071 172 1135 W.
190 1073 249 1136 Ul.
268 1083 304 1136 et
327 1074 381 1154 J0.
407 1095 449 1136 ac
475 1073 564 1137 alios
589 1093 832 1154 quoscumque
856 1072 974 1135 forsan
1001 1072 1211 1154 interposita
1227 1074 1283 1134 vel
1301 1072 1394 1133 dein·

113 1199 200 1260 ceps
225 1180 353 1260 quavis
378 1179 567 1243 occasione
593 1181 650 1242 vel
674 1200 782 1242 eausa
805 1181 1077 1261 interponenda,
1102 1179 1231 1241 frivola
1265 1190 1300 1242 et
1325 1181 1394 1242 ina-

112 1285 171 1348 nia
194 1287 396 1369 nulliusque
420 1287 559 1350 roboris
593 1290 649 1349 vel
682 1288 849 1351 momenti
874 1287 983 1350 fuisse
1017 1297 1052 1349 et
1086 1308 1164 1350 esse
1196 1288 1301 1349 etiam
1332 1308 1396 1368 per

115 1393 271 1455 edictum
287 1393 467 1475 publicum
488 1395 706 1474 declarandi,
731 1415 796 1456 nec
825 1415 895 1457 non
921 1395 1202 1457 contradictores
1228 1415 1395 1475 quoscun-

113 1520 182 1581 que
206 1520 272 1582 per
296 1520 465 1563 censuras
482 1501 743 1564 ecclesiasticas
768 1511 804 1563 et
818 1500 888 1562 alia
904 1512 1108 1582 opportuna
1128 1501 1215 1584 juris
1239 1502 1396 1565 remedia

113 1607 358 1689 appellatione
378 1593 582 1689 'postposita
607 1607 869 1689 compescendi,
906 1619 941 1670 et
974 1609 1003 1672 si
1037 1620 1072 1671 et
1102 1620 1277 1690 quatenus
1308 1630 1397 1692 opus

114 1713 223 1777 fuerit
248 1714 418 1777 auxilium
442 1714 579 1777 brachii
603 1714 797 1777 charissimi
828 1714 864 1777 in
890 1712 1029 1779 Christo
1058 1717 1119 1779 filii
1144 1717 1255 1780 nostri
1279 1717 1397 1780 Caroli

115 1822 364 1884 Romanorum
389 1832 425 1883 et
449 1821 701 1903 Hispaniarum
725 1821 842 1904 Regis
871 1821 1045 1886 Catholici
1075 1824 1110 1886 in
1141 1824 1397 1905 Imperatorem

115 1928 221 1991 electi
248 1947 291 1990 ac
315 1928 439 1990 sancte
462 1928 628 1991 Romane
654 1928 803 1991 ecclesie
828 1930 994 1992 advocati
1027 1951 1069 1993 ac
1098 1930 1246 1993 aliorum
1271 1930 1396 1993 Catho-

114 2035 262 2098 licorum
276 2034 485 2117 Principum
509 2035 709 2100 invocandi.
736 2035 870 2098 Verum
895 2037 1083 2118 omniaque
1108 2037 1177 2099 alia
1201 2058 1243 2100 ac
1257 2038 1397 2119 singula

115 2163 184 2224 que
209 2143 255 2206 ad
280 2142 482 2206 huiusmodi
499 2153 637 2224 pestem
661 2143 940 2224 extinguendam
965 2154 1000 2207 et
1024 2143 1193 2206 radicitus
1218 2145 1395 2226 extirpan-

115 2249 197 2312 dam
228 2259 430 2331 opportuna
461 2270 539 2312 esse
564 2250 831 2331 quomodolibet
856 2251 1043 2329 noveritis,
1068 2250 1223 2313 faciendi
1248 2251 1396 2332 gerendi

115 2356 309 2419 mandandi
335 2356 523 2419 ordinandi
553 2356 745 2420 exercendi
778 2369 813 2420 et
845 2357 1047 2439 excipiendi
1079 2368 1116 2420 et
1145 2359 1190 2420 ad
1223 2359 1397 2440 premissa

115 2463 234 2525 omnia
260 2473 295 2526 et
320 2463 462 2544 singula
485 2464 515 2525 si
540 2474 576 2526 et
599 2466 742 2545 quando
776 2463 947 2545 expedire
978 2464 1137 2527 videritis
1168 2466 1264 2527 viros
1294 2475 1398 2547 aptos

115 2579 150 2632 et
175 2571 337 2653 ydoneos
362 2590 441 2632 cum
468 2570 571 2633 simili
595 2581 656 2633 aut
679 2571 829 2633 limitata
853 2571 1022 2633 facultate
1044 2572 1246 2634 assumendi
1271 2575 1396 2635 subde·

115 2675 262 2758 legaudi
280 2687 315 2740 et
339 2677 548 2758 deputandi,
574 2677 742 2760 ipsosque
767 2678 930 2759 quotiens
955 2688 1194 2759 opportunum
1219 2678 1398 2742 videbitur

115 2781 308 2846 revocandi
338 2793 373 2846 et
403 2786 483 2847 loco
514 2784 672 2868 ipsorum
702 2785 791 2847 alios
816 2785 975 2847 similiter
1006 2786 1165 2867 ydoneos
1202 2786 1397 2867 deputandi

115 2891 258 2972 plenam
290 2899 326 2952 et
356 2889 504 2953 liberam
539 2901 663 2954 tenore
688 2892 904 2973 presentium
929 2892 1156 2955 concedimus
1180 2892 1396 2956 facultatem.

115 2996 191 3060 Vos
214 2995 324 3079 igitur
349 2998 407 3059 vel
430 2998 557 3078 aliquis
581 3008 747 3078 vestrum,
772 2998 901 3061 ceteris
929 2997 1051 3060 forsan
1089 2997 1277 3078 impeditis,
1309 3020 1397 3062 onus

114 3115 186 3167 tam
211 3103 386 3166 meritorii
411 3104 546 3187 negotii
571 3107 701 3168 devota
724 3114 843 3167 mente
867 3104 1112 3186 suscipientes
1148 3126 1211 3167 vos
1244 3104 1280 3166 in
1305 3105 1397 3168 illius

115 3209 329 3275 executione
353 3210 403 3272 sic
431 3211 602 3275 sollicitos
626 3231 667 3274 ac
692 3215 804 3275 verbo
830 3221 865 3274 et
889 3232 998 3293 opere
1023 3212 1199 3273 studiosos
1225 3221 1331 3293 atque
1349 3213 1392 3272 di·

115 3318 273 3400 ligentes
297 3317 498 3380 exhibeatis
522 3318 617 3400 quod
641 3339 687 3381 ex
713 3318 841 3382 vestris
865 3318 1047 3381 laboribus
1072 3317 1192 3380 divina
1223 3318 1324 3381 vobis
1348 3318 1396 3380 fa·

113 3434 221 3489 vente
253 3424 371 3507 gratia
403 3425 538 3506 sperati
571 3426 708 3488 fructus
732 3426 935 3506 adveniant,
969 3445 1010 3487 ac
1035 3445 1100 3506 per
1124 3424 1397 3487 sollicitudinem

114 3544 364 3612 vestramque
389 3552 514 3595 causas
543 3532 621 3614 pias
651 3532 859 3614 gerentibus
890 3553 955 3613 pro
988 3531 1220 3593 retributione
1246 3532 1397 3593 debetur

115 3641 269 3721 palmam
300 3638 415 3721 glorie
446 3659 517 3702 non
551 3640 662 3703 solum
694 3639 863 3719 consequi
895 3638 1110 3716 mereamini,
1137 3658 1258 3700 verum
1290 3638 1396 3700 etiam

115 3747 212 3829 apud
236 3767 302 3809 nos
328 3756 363 3809 et
387 3747 509 3809 sedem
534 3747 732 3828 predictam
757 3767 827 3809 non
852 3746 1025 3808 immerito
1042 3745 1191 3807 valeatis
1207 3747 1251 3807 de
1268 3754 1396 3807 exacta

116 3851 302 3935 diligentia
353 3864 472 3917 vestra
511 3852 654 3915 uberius
692 3852 942 3915 commendari.
1015 3853 1144 3913 Datum
1178 3852 1296 3914 Rome
1330 3861 1399 3916 ete.

118 3963 224 4022 Anno
265 3959 450 4022 millesimo
493 3959 776 4041 quingentesimo
819 3959 1007 4042 vigesim03
1054 3958 1158 4021 tertio
1199 3959 1301 4020 nonis
1341 3958 1395 4038 Ja-

117 4066 230 4129 nuarii
255 4066 362 4128 Anno
387 4076 525 4128 octavo

1090 4206 1121 4267 Α.
1142 4206 1270 4267 dulillo.

1003 4296 1112 4362 (Collati.
1131 4298 1196 4360 Hip.
1216 4297 1248 4344 de
1268 4296 1361 4363 Cesis.)
