3330 5580
708 459 954 518 0-43352524

191 610 269 670 loro
293 606 315 670 l'
328 608 398 670 han
423 607 558 670 chiesto
583 609 616 669 al
637 606 827 670 Cardinale
843 607 1064 692 Campeggio
1079 609 1218 693 Legato
1242 610 1279 674 di
1296 609 1372 676 Sua
1387 608 1470 677 San·

191 715 270 796 titt,
305 735 370 797 per
393 726 544 777 ventura
578 714 671 777 saria
694 715 827 797 meglio
863 717 908 778 de
931 717 1100 799 prevenit
1123 719 1159 780 la
1182 718 1283 781 detta
1304 718 1414 783 Dieta
1436 720 1471 782 di

191 819 297 903 Spira
329 833 364 884 et
395 820 450 884 far
473 822 494 883 l’
508 821 728 884 intimatione
760 831 795 885 et
827 822 1071 904 publicatione
1102 825 1162 887 del
1185 824 1286 888 detto
1310 823 1471 889 Concilio

190 929 391 992 universale
414 949 480 1010 per
503 930 538 990 la
561 938 675 991 estate
699 928 863 1010 proxima
893 939 929 993 et
951 930 1011 1013 piu
1036 940 1159 1013 presto
1183 931 1305 995 chesi
1329 943 1472 1015 potesse

190 1037 283 1109 lare;
310 1046 345 1098 et
369 1036 428 1118 poi
445 1037 669 1098 demandono
694 1036 723 1098 si
747 1034 861 1098 faccia
884 1037 978 1100 nella
993 1036 1138 1119 Magna,
1163 1038 1282 1120 potria
1294 1036 1370 1101 Sua
1386 1037 1470 1103 San·

190 1143 255 1206 tita
288 1144 458 1225 eleggere
490 1163 556 1224 per
580 1152 705 1223 questo
730 1145 765 1205 la
789 1142 873 1205 citt'a
906 1141 942 1205 di
966 1144 1116 1226 Trent0‚
1152 1147 1219 1208 che
1251 1166 1319 1229 per
1352 1146 1471 1210 loroe

190 1260 311 1313 tenuta
344 1251 437 1313 della
462 1249 596 1331 Magna
629 1269 761 1312 ancora
784 1251 850 1312 che
883 1249 936 1313 sia
967 1248 1001 1313 in
1026 1250 1147 1332 Italia,
1183 1261 1219 1314 et
1246 1246 1373 1315 ¹avanti
1407 1254 1472 1316 che

189 1357 330 1421 venisse
370 1355 391 1418 'l
430 1365 550 1437 tempo
589 1357 684 1419 della
718 1356 973 1420 convocatione
1015 1357 1045 1419 si
1081 1357 1199 1439 petria
1244 1379 1311 1422 con
1354 1359 1472 1441 giusta

190 1483 296 1526 causa
327 1463 477 1525 mutarlo
510 1461 545 1524 in
581 1464 671 1525 altro
707 1464 817 1545 luogo
847 1463 906 1544 pid
943 1484 964 1526 a
996 1464 1183 1547 proposito
1216 1485 1237 1527 o
1270 1464 1307 1528 in
1341 1465 1471 1548 Roma,

190 1569 269 1633 oin
294 1572 384 1632 altre
408 1567 492 1631 citta
524 1568 690 1649 d’Italia,
727 1580 762 1633 et
787 1590 918 1634 ancora
951 1574 1017 1634 che
1041 1572 1064 1634 'l
1087 1570 1237 1635 termine
1270 1574 1369 1638 della
1392 1592 1471 1637 con·

189 1675 378 1740 vocatione
419 1675 505 1738 fussi
549 1696 614 1759 per
648 1677 848 1758 primavera
881 1699 947 1761 per
985 1678 1137 1761 impedit
1171 1678 1230 1762 piu
1266 1679 1471 1745 facilmente

189 1786 222 1847 la
247 1785 354 1847 Dieta
378 1783 413 1845 di
438 1780 561 1864 Spina,
598 1783 626 1846 si
650 1785 768 1866 potria
792 1783 827 1846 di
851 1784 911 1866 poi
946 1807 965 1848 a
990 1795 1112 1848 nostra
1134 1786 1369 1868 requisitione
1394 1808 1470 1871 pro·

188 1892 343 1972 rogarlo.
390 1890 513 1953 Direte
547 1911 568 1953 a
601 1888 674 1953 Sua
708 1889 847 1954 Santita
881 1892 947 1955 che
980 1892 1157 1956 consideri
1190 1893 1300 1957 molto
1335 1897 1406 1958 ben
1440 1897 1472 1958 el

189 2007 280 2060 tutto
305 2007 340 2060 et
364 1998 395 2060 ci
419 1997 532 2060 avvisi
556 1998 579 2060 il
605 2017 668 2059 suo
692 2017 839 2078 parere,
874 2001 941 2063 che
965 2019 1037 2062 non
1060 2000 1255 2063 lasceremo
1290 2001 1326 2063 di
1352 2003 1473 2084 seguir

188 2127 252 2168 suo
287 2108 382 2167 buon
419 2105 592 2186 consiglio
628 2125 728 2167 come
764 2104 799 2166 di
835 2115 956 2168 nostro
991 2126 1078 2169 vero
1112 2107 1239 2188 padre,
1283 2117 1320 2171 et
1356 2129 1470 2173 corre·

188 2213 369 2295 sponderli
403 2232 502 2275 come
541 2215 635 2274 buon
672 2211 807 2292 figliolo
842 2222 878 2275 et
913 2223 1097 2294 protector
1130 2213 1165 2275 di
1205 2215 1323 2296 quella
1360 2213 1471 2279 Santa

188 2318 293 2384 Sede.
319 2328 385 2383 etc.

789 2837 863 2903 159.

617 3042 620 3049 ¹
650 2953 796 3034 Carolus
824 2952 1004 3035 Clementi.

606 3101 705 3176 (Epist.
730 3101 849 3174 Pmolp.
867 3100 889 3158 1.
917 3100 962 3159 fot
981 3100 1049 3173 219.)

700 3219 754 3289 (18.
775 3221 840 3270 Maii
863 3220 949 3286 1524.)

347 3355 557 3419 Beatissime
582 3355 690 3417 Pater
713 3353 865 3417 Domine
889 3353 1214 3419 Reverendissime.

277 3498 446 3561 Libenter
470 3516 592 3559 eorum
626 3496 819 3560 commodis
850 3495 1084 3576 consulimus,
1117 3517 1265 3578 quorum
1295 3496 1389 3564 fides
1420 3502 1467 3565 in·

188 3605 322 3668 dustria
352 3614 387 3668 et
410 3603 573 3666 assiduus
607 3605 709 3666 labor
741 3624 783 3668 ac
817 3602 1004 3683 diligentia
1038 3623 1107 3666 non
1144 3606 1256 3667 solum
1291 3606 1398 3670 nobis
1434 3620 1469 3671 et

187 3711 379 3775 maioribus
404 3710 550 3789 nostris,
575 3712 637 3773 sed
672 3710 777 3772 etiam
802 3707 956 3772 Sanctae
979 3709 1037 3773 isti
1063 3707 1148 3772 Sedi
1177 3719 1213 3773 et
1242 3712 1469 3779 orthodoxae

186 3817 270 3881 fidei
294 3817 371 3880 usui
396 3827 432 3880 et
456 3826 663 3880 ornamento
688 3815 764 3879 fuit.
804 3815 890 3879 Cum
912 3816 1032 3897 itaque
1046 3817 1267 3880 honorabilis
1282 3820 1470 3905 utriusque

184 3925 271 4007 juris
303 3925 439 3987 Doctor
472 3925 661 3987 Baithasar
700 3923 906 4006 propositus
941 3923 977 3985 in
1006 3922 1209 3987 Waltkirch
1244 3925 1471 3993 consiliarius

188 4041 310 4094 noster
334 4032 485 4094 devotus
510 4030 661 4093 dilectus
685 4030 719 4093 in
745 4029 884 4112 magnis
905 4041 941 4093 et
957 4030 1078 4092 arduis
1101 4034 1208 4094 rebus
1231 4031 1326 4096 Divo
1345 4033 1471 4100 Cesari

187 4138 431 4201 Maximiliano
455 4138 609 4202 Domino
634 4148 669 4200 et
693 4158 760 4200 avo
778 4145 899 4201 nostro
916 4137 1163 4202 colendissimo
1184 4139 1472 4220 preclarissimae

187 4245 378 4309 memoriae
403 4245 672 4326 diligentissime
697 4244 896 4323 serviverit‚
922 4255 958 4307 et
972 4244 1196 4326 Imperialem
1209 4245 1470 4313 Cancellariam

188 4373 322 4415 summa
346 4373 424 4415 cum
456 4354 561 4414 laude
586 4361 622 4413 et
644 4351 850 4433 integritate
874 4352 993 4414 multis
1022 4352 1125 4415 annis
1156 4352 1472 4435 administraverit,

187 4479 253 4523 nec
278 4451 352 4522 non
374 4458 543 4523 defuncta
567 4459 643 4521 eius
661 4458 850 4522 Maiestate
875 4460 920 4521 ad
946 4459 1116 4540 obsequia
1141 4469 1262 4524 nostra
1286 4473 1472 4546 evocatus,

187 4566 292 4629 nobis
316 4586 393 4628 cum
419 4565 537 4628 multis
560 4565 595 4627 in
618 4569 725 4628 rebus
734 4614 743 4646 ‚
768 4575 841 4628 tum
864 4566 1058 4648 praecipue
1082 4566 1116 4628 in
1142 4575 1320 4630 conventu
1345 4581 1471 4636 nostro

187 4672 366 4755 Imperiali
389 4672 642 4736 Wormatiensi
679 4671 894 4755 singularem
929 4692 1074 4754 operam
1106 4684 1141 4736 et
1164 4672 1270 4737 fidem
1293 4673 1471 4742 illibatam

188 4778 390 4851 navaverit3
429 4779 569 4862 quippe
602 4778 734 4842 ibidem
769 4791 892 4842 contra
928 4780 1149 4842 lutheranam
1188 4781 1339 4845 heresim
1379 4785 1471 4849 mira
