3330 5580
623 450 912 509 eoxxmoo

120 603 197 665 tiae
228 602 296 664 hos
328 621 411 664 suos
444 600 606 662 subditos
634 602 786 681 populos
816 599 851 661 in
886 609 1020 660 tantam
1044 595 1181 659 ruinam
1207 616 1310 659 ruere
1335 616 1410 679 per·

121 708 272 787 miserit,
298 718 359 770 aut
379 710 424 770 ad
440 710 572 770 bonam
596 707 737 786 frugem
762 707 985 768 reducendos
1009 705 1211 786 neglexerit
1322 707 1411 768 Pon·

120 815 216 878 tifex
240 815 335 897 ipse,
365 835 504 877 omnem
529 816 574 876 ad
599 834 637 876 se
661 813 897 895 pertinentem
922 811 1144 893 diligentiam
1175 813 1336 874 adhibuit
1368 834 1412 876 ne

119 923 223 986 natio
250 923 340 984 haec
365 923 410 984 ad
445 920 623 983 interitum
649 929 833 1001 vergeret;
865 938 989 981 omnes
1020 918 1194 981 videbunt
1227 922 1320 982 unde
1354 922 1410 983 de·

122 1031 201 1092 bita
229 1029 390 1092 remedia
414 1028 549 1099 desint:
583 1028 660 1109 ipse
699 1026 873 1089 voluntati
906 1026 974 1088 Dei
1006 1028 1209 1107 obsequens
1238 1026 1411 1108 reliquum

121 1136 365 1202 Christianum
390 1156 538 1218 gregem
563 1135 630 1197 sibi
648 1133 869 1197 commissum
887 1133 1104 1213 gubernabit
1117 1133 1254 1214 eritque
1273 1154 1413 1215 semper

122 1265 233 1308 verus
264 1241 435 1306 Pontifex
466 1252 501 1304 et
524 1244 620 1304 bona
651 1240 871 1304 conscientia
902 1238 1042 1302 nonnisi
1067 1260 1234 1321 magnum
1259 1243 1414 1304 evadere

121 1351 269 1435 poterit.
324 1350 502 1414 Caesarea
535 1359 653 1412 autem
685 1348 855 1410 Maiestas
890 1349 999 1430 longe
1036 1346 1188 1411 maiores
1226 1348 1414 1411 sustinebit

121 1460 294 1538 iacturas,
319 1458 348 1520 si
372 1457 618 1521 consideretur
642 1457 737 1538 quod
763 1458 855 1517 ultra
871 1456 1036 1516 damnum
1052 1453 1244 1516 animae-et
1258 1457 1413 1536 honoris,

122 1566 301 1629 iacturam
326 1585 467 1646 quoque
491 1563 739 1645 temporalium
763 1565 936 1625 bonorum
960 1561 1117 1642 patietur
1132 1562 1208 1644 ipse
1227 1573 1262 1625 et
1277 1584 1412 1626 succes·

120 1694 227 1736 sores
252 1672 328 1735 eius
353 1681 388 1734 et
412 1681 580 1753 parentes
605 1691 675 1733 non
700 1670 735 1731 in
761 1668 952 1732 Germania
976 1679 1112 1731 tantum
1137 1670 1199 1731 sed
1225 1682 1260 1731 et
1283 1670 1318 1732 in
1335 1671 1414 1733 aliis

119 1780 250 1863 regnis
273 1789 310 1842 et
333 1778 561 1858 dominiis“¹).

216 1886 319 1968 Quae
343 1888 456 1948 verba
471 1884 682 1966 prophetica
696 1883 815 1956 fuere;
832 1904 923 1962 nam,
948 1903 1041 1945 anno
1066 1883 1126 1945 vix
1151 1885 1287 1966 elaps0,
1312 1886 1412 1948 rusti·

122 2015 250 2058 corum
286 1995 455 2055 tumultus
488 1993 715 2072 inceperunt,
752 1991 982 2071 rebelliones,
1025 1992 1136 2069 bella,
1175 1991 1415 2056 dissensiones

121 2112 324 2184 perpetuas
347 2098 664 2181 praenuncianteS,
696 2118 787 2178 quae
812 2095 957 2159 infinitis
980 2100 1239 2179 propemodum
1265 2100 1414 2180 damnis,
1495 2110 1497 2113 ’

123 2207 281 2272 saeculis
295 2204 580 2284 succedentibus,
598 2202 825 2267 Germaniam
854 2202 1090 2282 funestarunt,
1111 2203 1414 2287 inenarrabilique

125 2316 226 2377 luctu
251 2314 529 2391 submerserunt,
545 2322 618 2373 tum
634 2310 782 2392 triginta
806 2331 977 2373 annorum
1002 2310 1116 2390 bellis,
1141 2321 1214 2374 tum
1238 2312 1414 2375 continuis

125 2420 330 2504 principum
355 2417 652 2496 contentionibus,
678 2429 750 2479 tum
766 2416 983 2480 labefactata
999 2416 1135 2498 imperii
1158 2417 1204 2496 vi,
1219 2418 1413 2482 immutata·

125 2549 198 2610 que
223 2536 337 2589 status
361 2536 488 2588 natura
513 2535 548 2586 et
572 2524 778 2587 nutantibus
803 2523 985 2605 regiminis
1008 2523 1147 2586 vicibus
1171 2536 1206 2586 et
1222 2526 1412 2588 corruenti·

125 2637 197 2697 bus
220 2633 421 2716 principum
445 2631 617 2712 fortunis,
651 2643 723 2693 tum
757 2630 909 2712 denique
941 2631 1143 2694 necessario
1167 2652 1214 2694 ex
1239 2632 1413 2695 divisione

124 2741 315 2824 religionis
339 2750 417 2803 orta
442 2739 615 2802 divisione
641 2738 849 2809 animorum
875 2737 925 2800 ita
949 2747 987 2799 ut
1011 2758 1118 2819 saepe
1137 2737 1304 2801 Germani
1327 2739 1413 2802 Ger·

126 2849 243 2913 manis
266 2846 387 2911 infesti
411 2845 616 2929 germanica
640 2866 738 2908 arma
762 2844 797 2906 in
821 2843 1027 2924 germanica
1050 2855 1198 2926 pectora
1214 2845 1412 2928 infigerent.

130 2956 382 3037 „Agnoscent,
414 2953 464 3016 sic
499 2952 728 3034 Campegius,
765 2953 851 3033 quid
883 2952 928 3013 sit
959 2953 1045 3014 dare
1084 2953 1180 3033 plebi
1212 2954 1413 3017 libertatem

127 3060 418 3145 dogmatizandi;
456 3062 536 3122 dum
582 3060 724 3143 impune
776 3062 966 3141 loquuntur
1010 3060 1169 3123 actiones
1223 3063 1413 3145 parant“·⁰).

131 3169 224 3251 „Per
248 3166 511 3231 contentionem
537 3178 572 3228 et
595 3165 764 3229 invidiam
796 3187 853 3229 res
877 3167 1015 3248 agitur“
1042 3167 1256 3231 inclamabat
1281 3179 1411 3251 tempo-

128 3276 230 3339 ribus
254 3275 326 3338 suis
349 3273 507 3355 Joannes
531 3274 712 3347 Hanerus;
737 3295 802 3355 per
825 3275 1086 3337 contentionem
1112 3286 1148 3338 et
1165 3275 1332 3339 invidiam
1357 3298 1414 3340 res

129 3394 213 3445 acta
237 3392 291 3446 est
319 3391 355 3445 et
386 3381 616 3463 sequentibus
647 3381 817 3452 saeculis;
847 3392 883 3443 et
912 3381 1071 3463 quisnam
1104 3402 1264 3445 asserere
1295 3393 1414 3464 potest

130 3488 237 3551 etiam
259 3489 367 3551 hodie
392 3490 487 3570 quod
504 3508 570 3571 per
585 3487 848 3551 contentionem
866 3498 902 3551 et
917 3488 1085 3551 invidiam
1102 3508 1159 3551 res
1176 3509 1246 3552 non
1263 3494 1413 3572 agatur?

219 3595 272 3659 At
294 3615 387 3658 nunc
412 3616 541 3658 causae
564 3615 683 3673 verae,
708 3596 737 3657 si
769 3615 860 3676 quae
894 3615 1047 3676 unquam
1078 3595 1237 3673 fuerunt,
1271 3608 1412 3660 conten·

130 3702 238 3766 tionis
263 3703 463 3773 desierunt;
488 3722 554 3764 nec
579 3701 746 3780 avaritia,
776 3721 841 3763 nec
865 3700 1018 3780 invidia,
1043 3722 1108 3764 nec
1133 3702 1281 3765 aliorum
1305 3706 1400 3766 bono

132 3830 209 3873 rum
225 3810 379 3873 aviditas
395 3820 495 3872 tanta
511 3810 631 3881 adest;
655 3828 726 3871 una
750 3807 881 3870 veritas
906 3808 1127 3889 inquirenda,
1151 3811 1413 3892 amplectenda.

132 3918 288 3997 Abusus,
312 3937 402 3999 quos
426 3916 529 3998 primi
553 3914 805 3979 reformatores
829 3917 1007 3978 tollendos
1031 3918 1251 3996 clamabant,
1276 3918 1305 3979 si
1329 3939 1413 3980 vere

131 4026 265 4087 abusus
289 4034 401 4104 erant,
426 4024 495 4086 iam
520 4026 565 4085 ab
590 4022 750 4086 Ecclesia
773 4021 851 4104 ipsa
880 4022 1047 4085 Romana
1077 4025 1228 4105 sublati,
1262 4027 1411 4106 repullu-

132 4133 207 4194 lare
232 4140 426 4212 nequeunt;
451 4129 657 4193 reformatio
682 4139 814 4208 sancta,
831 4150 931 4211 pura,
947 4151 968 4192 a
985 4129 1162 4212 religiosis
1187 4131 1270 4193 viris
1295 4133 1414 4214 cupita

132 4239 202 4301 iam
226 4248 280 4301 est
303 4238 400 4300 facta
424 4258 466 4300 ac
490 4240 669 4300 roborata.
717 4237 810 4317 Quid
834 4240 962 4319 plura?
988 4238 1102 4300 Huius
1126 4259 1234 4301 verae
1256 4250 1413 4302 sanctae·

133 4364 203 4426 que
226 4344 490 4407 reformationis
514 4343 639 4426 petitio
663 4342 914 4405 iucundissima
938 4342 1004 4405 fuit
1029 4342 1200 4406 Clementi
1229 4345 1323 4424 VH,
1355 4347 1414 4429 qui

137 4460 346 4533 „postquam
371 4451 416 4513 ad
440 4453 621 4532 pastorale
646 4448 801 4512 officium
826 4449 946 4513 divina
969 4450 1130 4512 bonitate
1161 4462 1309 4515 vocatus
1337 4453 1413 4534 fuit,

134 4557 221 4619 nihil
254 4557 350 4620 aliud
387 4567 448 4619 aut
479 4557 650 4637 cogitavit
681 4567 741 4619 aut
772 4557 909 4639 optavit
943 4577 1046 4639 quarn
1084 4558 1118 4619 in
1152 4557 1312 4622 Ecclesia
1346 4561 1413 4623 Dei

134 4664 316 4747 corrigere
340 4684 432 4745 quae
447 4667 644 4746 depravata
661 4674 762 4726 erant
779 4673 814 4726 et
830 4663 925 4726 illam
950 4663 984 4727 in
1001 4665 1183 4748 antiquum
1200 4669 1412 4749 spendorem

208 4803 229 4867 ¹)
251 4808 319 4859 Doc.
342 4817 398 4873 154.
418 4808 465 4861 fol.
484 4809 544 4874 346.
791 4805 812 4872 ⁹)
834 4810 901 4857 Doc.
924 4821 980 4869 199.
1001 4808 1047 4858 fol.
1067 4809 1128 4872 436.
