3330 5580
708 447 767 501 0-{3
804 449 859 502 456
897 447 955 500 ΕΗ)

188 603 225 656 tu
251 593 399 675 indigne
436 592 596 655 molestia
619 590 792 672 afficeris,
823 611 887 672 spe
921 604 1039 659 tamen
1072 603 1310 656 sustentamur
1344 594 1486 656 nullam

189 711 259 763 tam
286 699 469 762 difficilem
495 720 573 762 esse
598 719 671 760 rem
696 718 800 779 quam
825 719 896 760 non
922 710 982 767 tua
1005 700 1196 781 prudentia
1220 712 1257 764 et
1272 703 1485 765 humanitas

187 828 267 870 cum
292 806 427 888 optimo
452 806 550 868 exitu
575 804 798 886 explicatura
823 825 900 868 esse
925 805 1103 879 videatur:
1120 808 1224 887 ·Nos,
1248 818 1287 872 ut
1310 808 1485 890 diximus,

189 913 356 995 quicquid
383 933 494 995 opera
526 922 571 975 et«
590 911 801 974 auctoritate
833 932 1038 995 possumus,
1073 914 1236 977 omnibus
1267 914 1338 978 tuis
1370 918 1485 979 rebus

189 1031 225 1083 et
261 1020 456 1082 commodis
487 1019 705 1101 pollicemur.
771 1018 875 1099 Quod
907 1019 1013 1082 etiam
1054 1021 1298 1085 mandavimus
1330 1022 1391 1086 dil.
1432 1021 1483 1085 fil.

191 1127 412 1209 Hieronymo
436 1127 592 1190 Rorario
618 1126 755 1188 Nuncio
780 1137 902 1188 nostro
927 1137 965 1188 ut
989 1147 1068 1190 cum
1083 1127 1281 1192 Nobilitate
1305 1140 1367 1192 tua
1384 1150 1484 1193 com·

189 1234 396 1313 municaret,
421 1233 477 1297 cui
501 1232 561 1295 illa
586 1232 690 1295 fidem
715 1233 872 1295 habebit.

280 1361 410 1423 Datum
453 1360 592 1422 Romae
630 1368 695 1420 etc.
751 1357 818 1420 Die
856 1356 954 1421 XIX
985 1357 1070 1422 Maii
1102 1359 1305 1422 MDXXV.
1366 1361 1483 1425 Anno

189 1467 369 1531 Secundo.

727 1645 746 1655 Α
750 1645 933 1657 nnmmwwvw

794 1877 856 1940 211

376 1994 625 2075 Perdinandus
652 1994 771 2075 lustr.
801 1993 977 2073 archidux
1006 1991 1178 2073 Clementi
1206 1992 1283 2075 VII.

230 2143 298 2213 dub
317 2141 458 2202 (liemcule
475 2140 536 2198 vn.
555 2141 674 2199 bettore
693 2140 723 2198 di
741 2139 847 2198 diversi
864 2139 987 2214 annoni
1005 2139 1037 2198 el
1055 2139 1126 2198 altri
1143 2139 1215 2199 1525.
1235 2172 1268 2183 -
1287 2140 1354 2213 agl.
1373 2141 1447 2214 itia)

708 2260 764 2326 (κο.
785 2260 850 2309 Maii
873 2263 960 2322 ¹5²5·)

282 2402 513 2469 Sanctissime
549 2422 590 2464 ac
623 2401 833 2465 Beatissime
869 2403 978 2464 Pater
1008 2400 1160 2464 Domine
1197 2402 1484 2466 Clementissime

197 2517 281 2578 l'ost
308 2515 435 2575 beatos
459 2511 571 2592 pedes
595 2510 821 2571 deosculatos
845 2507 1011 2594 humilem
1037 2507 1400 2573 Commendationem.

287 2637 358 2699 litsi
404 2656 474 2698 non
516 2633 641 2696 dubito
680 2632 942 2695 Beatitudinem
982 2633 1146 2695 Vestram
1190 2633 1319 2716 partim
1367 2634 1480 2715 lama,

190 2766 280 2829 iltuto
323 2753 376 2805 ost
411 2741 639 2806 velocissima
682 2741 851 2803 malorum
895 2741 1043 2821 nuncia,
1082 2741 1211 2823 partim
1245 2742 1395 2805 aliorum
1442 2744 1481 2806 li·

191 2852 286 2929 turis,
311 2849 529 2914 atlnmnitam
554 2869 632 2910 esse
656 2849 702 2910 de
725 2847 811 2928 hiis,
845 2869 937 2929 quae
966 2846 1053 2910 fiant
1083 2858 1118 2910 et
1150 2859 1321 2930 gerantur
1346 2848 1382 2912 in
1407 2852 1479 2912 hac

193 2959 350 3035 natione,
375 2968 493 3021 tanton
519 2975 589 3018 non
615 2955 715 3037 potui
739 2958 993 3036 supersedere,
1018 2954 1102 3036 quin
1127 2955 1204 3038 ipse
1228 2975 1390 3037 quoque,
1416 2957 1479 3019 ali-

192 3077 324 3149 quanto
343 3063 458 3143 latius,
483 3064 539 3126 vel
564 3061 696 3125 certius
713 3061 875 3142 fortasse,
900 3061 1005 3124 etiam
1030 3063 1075 3124 de
1099 3063 1299 3124 huiusmodi
1323 3063 1369 3125 ad
1396 3084 1478 3127 ean-

191 3176 270 3237 dum
296 3171 503 3249 scrllmrem,
528 3168 721 3251 instigante
746 3189 801 3231 me
825 3170 901 3232 zelo
924 3168 997 3248 illo,
1021 3188 1125 3250 quem
1149 3170 1266 3232 habeo
1291 3179 1362 3232 tam
1389 3191 1480 3253 erga

191 3282 360 3345 &etinctum
398 3277 461 3341 Ilei
498 3275 713 3356 Ecclesiam,
746 3296 850 3357 quam
883 3276 1128 3358 Apostolicam
1153 3273 1302 3356 Sedem,
1326 3297 1478 3357 quarum

192 3394 431 3469 ‹utltuniptum
448 3382 755 3466 abiectionemque
771 3383 941 3465 cumipse
962 3403 1134 3463 nequeam
1158 3383 1243 3445 satis
1256 3404 1321 3465 pro
1348 3383 1479 3466 anim0,

192 3492 440 3559 «bullientibus
464 3489 598 3554 viribus
622 3499 694 3553 tum
719 3490 816 3569 meis,
832 3500 904 3551 tum
929 3498 1025 3551 recte
1050 3500 1085 3552 et
1108 3489 1167 3572 pie
1192 3491 1307 3553 adhuc
1323 3491 1477 3554 sentien-

192 3602 276 3667 tium
301 3600 346 3663 llo
370 3599 572 3661 orthodoxa
595 3596 681 3676 fide,
706 3597 892 3678 impedire;
925 3606 1042 3658 tamen
1077 3618 1179 3678 quam
1212 3597 1333 3660 invitis
1365 3600 1479 3662 oculis

192 3707 315 3773 utillum
347 3724 507 3781 «urnam,
542 3703 642 3766 libuit
680 3703 781 3765 simul
807 3704 901 3784 apud
926 3701 1157 3766 Sanctitatem
1180 3704 1346 3767 Vestram
1379 3705 1478 3769 hisce

194 3814 302 3879 litoris
335 3810 475 3889 testari,
517 3811 752 3892 proponendo
783 3812 953 3873 nonnulla
986 3819 1068 3873 ante
1101 3813 1240 3890 oculos,
1266 3832 1311 3874 ex
1345 3812 1476 3893 quibus

191 3920 334 3999 colliget
370 3928 538 4001 quantum
569 3919 740 3979 malorum
771 3916 878 3979 brevi
902 3924 1064 3998 tempore
1096 3917 1305 3997 confecerit,
1343 3920 1475 3983 laxatis

191 4027 353 4093 numitius
378 4024 606 4087 ribodientiae
631 4024 790 4104 habenis,
822 4026 975 4106 populus
1007 4023 1221 4088 Germaniae
1251 4026 1473 4107 potissimum

193 4131 511 4200 ecclesiasticarum
548 4140 621 4192 tum
656 4150 888 4212 personarum
931 4141 1004 4193 tum
1046 4151 1161 4194 rerum
1198 4130 1473 4197 sitientissimus.

192 4238 489 4323 tjttuutloquidem
528 4237 603 4299 sive
634 4237 709 4299 fato
746 4237 821 4300 sive
858 4237 999 4300 <livinae
1037 4239 1180 4301 ultionis
1218 4240 1363 4304 decreto
1396 4241 1473 4306 sive

192 4347 423 4435 pessimorum
462 4344 634 4425 ingeniis,
678 4343 963 4425 factionumque,
1000 4344 1209 4426 cupidorum
1248 4346 1474 4412 instinctibus

190 4454 393 4533 inritingat,
420 4451 505 4515 nihil
532 4451 644 4533 magis
668 4451 703 4512 in
728 4450 820 4512 votis
845 4461 915 4530 est,
940 4461 1000 4513 aut
1024 4472 1137 4533 aeque
1161 4454 1258 4515 valet
1282 4453 1352 4516 iam
1377 4458 1474 4538 apud

192 4562 423 4627 haurientem
449 4557 716 4637 multitudinem,
741 4577 782 4619 ac
808 4558 852 4619 de
876 4558 1042 4621 Romano
1066 4558 1256 4641 Pontifice,
1282 4559 1472 4626 Cardinali·

193 4670 293 4741 lilius,
324 4665 516 4749 lipiseopls,
542 4675 577 4727 et
601 4665 757 4727 breviter
781 4664 947 4728 universo
976 4667 1088 4745 cler0,
1120 4665 1155 4727 in
1181 4687 1284 4747 quem
1309 4669 1473 4732 transcri-

195 4782 279 4841 lruut
312 4774 489 4840 horrenda
522 4770 637 4852 dictu,
663 4792 682 4834 e
708 4771 823 4834 medio
854 4772 1030 4836 tollendis.
1078 4773 1178 4836 Haec
1208 4794 1279 4836 una
1302 4775 1395 4840 ratio
1420 4787 1474 4840 est
