<?xml version="1.0" encoding="UTF-8"?>
<!DOCTYPE html PUBLIC "-//W3C//DTD XHTML 1.0 Transitional//EN"
    "http://www.w3.org/TR/xhtml1/DTD/xhtml1-transitional.dtd">
<html xmlns="http://www.w3.org/1999/xhtml" xml:lang="en" lang="en">
 <head>
  <title>
</title>
<meta http-equiv="Content-Type" content="text/html;charset=utf-8" />
  <meta name='ocr-system' content='tesseract 3.04.00' />
  <meta name='ocr-capabilities' content='ocr_page ocr_carea ocr_par ocr_line ocrx_word'/>
</head>
<body>
  <div class='ocr_page' id='page_1' title='image "./monumentareform00vatigoog_0445.png"; bbox 0 0 3330 5580; ppageno 0'>
   <div class='ocr_carea' id='block_1_1' title="bbox 795 807 858 871">
    <p class='ocr_par' dir='ltr' id='par_1_1' title="bbox 795 807 858 871">
     <span class='ocr_line' id='line_1_1' title="bbox 795 807 858 871; baseline 0.016 -1"><span class='ocrx_word' id='word_1_1' title='bbox 795 807 858 871; x_wconf 87' lang='grc'>183</span> 
     </span>
    </p>
   </div>
   <div class='ocr_carea' id='block_1_2' title="bbox 445 929 1210 1033">
    <p class='ocr_par' dir='ltr' id='par_1_2' title="bbox 445 929 1210 1033">
     <span class='ocr_line' id='line_1_2' title="bbox 445 929 1210 1033; baseline -0.005 -21"><span class='ocrx_word' id='word_1_2' title='bbox 445 931 641 1033; x_wconf 73' lang='lat' dir='ltr'>Episcopus</span> <span class='ocrx_word' id='word_1_3' title='bbox 669 931 901 1012; x_wconf 78' lang='lat' dir='ltr'>Tridentinus</span> <span class='ocrx_word' id='word_1_4' title='bbox 929 929 1102 1011; x_wconf 76' lang='lat' dir='ltr'>Clementi</span> <span class='ocrx_word' id='word_1_5' title='bbox 1129 930 1210 1010; x_wconf 80' lang='lat' dir='ltr'>VII.</span> 
     </span>
    </p>
   </div>
   <div class='ocr_carea' id='block_1_3' title="bbox 641 1068 1024 1245">
    <p class='ocr_par' dir='ltr' id='par_1_3' title="bbox 641 1068 1024 1245">
     <span class='ocr_line' id='line_1_3' title="bbox 641 1068 1024 1144; baseline 0 -16"><span class='ocrx_word' id='word_1_6' title='bbox 641 1069 742 1144; x_wconf 72' lang='lat' dir='ltr'>(spus</span> <span class='ocrx_word' id='word_1_7' title='bbox 760 1069 880 1143; x_wconf 71' lang='lat' dir='ltr'>Principe.</span> <span class='ocrx_word' id='word_1_8' title='bbox 898 1068 936 1127; x_wconf 81' lang='lat' dir='ltr'>tt</span> <span class='ocrx_word' id='word_1_9' title='bbox 955 1068 1024 1140; x_wconf 81' lang='lat' dir='ltr'>eet.)</span> 
     </span>
     <span class='ocr_line' id='line_1_4' title="bbox 660 1181 999 1245; baseline 0.012 -16"><span class='ocrx_word' id='word_1_10' title='bbox 660 1182 713 1245; x_wconf 88' lang='lat'>(17.</span> <span class='ocrx_word' id='word_1_11' title='bbox 734 1181 891 1230; x_wconf 79' lang='lat' dir='ltr'>Decembris</span> <span class='ocrx_word' id='word_1_12' title='bbox 914 1187 999 1244; x_wconf 82' lang='lat' dir='ltr'>1524.l</span> 
     </span>
    </p>
   </div>
   <div class='ocr_carea' id='block_1_4' title="bbox 188 1303 1479 2651">
    <p class='ocr_par' dir='ltr' id='par_1_4' title="bbox 188 1303 1479 2651">
     <span class='ocr_line' id='line_1_5' title="bbox 322 1303 1479 1388; baseline 0.001 -20"><span class='ocrx_word' id='word_1_13' title='bbox 322 1305 532 1368; x_wconf 88' lang='lat' dir='ltr'>Beatissime</span> <span class='ocrx_word' id='word_1_14' title='bbox 547 1305 656 1368; x_wconf 88' lang='lat' dir='ltr'>Pater</span> <span class='ocrx_word' id='word_1_15' title='bbox 671 1304 825 1368; x_wconf 86' lang='lat' dir='ltr'>Domine</span> <span class='ocrx_word' id='word_1_16' title='bbox 840 1303 991 1367; x_wconf 85' lang='lat' dir='ltr'>Domine</span> <span class='ocrx_word' id='word_1_17' title='bbox 1015 1305 1275 1386; x_wconf 88' lang='lat' dir='ltr'>colendissime,</span> <span class='ocrx_word' id='word_1_18' title='bbox 1293 1314 1380 1388; x_wconf 90' lang='lat' dir='ltr'>post</span> <span class='ocrx_word' id='word_1_19' title='bbox 1395 1308 1479 1369; x_wconf 88' lang='lat' dir='ltr'>bea·</span> 
     </span>
     <span class='ocr_line' id='line_1_6' title="bbox 188 1410 1478 1495; baseline 0.001 -20"><span class='ocrx_word' id='word_1_20' title='bbox 188 1422 304 1477; x_wconf 90' lang='lat' dir='ltr'>torum</span> <span class='ocrx_word' id='word_1_21' title='bbox 327 1414 458 1495; x_wconf 92' lang='lat' dir='ltr'>pedum</span> <span class='ocrx_word' id='word_1_22' title='bbox 483 1414 622 1492; x_wconf 89' lang='lat' dir='ltr'>oscula,</span> <span class='ocrx_word' id='word_1_23' title='bbox 647 1411 877 1474; x_wconf 81' lang='lat' dir='ltr'>humillimam</span> <span class='ocrx_word' id='word_1_24' title='bbox 902 1410 1082 1490; x_wconf 83' lang='lat' dir='ltr'>servitutis</span> <span class='ocrx_word' id='word_1_25' title='bbox 1113 1431 1214 1476; x_wconf 92' lang='lat' dir='ltr'>meae</span> <span class='ocrx_word' id='word_1_26' title='bbox 1244 1413 1478 1493; x_wconf 90' lang='lat' dir='ltr'>oblationem,</span> 
     </span>
     <span class='ocr_line' id='line_1_7' title="bbox 188 1515 1478 1583; baseline 0 0"><span class='ocrx_word' id='word_1_27' title='bbox 188 1529 225 1583; x_wconf 92' lang='lat' dir='ltr'>et</span> <span class='ocrx_word' id='word_1_28' title='bbox 249 1521 415 1583; x_wconf 90' lang='lat' dir='ltr'>devotam</span> <span class='ocrx_word' id='word_1_29' title='bbox 439 1517 793 1582; x_wconf 85' lang='lat' dir='ltr'>commendationem.</span> <span class='ocrx_word' id='word_1_30' title='bbox 834 1517 947 1580; x_wconf 88' lang='lat' dir='ltr'>Redit</span> <span class='ocrx_word' id='word_1_31' title='bbox 971 1518 1017 1580; x_wconf 89' lang='lat' dir='ltr'>ad</span> <span class='ocrx_word' id='word_1_32' title='bbox 1040 1515 1278 1583; x_wconf 89' lang='lat' dir='ltr'>Sanctitatem</span> <span class='ocrx_word' id='word_1_33' title='bbox 1308 1518 1478 1583; x_wconf 84' lang='lat' dir='ltr'>Vestram</span> 
     </span>
     <span class='ocr_line' id='line_1_8' title="bbox 188 1624 1478 1709; baseline 0.001 -20"><span class='ocrx_word' id='word_1_34' title='bbox 188 1626 363 1709; x_wconf 85' lang='lat' dir='ltr'>Magister</span> <span class='ocrx_word' id='word_1_35' title='bbox 394 1626 522 1689; x_wconf 86' lang='lat' dir='ltr'>Petrus</span> <span class='ocrx_word' id='word_1_36' title='bbox 555 1625 810 1703; x_wconf 83' lang='lat' dir='ltr'>Salamancha,</span> <span class='ocrx_word' id='word_1_37' title='bbox 844 1624 903 1706; x_wconf 93' lang='lat' dir='ltr'>qui</span> <span class='ocrx_word' id='word_1_38' title='bbox 932 1624 1055 1706; x_wconf 91' lang='lat' dir='ltr'>paucis</span> <span class='ocrx_word' id='word_1_39' title='bbox 1087 1634 1170 1688; x_wconf 90' lang='lat' dir='ltr'>ante</span> <span class='ocrx_word' id='word_1_40' title='bbox 1196 1624 1324 1688; x_wconf 89' lang='lat' dir='ltr'>diebus</span> <span class='ocrx_word' id='word_1_41' title='bbox 1348 1628 1398 1689; x_wconf 87' lang='lat' dir='ltr'>ab</span> <span class='ocrx_word' id='word_1_42' title='bbox 1422 1647 1478 1690; x_wconf 87' lang='lat' dir='ltr'>ea·</span> 
     </span>
     <span class='ocr_line' id='line_1_9' title="bbox 189 1730 1479 1812; baseline 0 -16"><span class='ocrx_word' id='word_1_43' title='bbox 189 1734 269 1797; x_wconf 87' lang='lat' dir='ltr'>dem</span> <span class='ocrx_word' id='word_1_44' title='bbox 302 1734 347 1796; x_wconf 90' lang='lat' dir='ltr'>ad</span> <span class='ocrx_word' id='word_1_45' title='bbox 380 1730 650 1796; x_wconf 88' lang='lat' dir='ltr'>Serenissimum</span> <span class='ocrx_word' id='word_1_46' title='bbox 683 1731 884 1812; x_wconf 90' lang='lat' dir='ltr'>Principem</span> <span class='ocrx_word' id='word_1_47' title='bbox 915 1730 1105 1794; x_wconf 90' lang='lat' dir='ltr'>Dominum</span> <span class='ocrx_word' id='word_1_48' title='bbox 1133 1751 1251 1794; x_wconf 90' lang='lat' dir='ltr'>meum</span> <span class='ocrx_word' id='word_1_49' title='bbox 1283 1735 1479 1796; x_wconf 88' lang='lat' dir='ltr'>observan-</span> 
     </span>
     <span class='ocr_line' id='line_1_10' title="bbox 189 1837 1477 1922; baseline 0.001 -18"><span class='ocrx_word' id='word_1_50' title='bbox 189 1842 272 1904; x_wconf 90' lang='lat' dir='ltr'>dum</span> <span class='ocrx_word' id='word_1_51' title='bbox 296 1842 342 1903; x_wconf 92' lang='lat' dir='ltr'>ad</span> <span class='ocrx_word' id='word_1_52' title='bbox 366 1840 541 1922; x_wconf 86' lang='lat' dir='ltr'>quaedam</span> <span class='ocrx_word' id='word_1_53' title='bbox 566 1837 712 1920; x_wconf 88' lang='lat' dir='ltr'>negotia</span> <span class='ocrx_word' id='word_1_54' title='bbox 729 1838 914 1901; x_wconf 83' lang='lat' dir='ltr'>subeunda</span> <span class='ocrx_word' id='word_1_55' title='bbox 935 1838 1060 1901; x_wconf 90' lang='lat' dir='ltr'>missus</span> <span class='ocrx_word' id='word_1_56' title='bbox 1075 1838 1203 1918; x_wconf 82' lang='lat' dir='ltr'>fuerat,</span> <span class='ocrx_word' id='word_1_57' title='bbox 1228 1837 1285 1901; x_wconf 90' lang='lat' dir='ltr'>cui</span> <span class='ocrx_word' id='word_1_58' title='bbox 1310 1840 1477 1922; x_wconf 87' lang='lat' dir='ltr'>equidem</span> 
     </span>
     <span class='ocr_line' id='line_1_11' title="bbox 189 1946 1478 2030; baseline 0 -20"><span class='ocrx_word' id='word_1_59' title='bbox 189 1949 240 2030; x_wconf 92' lang='lat' dir='ltr'>(ut</span> <span class='ocrx_word' id='word_1_60' title='bbox 262 1968 330 2030; x_wconf 83' lang='lat' dir='ltr'>par</span> <span class='ocrx_word' id='word_1_61' title='bbox 362 1950 450 2026; x_wconf 90' lang='lat' dir='ltr'>erat)</span> <span class='ocrx_word' id='word_1_62' title='bbox 481 1948 831 2028; x_wconf 88' lang='lat' dir='ltr'>quantulumcunque</span> <span class='ocrx_word' id='word_1_63' title='bbox 862 1946 956 2008; x_wconf 91' lang='lat' dir='ltr'>vires</span> <span class='ocrx_word' id='word_1_64' title='bbox 989 1967 1089 2009; x_wconf 89' lang='lat' dir='ltr'>meae</span> <span class='ocrx_word' id='word_1_65' title='bbox 1114 1946 1277 2025; x_wconf 85' lang='lat' dir='ltr'>fuerunt,</span> <span class='ocrx_word' id='word_1_66' title='bbox 1308 1946 1344 2009; x_wconf 92' lang='lat' dir='ltr'>in</span> <span class='ocrx_word' id='word_1_67' title='bbox 1378 1949 1478 2011; x_wconf 89' lang='lat' dir='ltr'>nullo</span> 
     </span>
     <span class='ocr_line' id='line_1_12' title="bbox 189 2050 1478 2135; baseline 0.001 -19"><span class='ocrx_word' id='word_1_68' title='bbox 189 2052 306 2135; x_wconf 88' lang='lat' dir='ltr'>defui,</span> <span class='ocrx_word' id='word_1_69' title='bbox 337 2053 420 2135; x_wconf 89' lang='lat' dir='ltr'>quin</span> <span class='ocrx_word' id='word_1_70' title='bbox 445 2073 501 2115; x_wconf 83' lang='lat' dir='ltr'>res</span> <span class='ocrx_word' id='word_1_71' title='bbox 525 2053 604 2133; x_wconf 90' lang='lat' dir='ltr'>ipsa</span> <span class='ocrx_word' id='word_1_72' title='bbox 628 2072 674 2115; x_wconf 86' lang='lat' dir='ltr'>ex</span> <span class='ocrx_word' id='word_1_73' title='bbox 698 2064 783 2115; x_wconf 92' lang='lat' dir='ltr'>voto</span> <span class='ocrx_word' id='word_1_74' title='bbox 813 2061 850 2115; x_wconf 90' lang='lat' dir='ltr'>et</span> <span class='ocrx_word' id='word_1_75' title='bbox 873 2051 1063 2134; x_wconf 89' lang='lat' dir='ltr'>desyderio</span> <span class='ocrx_word' id='word_1_76' title='bbox 1089 2050 1296 2116; x_wconf 87' lang='lat' dir='ltr'>Sanctitatis</span> <span class='ocrx_word' id='word_1_77' title='bbox 1320 2051 1478 2117; x_wconf 75' lang='lat' dir='ltr'>Vestrae</span> 
     </span>
     <span class='ocr_line' id='line_1_13' title="bbox 189 2157 1478 2241; baseline -0.001 -17"><span class='ocrx_word' id='word_1_78' title='bbox 189 2161 414 2238; x_wconf 85' lang='lat' dir='ltr'>succederet,</span> <span class='ocrx_word' id='word_1_79' title='bbox 446 2158 596 2241; x_wconf 90' lang='lat' dir='ltr'>proinde</span> <span class='ocrx_word' id='word_1_80' title='bbox 621 2157 670 2221; x_wconf 89' lang='lat' dir='ltr'>nil</span> <span class='ocrx_word' id='word_1_81' title='bbox 695 2170 748 2220; x_wconf 85' lang='lat' dir='ltr'>est</span> <span class='ocrx_word' id='word_1_82' title='bbox 772 2160 868 2239; x_wconf 92' lang='lat' dir='ltr'>quod</span> <span class='ocrx_word' id='word_1_83' title='bbox 892 2168 1041 2240; x_wconf 89' lang='lat' dir='ltr'>propter</span> <span class='ocrx_word' id='word_1_84' title='bbox 1064 2168 1275 2241; x_wconf 88' lang='lat' dir='ltr'>perpetuam</span> <span class='ocrx_word' id='word_1_85' title='bbox 1299 2179 1419 2223; x_wconf 90' lang='lat' dir='ltr'>meam</span> <span class='ocrx_word' id='word_1_86' title='bbox 1441 2160 1478 2223; x_wconf 87' lang='lat' dir='ltr'>in</span> 
     </span>
     <span class='ocr_line' id='line_1_14' title="bbox 191 2263 1478 2348; baseline -0.001 -18"><span class='ocrx_word' id='word_1_87' title='bbox 191 2264 423 2330; x_wconf 89' lang='lat' dir='ltr'>Sanctitatem</span> <span class='ocrx_word' id='word_1_88' title='bbox 448 2265 614 2327; x_wconf 87' lang='lat' dir='ltr'>Vestram</span> <span class='ocrx_word' id='word_1_89' title='bbox 640 2275 674 2326; x_wconf 93' lang='lat' dir='ltr'>et</span> <span class='ocrx_word' id='word_1_90' title='bbox 699 2263 830 2327; x_wconf 90' lang='lat' dir='ltr'>Sedem</span> <span class='ocrx_word' id='word_1_91' title='bbox 863 2266 1109 2348; x_wconf 89' lang='lat' dir='ltr'>Apostolicam</span> <span class='ocrx_word' id='word_1_92' title='bbox 1140 2265 1347 2329; x_wconf 89' lang='lat' dir='ltr'>servitutem</span> <span class='ocrx_word' id='word_1_93' title='bbox 1383 2268 1478 2330; x_wconf 91' lang='lat' dir='ltr'>ultro</span> 
     </span>
     <span class='ocr_line' id='line_1_15' title="bbox 189 2370 1476 2454; baseline -0.001 -17"><span class='ocrx_word' id='word_1_94' title='bbox 189 2393 261 2438; x_wconf 90' lang='lat' dir='ltr'>non</span> <span class='ocrx_word' id='word_1_95' title='bbox 273 2375 437 2449; x_wconf 90' lang='lat' dir='ltr'>subirem,</span> <span class='ocrx_word' id='word_1_96' title='bbox 456 2374 621 2454; x_wconf 90' lang='lat' dir='ltr'>quodque</span> <span class='ocrx_word' id='word_1_97' title='bbox 639 2374 685 2434; x_wconf 93' lang='lat' dir='ltr'>ob</span> <span class='ocrx_word' id='word_1_98' title='bbox 700 2370 1014 2453; x_wconf 88' lang='lat' dir='ltr'>propensissimam</span> <span class='ocrx_word' id='word_1_99' title='bbox 1039 2371 1267 2434; x_wconf 90' lang='lat' dir='ltr'>devotionem</span> <span class='ocrx_word' id='word_1_100' title='bbox 1291 2382 1327 2434; x_wconf 89' lang='lat' dir='ltr'>et</span> <span class='ocrx_word' id='word_1_101' title='bbox 1351 2375 1476 2436; x_wconf 90' lang='lat' dir='ltr'>obser-</span> 
     </span>
     <span class='ocr_line' id='line_1_16' title="bbox 191 2477 1478 2562; baseline 0.001 -19"><span class='ocrx_word' id='word_1_102' title='bbox 191 2481 360 2562; x_wconf 90' lang='lat' dir='ltr'>vantiam,</span> <span class='ocrx_word' id='word_1_103' title='bbox 386 2499 456 2561; x_wconf 89' lang='lat' dir='ltr'>qua</span> <span class='ocrx_word' id='word_1_104' title='bbox 479 2500 548 2542; x_wconf 87' lang='lat' dir='ltr'>ram</span> <span class='ocrx_word' id='word_1_105' title='bbox 574 2479 706 2540; x_wconf 93' lang='lat' dir='ltr'>dudum</span> <span class='ocrx_word' id='word_1_106' title='bbox 730 2478 846 2541; x_wconf 89' lang='lat' dir='ltr'>eidem</span> <span class='ocrx_word' id='word_1_107' title='bbox 871 2497 926 2539; x_wconf 90' lang='lat' dir='ltr'>me</span> <span class='ocrx_word' id='word_1_108' title='bbox 941 2485 1052 2539; x_wconf 90' lang='lat' dir='ltr'>totum</span> <span class='ocrx_word' id='word_1_109' title='bbox 1070 2477 1211 2558; x_wconf 87' lang='lat' dir='ltr'>devovi,</span> <span class='ocrx_word' id='word_1_110' title='bbox 1234 2477 1355 2541; x_wconf 85' lang='lat' dir='ltr'>facere</span> <span class='ocrx_word' id='word_1_111' title='bbox 1373 2499 1478 2560; x_wconf 90' lang='lat' dir='ltr'>prae·</span> 
     </span>
     <span class='ocr_line' id='line_1_17' title="bbox 189 2586 432 2651; baseline -0.004 0"><span class='ocrx_word' id='word_1_112' title='bbox 189 2586 432 2651; x_wconf 86' lang='lat' dir='ltr'>termitterem.</span> 
     </span>
    </p>
   </div>
   <div class='ocr_carea' id='block_1_5' title="bbox 188 2707 1479 3857">
    <p class='ocr_par' dir='ltr' id='par_1_5' title="bbox 188 2707 1479 3857">
     <span class='ocr_line' id='line_1_18' title="bbox 278 2707 1477 2793; baseline 0.001 -20"><span class='ocrx_word' id='word_1_113' title='bbox 278 2711 383 2793; x_wconf 83' lang='lat' dir='ltr'>Quod</span> <span class='ocrx_word' id='word_1_114' title='bbox 407 2731 492 2774; x_wconf 91' lang='lat' dir='ltr'>vero</span> <span class='ocrx_word' id='word_1_115' title='bbox 518 2711 662 2774; x_wconf 88' lang='lat' dir='ltr'>adrem</span> <span class='ocrx_word' id='word_1_116' title='bbox 687 2709 834 2772; x_wconf 91' lang='lat' dir='ltr'>Lutheri</span> <span class='ocrx_word' id='word_1_117' title='bbox 857 2709 1022 2793; x_wconf 87' lang='lat' dir='ltr'>pertinet,</span> <span class='ocrx_word' id='word_1_118' title='bbox 1046 2707 1153 2772; x_wconf 90' lang='lat' dir='ltr'>video</span> <span class='ocrx_word' id='word_1_119' title='bbox 1178 2708 1214 2771; x_wconf 91' lang='lat' dir='ltr'>in</span> <span class='ocrx_word' id='word_1_120' title='bbox 1240 2708 1317 2773; x_wconf 90' lang='lat' dir='ltr'>dies</span> <span class='ocrx_word' id='word_1_121' title='bbox 1341 2712 1477 2775; x_wconf 87' lang='lat' dir='ltr'>malum</span> 
     </span>
     <span class='ocr_line' id='line_1_19' title="bbox 189 2813 1477 2900; baseline 0 -19"><span class='ocrx_word' id='word_1_122' title='bbox 189 2819 275 2882; x_wconf 91' lang='lat' dir='ltr'>illud</span> <span class='ocrx_word' id='word_1_123' title='bbox 299 2817 404 2880; x_wconf 88' lang='lat' dir='ltr'>latius</span> <span class='ocrx_word' id='word_1_124' title='bbox 428 2837 584 2900; x_wconf 86' lang='lat' dir='ltr'>serpere,</span> <span class='ocrx_word' id='word_1_125' title='bbox 609 2817 770 2898; x_wconf 88' lang='lat' dir='ltr'>aliosque</span> <span class='ocrx_word' id='word_1_126' title='bbox 794 2817 947 2899; x_wconf 90' lang='lat' dir='ltr'>populos</span> <span class='ocrx_word' id='word_1_127' title='bbox 971 2813 1125 2878; x_wconf 88' lang='lat' dir='ltr'>inficere.</span> <span class='ocrx_word' id='word_1_128' title='bbox 1150 2814 1285 2878; x_wconf 90' lang='lat' dir='ltr'>Verum</span> <span class='ocrx_word' id='word_1_129' title='bbox 1310 2815 1340 2878; x_wconf 89' lang='lat' dir='ltr'>si</span> <span class='ocrx_word' id='word_1_130' title='bbox 1364 2815 1477 2881; x_wconf 89' lang='lat' dir='ltr'>Sanc·</span> 
     </span>
     <span class='ocr_line' id='line_1_20' title="bbox 190 2922 1477 3005; baseline 0.002 -19"><span class='ocrx_word' id='word_1_131' title='bbox 190 2925 272 2987; x_wconf 86' lang='lat' dir='ltr'>titas</span> <span class='ocrx_word' id='word_1_132' title='bbox 297 2923 428 2987; x_wconf 90' lang='lat' dir='ltr'>Vestra</span> <span class='ocrx_word' id='word_1_133' title='bbox 460 2923 495 2985; x_wconf 94' lang='lat' dir='ltr'>in</span> <span class='ocrx_word' id='word_1_134' title='bbox 521 2943 591 3004; x_wconf 92' lang='lat' dir='ltr'>qua</span> <span class='ocrx_word' id='word_1_135' title='bbox 615 2923 728 2985; x_wconf 91' lang='lat' dir='ltr'>omnis</span> <span class='ocrx_word' id='word_1_136' title='bbox 752 2943 835 3005; x_wconf 91' lang='lat' dir='ltr'>spes</span> <span class='ocrx_word' id='word_1_137' title='bbox 869 2923 1018 3005; x_wconf 89' lang='lat' dir='ltr'>residet,</span> <span class='ocrx_word' id='word_1_138' title='bbox 1050 2942 1116 3004; x_wconf 89' lang='lat' dir='ltr'>pro</span> <span class='ocrx_word' id='word_1_139' title='bbox 1145 2924 1259 2986; x_wconf 90' lang='lat' dir='ltr'>salute</span> <span class='ocrx_word' id='word_1_140' title='bbox 1283 2922 1477 3005; x_wconf 90' lang='lat' dir='ltr'>Reipubli-</span> 
     </span>
     <span class='ocr_line' id='line_1_21' title="bbox 190 3029 1477 3111; baseline 0.002 -17"><span class='ocrx_word' id='word_1_141' title='bbox 190 3051 253 3094; x_wconf 92' lang='lat' dir='ltr'>cae</span> <span class='ocrx_word' id='word_1_142' title='bbox 290 3030 420 3094; x_wconf 90' lang='lat' dir='ltr'>Christi</span> <span class='ocrx_word' id='word_1_143' title='bbox 455 3029 627 3111; x_wconf 88' lang='lat' dir='ltr'>erigenda</span> <span class='ocrx_word' id='word_1_144' title='bbox 668 3030 938 3092; x_wconf 89' lang='lat' dir='ltr'>ellaborandum</span> <span class='ocrx_word' id='word_1_145' title='bbox 972 3029 1276 3111; x_wconf 87' lang='lat' dir='ltr'>perseveraverit,</span> <span class='ocrx_word' id='word_1_146' title='bbox 1316 3039 1355 3092; x_wconf 93' lang='lat' dir='ltr'>ut</span> <span class='ocrx_word' id='word_1_147' title='bbox 1394 3033 1477 3096; x_wconf 85' lang='lat' dir='ltr'>hac·</span> 
     </span>
     <span class='ocr_line' id='line_1_22' title="bbox 188 3135 1478 3220; baseline 0.002 -21"><span class='ocrx_word' id='word_1_148' title='bbox 188 3146 291 3200; x_wconf 91' lang='lat' dir='ltr'>tenus</span> <span class='ocrx_word' id='word_1_149' title='bbox 315 3146 352 3201; x_wconf 91' lang='lat' dir='ltr'>et</span> <span class='ocrx_word' id='word_1_150' title='bbox 374 3135 474 3216; x_wconf 82' lang='lat' dir='ltr'>fecit,</span> <span class='ocrx_word' id='word_1_151' title='bbox 509 3147 544 3198; x_wconf 90' lang='lat' dir='ltr'>et</span> <span class='ocrx_word' id='word_1_152' title='bbox 575 3136 609 3198; x_wconf 93' lang='lat' dir='ltr'>in</span> <span class='ocrx_word' id='word_1_153' title='bbox 641 3145 823 3219; x_wconf 90' lang='lat' dir='ltr'>posterum</span> <span class='ocrx_word' id='word_1_154' title='bbox 859 3155 937 3199; x_wconf 90' lang='lat' dir='ltr'>eam</span> <span class='ocrx_word' id='word_1_155' title='bbox 967 3135 1141 3198; x_wconf 88' lang='lat' dir='ltr'>facturam</span> <span class='ocrx_word' id='word_1_156' title='bbox 1175 3156 1245 3198; x_wconf 90' lang='lat' dir='ltr'>non</span> <span class='ocrx_word' id='word_1_157' title='bbox 1278 3136 1478 3220; x_wconf 90' lang='lat' dir='ltr'>dubitatur,</span> 
     </span>
     <span class='ocr_line' id='line_1_23' title="bbox 189 3241 1478 3325; baseline 0.003 -20"><span class='ocrx_word' id='word_1_158' title='bbox 189 3264 264 3306; x_wconf 93' lang='lat' dir='ltr'>rem</span> <span class='ocrx_word' id='word_1_159' title='bbox 299 3252 376 3305; x_wconf 92' lang='lat' dir='ltr'>tuto</span> <span class='ocrx_word' id='word_1_160' title='bbox 411 3244 491 3306; x_wconf 90' lang='lat' dir='ltr'>loco</span> <span class='ocrx_word' id='word_1_161' title='bbox 524 3246 708 3325; x_wconf 91' lang='lat' dir='ltr'>quiescere</span> <span class='ocrx_word' id='word_1_162' title='bbox 744 3241 881 3324; x_wconf 88' lang='lat' dir='ltr'>sperari</span> <span class='ocrx_word' id='word_1_163' title='bbox 914 3242 1062 3324; x_wconf 89' lang='lat' dir='ltr'>poterit,</span> <span class='ocrx_word' id='word_1_164' title='bbox 1096 3242 1228 3323; x_wconf 90' lang='lat' dir='ltr'>alioqui</span> <span class='ocrx_word' id='word_1_165' title='bbox 1257 3246 1335 3323; x_wconf 86' lang='lat' dir='ltr'>(nec</span> <span class='ocrx_word' id='word_1_166' title='bbox 1365 3243 1478 3310; x_wconf 85' lang='lat' dir='ltr'>facile</span> 
     </span>
     <span class='ocr_line' id='line_1_24' title="bbox 190 3346 1479 3432; baseline 0.004 -21"><span class='ocrx_word' id='word_1_167' title='bbox 190 3349 353 3432; x_wconf 89' lang='lat' dir='ltr'>dixerim)</span> <span class='ocrx_word' id='word_1_168' title='bbox 377 3369 523 3431; x_wconf 89' lang='lat' dir='ltr'>prorsus</span> <span class='ocrx_word' id='word_1_169' title='bbox 548 3359 665 3412; x_wconf 88' lang='lat' dir='ltr'>actum</span> <span class='ocrx_word' id='word_1_170' title='bbox 689 3369 767 3412; x_wconf 89' lang='lat' dir='ltr'>esse</span> <span class='ocrx_word' id='word_1_171' title='bbox 793 3348 936 3432; x_wconf 88' lang='lat' dir='ltr'>dubito,</span> <span class='ocrx_word' id='word_1_172' title='bbox 969 3349 1264 3430; x_wconf 85' lang='lat' dir='ltr'>quemadmodum</span> <span class='ocrx_word' id='word_1_173' title='bbox 1291 3346 1479 3416; x_wconf 88' lang='lat' dir='ltr'>Sanctitas</span> 
     </span>
     <span class='ocr_line' id='line_1_25' title="bbox 189 3454 1478 3537; baseline 0.003 -19"><span class='ocrx_word' id='word_1_174' title='bbox 189 3456 224 3518; x_wconf 90' lang='lat' dir='ltr'>V</span> <span class='ocrx_word' id='word_1_175' title='bbox 226 3465 321 3520; x_wconf 81' lang='lat' dir='ltr'>estre</span> <span class='ocrx_word' id='word_1_176' title='bbox 352 3476 399 3519; x_wconf 84' lang='lat' dir='ltr'>ex</span> <span class='ocrx_word' id='word_1_177' title='bbox 421 3455 501 3537; x_wconf 90' lang='lat' dir='ltr'>ipso</span> <span class='ocrx_word' id='word_1_178' title='bbox 525 3455 700 3536; x_wconf 83' lang='lat' dir='ltr'>Magistro</span> <span class='ocrx_word' id='word_1_179' title='bbox 722 3455 830 3518; x_wconf 91' lang='lat' dir='ltr'>Petro</span> <span class='ocrx_word' id='word_1_180' title='bbox 848 3454 1009 3517; x_wconf 81' lang='lat' dir='ltr'>diffusius</span> <span class='ocrx_word' id='word_1_181' title='bbox 1026 3454 1211 3534; x_wconf 84' lang='lat' dir='ltr'>intelliget,</span> <span class='ocrx_word' id='word_1_182' title='bbox 1237 3475 1329 3536; x_wconf 86' lang='lat' dir='ltr'>quae</span> <span class='ocrx_word' id='word_1_183' title='bbox 1354 3457 1478 3522; x_wconf 86' lang='lat' dir='ltr'>omnia</span> 
     </span>
     <span class='ocr_line' id='line_1_26' title="bbox 189 3559 1477 3651; baseline 0.003 -26"><span class='ocrx_word' id='word_1_184' title='bbox 189 3583 234 3625; x_wconf 86' lang='lat' dir='ltr'>ex</span> <span class='ocrx_word' id='word_1_185' title='bbox 258 3562 379 3625; x_wconf 89' lang='lat' dir='ltr'>debito</span> <span class='ocrx_word' id='word_1_186' title='bbox 404 3561 584 3625; x_wconf 87' lang='lat' dir='ltr'>servitutis</span> <span class='ocrx_word' id='word_1_187' title='bbox 608 3582 708 3624; x_wconf 88' lang='lat' dir='ltr'>meae</span> <span class='ocrx_word' id='word_1_188' title='bbox 732 3561 767 3624; x_wconf 91' lang='lat' dir='ltr'>in</span> <span class='ocrx_word' id='word_1_189' title='bbox 793 3581 870 3624; x_wconf 84' lang='lat' dir='ltr'>eam</span> <span class='ocrx_word' id='word_1_190' title='bbox 895 3583 940 3624; x_wconf 88' lang='lat' dir='ltr'>ex</span> <span class='ocrx_word' id='word_1_191' title='bbox 966 3563 1073 3624; x_wconf 89' lang='lat' dir='ltr'>corde</span> <span class='ocrx_word' id='word_1_192' title='bbox 1108 3559 1344 3643; x_wconf 86' lang='lat' dir='ltr'>significanda</span> <span class='ocrx_word' id='word_1_193' title='bbox 1373 3565 1477 3651; x_wconf 85' lang='lat' dir='ltr'>duxi,</span> 
     </span>
     <span class='ocr_line' id='line_1_27' title="bbox 188 3666 1476 3753; baseline 0.004 -21"><span class='ocrx_word' id='word_1_194' title='bbox 188 3668 244 3732; x_wconf 88' lang='lat' dir='ltr'>cui</span> <span class='ocrx_word' id='word_1_195' title='bbox 269 3689 324 3732; x_wconf 92' lang='lat' dir='ltr'>me</span> <span class='ocrx_word' id='word_1_196' title='bbox 350 3677 385 3730; x_wconf 90' lang='lat' dir='ltr'>et</span> <span class='ocrx_word' id='word_1_197' title='bbox 408 3666 604 3731; x_wconf 88' lang='lat' dir='ltr'>Ecclesiam</span> <span class='ocrx_word' id='word_1_198' title='bbox 628 3686 727 3730; x_wconf 88' lang='lat' dir='ltr'>suam</span> <span class='ocrx_word' id='word_1_199' title='bbox 751 3667 996 3730; x_wconf 88' lang='lat' dir='ltr'>Tridentinam</span> <span class='ocrx_word' id='word_1_200' title='bbox 1029 3667 1223 3730; x_wconf 88' lang='lat' dir='ltr'>humillime</span> <span class='ocrx_word' id='word_1_201' title='bbox 1247 3675 1476 3753; x_wconf 87' lang='lat' dir='ltr'>commend0,</span> 
     </span>
     <span class='ocr_line' id='line_1_28' title="bbox 188 3772 1475 3857; baseline 0.004 -18"><span class='ocrx_word' id='word_1_202' title='bbox 188 3776 294 3839; x_wconf 88' lang='lat' dir='ltr'>etad</span> <span class='ocrx_word' id='word_1_203' title='bbox 318 3774 465 3857; x_wconf 91' lang='lat' dir='ltr'>quaevis</span> <span class='ocrx_word' id='word_1_204' title='bbox 489 3774 669 3838; x_wconf 88' lang='lat' dir='ltr'>servitutis</span> <span class='ocrx_word' id='word_1_205' title='bbox 693 3772 812 3838; x_wconf 81' lang='lat' dir='ltr'>officia</span> <span class='ocrx_word' id='word_1_206' title='bbox 836 3773 1090 3836; x_wconf 90' lang='lat' dir='ltr'>deditissimum</span> <span class='ocrx_word' id='word_1_207' title='bbox 1114 3795 1170 3836; x_wconf 92' lang='lat' dir='ltr'>me</span> <span class='ocrx_word' id='word_1_208' title='bbox 1185 3795 1327 3856; x_wconf 88' lang='lat' dir='ltr'>semper</span> <span class='ocrx_word' id='word_1_209' title='bbox 1346 3776 1475 3845; x_wconf 85' lang='lat' dir='ltr'>offero.</span> 
     </span>
    </p>
   </div>
   <div class='ocr_carea' id='block_1_6' title="bbox 275 3896 1164 3980">
    <p class='ocr_par' dir='ltr' id='par_1_6' title="bbox 275 3896 1164 3980">
     <span class='ocr_line' id='line_1_29' title="bbox 275 3896 1164 3980; baseline 0.001 -20"><span class='ocrx_word' id='word_1_210' title='bbox 275 3898 332 3960; x_wconf 87' lang='lat' dir='ltr'>Ex</span> <span class='ocrx_word' id='word_1_211' title='bbox 355 3897 556 3980; x_wconf 88' lang='lat' dir='ltr'>Inspruchg</span> <span class='ocrx_word' id='word_1_212' title='bbox 580 3898 689 3960; x_wconf 89' lang='lat' dir='ltr'>XVII</span> <span class='ocrx_word' id='word_1_213' title='bbox 714 3896 921 3960; x_wconf 91' lang='lat' dir='ltr'>Decembris</span> <span class='ocrx_word' id='word_1_214' title='bbox 945 3898 1164 3962; x_wconf 83' lang='lat' dir='ltr'>MDXXIV.</span> 
     </span>
    </p>
   </div>
   <div class='ocr_carea' id='block_1_7' title="bbox 392 4020 562 4089">
    <p class='ocr_par' dir='ltr' id='par_1_7' title="bbox 392 4020 562 4089">
     <span class='ocr_line' id='line_1_30' title="bbox 392 4020 562 4089; baseline 0.006 -4"><span class='ocrx_word' id='word_1_215' title='bbox 392 4023 431 4089; x_wconf 91' lang='lat' dir='ltr'>E.</span> <span class='ocrx_word' id='word_1_216' title='bbox 456 4020 494 4087; x_wconf 90' lang='lat' dir='ltr'>S.</span> <span class='ocrx_word' id='word_1_217' title='bbox 518 4023 562 4087; x_wconf 90' lang='lat' dir='ltr'>V.</span> 
     </span>
    </p>
   </div>
   <div class='ocr_carea' id='block_1_8' title="bbox 970 4141 1343 4299">
    <p class='ocr_par' dir='ltr' id='par_1_8' title="bbox 970 4141 1343 4299">
     <span class='ocr_line' id='line_1_31' title="bbox 970 4141 1343 4205; baseline 0.019 -13"><span class='ocrx_word' id='word_1_218' title='bbox 970 4145 1128 4195; x_wconf 86' lang='lat' dir='ltr'>Humillima</span> <span class='ocrx_word' id='word_1_219' title='bbox 1156 4147 1282 4197; x_wconf 74' lang='lat' dir='ltr'>Creatura</span> <span class='ocrx_word' id='word_1_220' title='bbox 1311 4141 1343 4205; x_wconf 71' lang='grc' dir='ltr'>Ι.</span> 
     </span>
     <span class='ocr_line' id='line_1_32' title="bbox 981 4234 1319 4299; baseline 0.021 -18"><span class='ocrx_word' id='word_1_221' title='bbox 981 4234 1128 4299; x_wconf 86' lang='lat' dir='ltr'>Episcopus</span> <span class='ocrx_word' id='word_1_222' title='bbox 1149 4238 1171 4284; x_wconf 82' lang='lat' dir='ltr'>T</span> <span class='ocrx_word' id='word_1_223' title='bbox 1173 4237 1319 4288; x_wconf 87' lang='lat' dir='ltr'>ridentinus</span> 
     </span>
    </p>
   </div>
   <div class='ocr_carea' id='block_1_9' title="bbox 0 0 1670 5580">
    <p class='ocr_par' dir='ltr' id='par_1_9' title="bbox 0 0 1670 5580">
     <span class='ocr_line' id='line_1_33' title="bbox 0 0 1670 5580; baseline 0 0"><span class='ocrx_word' id='word_1_224' title='bbox 0 0 1670 5580; x_wconf 95' lang='lat' dir='ltr'> </span> 
     </span>
    </p>
   </div>
  </div>
 </body>
</html>
