3330 5580
785 482 1031 541 eolus&

268 632 334 692 che
358 627 392 692 in
419 640 544 712 questo
568 631 682 693 usiate
707 630 728 693 l'
743 630 863 694 officio
887 639 1027 704 vostro:
1060 633 1094 694 el
1125 631 1404 696 Prothonotario
1436 631 1558 711 scrive

268 747 303 799 et
318 739 419 818 parla
435 757 501 818 pur
526 737 573 799 lui
589 747 680 799 tutto
696 737 717 800 'l
731 737 901 819 bisogn0;
926 737 996 819 voi,
1021 758 1060 801 se
1084 749 1160 801 sete
1184 749 1283 802 tanto
1308 739 1433 802 timido
1458 760 1553 803 com-

269 846 445 908 municate
470 864 536 907 con
561 844 609 907 lui
633 846 752 926 quello
778 845 843 907 che
868 865 938 907 non
963 853 1063 908 osate
1087 846 1131 908 nl
1155 847 1296 927 pariare
1323 846 1368 910 ne
1393 844 1556 910 scrivere

269 962 305 1015 et
329 952 377 1014 lui
403 951 567 1014 satisfara
591 971 655 1032 per
680 951 748 1032 voi,
773 951 926 1015 maxime
951 953 1017 1016 che
1040 953 1087 1014 ha
1111 954 1144 1014 10
1169 952 1267 1016 cifre.
1294 980 1304 990 >·

357 1060 405 1122 Al
429 1059 524 1121 Rmo
549 1059 666 1121 Padre
692 1058 875 1122 confessor
901 1059 973 1122 dite
997 1079 1062 1140 per
1085 1068 1188 1140 parte
1213 1059 1249 1122 di
1273 1060 1316 1124 N.
1332 1058 1369 1125 S.
1394 1061 1463 1125 che
1487 1082 1556 1125 sua

268 1166 406 1229 Santith
440 1167 647 1228 commenda
676 1165 771 1228 assai
799 1167 834 1228 13
867 1165 1032 1229 sincerith
1072 1176 1115 1247 et,
1139 1167 1331 1230 devotione
1362 1187 1426 1231 sua
1458 1177 1496 1232 et
1529 1169 1555 1232 li

267 1284 371 1356 porta
395 1282 494 1336 tanta
518 1272 701 1335 affettione
727 1274 793 1335 che
817 1293 887 1335 non
914 1273 932 1335 ἐ
958 1292 1042 1335 cosa
1066 1274 1131 1335 che
1163 1273 1199 1336 di
1223 1271 1296 1337 Sua
1320 1274 1555 1339 Beatitudine

267 1379 338 1444 non
363 1381 391 1442 si
416 1401 524 1462 possa
547 1390 774 1463 promettere‚
809 1392 845 1443 01
869 1380 928 1443 noi
958 1382 992 1442 lo
1017 1390 1158 1444 tenemo
1190 1390 1226 1444 et
1256 1381 1417 1445 stimamo
1449 1403 1557 1447 come

266 1488 378 1569 padre
402 1487 547 1569 proprio
573 1498 608 1549 et
633 1488 856 1551 desideramo
892 1487 973 1550 farli
1003 1487 1089 1569 ogni
1120 1508 1210 1571 gran
1240 1488 1394 1570 piacere.
1449 1490 1556 1554 Hora

266 1615 330 1675 per
354 1615 434 1657 man
459 1594 494 1656 di
510 1594 752 1657 Heachworth
777 1615 816 1657 se
840 1595 890 1676 gli
915 1596 1044 1657 manda
1060 1616 1106 1657 un
1132 1595 1554 1679 confessionaleamplis·

267 1702 354 1764 simo
380 1712 415 1765 et
439 1704 473 1764 la
497 1701 650 1765 statione
675 1711 711 1764 et
734 1701 957 1782 indulgentia
980 1701 1017 1764 di
1041 1723 1120 1765 essa
1144 1705 1239 1766 nella
1262 1703 1408 1785 propria
1431 1704 1556 1785 patria

266 1810 311 1871 ad
345 1809 419 1871 vita
448 1830 529 1881 sua;
564 1808 608 1871 ne
641 1808 665 1871 li
698 1810 961 1871 mancheranno
994 1810 1040 1871 da
1073 1806 1109 1872 S.
1135 1807 1188 1871 Sl*
1212 1810 1390 1891 maggiori
1419 1811 1552 1892 gratie.

267 1918 323 1978 Da
347 1937 410 1978 sua
435 1916 612 1999 paternita
637 1936 705 1979 non
732 1915 760 1977 si
787 1915 952 1979 desidera
976 1917 1067 1979 altro
1092 1937 1130 1979 se
1155 1937 1225 1979 non
1249 1919 1315 1981 che
1339 1917 1432 1980 faeci
1464 1921 1553 2000 quel

265 2027 360 2087 buon
386 2022 499 2086 offitio
525 2043 589 2085 con
617 2021 748 2086 Cesare
773 2025 838 2085 che
871 2024 889 2085 ὲ
921 2023 1025 2086 solita
1057 2032 1093 2086 et
1122 2024 1189 2086 che
1221 2027 1255 2087 le
1286 2025 1384 2088 detta
1416 2027 1450 2087 la
1484 2046 1553 2089 sua

265 2130 483 2194 conscientia
508 2140 543 2192 et
567 2130 759 2195 devotione
783 2132 849 2193 che
874 2151 1013 2213 sempre
1038 2130 1097 2193 s'e
1122 2140 1291 2194 mostrata
1315 2151 1420 2194 verso
1444 2131 1488 2196 N.
1510 2131 1551 2197 S.

265 2248 300 2300 et
325 2249 450 2321 questa
475 2236 586 2300 Santa
611 2234 716 2299 Sede.
1384 2226 1386 2230 ¹

200 2427 203 2433 ι
353 2345 624 2425 Ringratierete
649 2365 713 2407 sua
738 2343 920 2408 Paternith
952 2343 1045 2407 assai
1070 2345 1162 2407 assai
1192 2347 1238 2407 da
1269 2355 1371 2428 parte
1402 2344 1437 2407 di
1473 2344 1552 2410 Sua

264 2453 491 2515 Beatitudine
516 2461 551 2514 et
575 2463 713 2522 nostra:
739 2452 927 2514 renderete
952 2453 1066 2513 anche
1090 2452 1205 2533 gratie
1230 2448 1466 2515 alfMarchese
1487 2452 1550 2532 Jo-

264 2559 378 2623 achim
413 2569 448 2621 et
479 2558 552 2619 dite
584 2581 604 2621 a
638 2556 711 2620 Sua
744 2556 913 2639 Signoria
945 2560 1011 2620 che
1051 2561 1144 2622 nella
1183 2579 1267 2621 cosa
1298 2560 1354 2621 del
1387 2579 1551 2624 vescovo
1599 2610 1605 2620 .

263 2667 588 2746 Brandeburgense
613 2686 777 2747 speramo
801 2666 866 2727 che
888 2664 930 2728 N.
948 2663 983 2729 S.
1008 2675 1130 2746 presto
1154 2668 1189 2727 lo
1214 2664 1400 2728 consoler&
1423 2675 1461 2728 et
1486 2668 1551 2730 noi

262 2795 331 2836 non
366 2793 549 2836 mancamo
588 2773 623 2834 di
657 2772 867 2853 sollicitare,
898 2774 964 2834 che
997 2782 1094 2835 certo
1126 2773 1239 2834 'siamo
1270 2771 1552 2854 obbligatissimi

264 2879 380 2943 aSua
404 2879 572 2962 Signoria
596 2890 632 2942 et
658 2881 769 2943 anche
796 2901 814 2942 a
849 2882 930 2961 quel
965 2881 1037 2942 bon
1068 2880 1207 2960 prelato
1241 2879 1298 2942 dei
1328 2879 1414 2942 boni
1446 2879 1551 2944 offici

263 2989 328 3050 che
352 2988 461 3051 fanno
485 2987 521 3049 in
547 2996 672 3069 questa
696 3006 802 3050 causa
827 3006 986 3050 comune.

351 3095 421 3156 Per
446 3102 652 3157 contentare
678 3092 849 3176 Spieghel
880 3093 908 3155 si
933 3094 1047 3156 scrive
1073 3095 1104 3156 al
1130 3093 1335 3156 Caracciolo
1365 3096 1430 3156 che
1464 3115 1549 3177 pro·

263 3202 355 3264 veda
379 3221 479 3263 come
503 3200 657 3264 scrivete
681 3210 716 3263 et
740 3209 861 3263 nostro
886 3198 1040 3282 Signore
1065 3203 1099 3263 lo
1124 3202 1169 3263 ha
1193 3202 1302 3263 molto
1326 3221 1409 3264 caro
1426 3210 1478 3270 ,01
1508 3203 1547 3268 in

262 3310 370 3370 molto
403 3309 565 3390 maggior
590 3329 674 3371 cosa
707 3307 726 3369 ὲ
755 3328 819 3388 per
851 3307 1067 3388 gratificatio
1099 3309 1263 3370 venendo
1297 3309 1319 3370 l'
1342 3309 1547 3393 occasione,

262 3416 393 3497 perche
418 3415 476 3496 gia
501 3426 621 3497 tempo
647 3414 738 3477 assai
771 3416 817 3476 ha
842 3415 974 3495 optima
999 3414 1246 3477 informatione
1271 3417 1365 3478 della
1389 3408 1483 3479 virtu
1509 3428 1549 3481 et

261 3523 415 3587 dottrina
440 3533 476 3585 et
497 3521 810 3586 observantia'sua
828 3543 932 3584 verso
949 3521 985 3586 S.
1002 3523 1090 3585 Bne.
1129 3523 1156 3584 Il
1181 3525 1291 3585 breve
1309 3524 1342 3584 al
1357 3525 1547 3588 consolato

261 3632 295 3693 di
321 3632 469 3693 Stlestat
499 3629 528 3692 si
557 3629 690 3692 manda
722 3649 788 3694 con
822 3640 945 3710 questa
972 3629 1127 3692 3001010
1158 3639 1376 3712 consegnate
1410 3649 1429 3690 a
1462 3631 1545 3715 lui¹)

260 3740 311 3801 La
335 3758 419 3800 cosa
444 3738 462 3799 e
486 3737 545 3819 gia
571 3736 605 3798 in
631 3737 729 3799 Rota
754 3742 789 3798 et
813 3737 921 3817 quelli
947 3737 1040 3799 della
1065 3737 1257 3800 universith
1287 3758 1439 3819 sperano
1464 3759 1544 3802 sen-

261 3846 371 3908 tentia
395 3845 429 3906 in
454 3843 555 3906 favor
581 3844 665 3926 ogni
688 3835 726 3905 'di
751 3854 786 3905 et
810 3846 928 3905 hanno
953 3843 1042 3906 fatto
1067 3845 1232 3905 stendere
1265 3845 1329 3907 che
1361 3865 1422 3926 per
1456 3847 1545 3910 dote

262 3975 329 4015 non
355 3952 506 4033 bisogna
532 3951 620 4013 altra
652 3950 874 4032 provisione:
905 3951 1130 4030 bisognando
1155 3971 1225 4012 non
1251 3951 1280 4013 si
1304 3971 1469 4015 mancare
1505 3955 1543 4018 di

260 4070 361 4124 tutto,
408 4057 489 4121 Cosi
515 4057 538 4119 li
564 4056 745 4119 affermate
778 4057 1020 4122 liberamente.
1076 4056 1211 4138 Questo
1243 4058 1437 4122 solicitator
1470 4080 1543 4142 qua

260 4167 317 4228 del
342 4164 551 4245 Magontino
576 4166 641 4226 che
665 4166 710 4226 ha
734 4164 768 4225 in
795 4157 900 4226 mano
924 4166 957 4227 la
982 4185 1065 4227 cosa
1090 4166 1148 4227 del
1180 4165 1297 4227 dottor
1322 4165 1497 4247 Capitone
1523 4170 1542 4232 ὲ

259 4272 292 4334 in
318 4292 423 4334 causa
449 4273 514 4333 che
550 4272 583 4333 13
620 4270 820 4351 speditione
856 4292 918 4352 sua
954 4272 983 4333 si
1019 4273 1188 4353 protrahe
1225 4282 1343 4342 tanto:
1377 4275 1541 4354 besogna

258 4380 412 4441 solicitar
436 4379 503 4450 lui;
529 4377 608 4440 tutti
634 4378 748 4458 questi
774 4376 808 4440 di
834 4399 871 4440 se
899 4378 959 4440 lie
984 4379 1080 4442 facto
1105 4379 1269 4441 intendet
1295 4381 1360 4441 che
1385 4380 1481 4461 porti
1506 4384 1541 4445 10

257 4485 505 4568 supplicationi
532 4494 567 4547 et
591 4484 830 4547 informationi
856 4507 874 4547 a
899 4486 1100 4568 proposito,
1126 4507 1181 4549 ma
1213 4508 1250 4549 se
1283 4486 1390 4549 strica
1426 4497 1462 4548 et
1493 4510 1541 4554 va

199 4770 202 4775 .
287 4733 309 4802 ¹)
329 4736 432 4798 Scripta
451 4742 538 4783 tamen
558 4734 688 4783 habentur
706 4735 733 4783 in
752 4734 834 4783 latere
854 4736 959 4784 sinistro
979 4736 1082 4785 litterae
1101 4736 1238 4798 originalis
1258 4737 1322 4785 haec
1342 4739 1436 4786 verba:
1459 4739 1539 4799 „Non

326 4817 348 4864 si
367 4817 381 4863 ὲ
400 4821 509 4880 possuto
529 4815 609 4864 havet
627 4815 751 4879 expedito
771 4824 863 4880 questa
883 4831 953 4874 sera;
974 4833 1016 4866 ma
1034 4819 1056 4867 si
1076 4818 1200 4866 mandem
1220 4817 1262 4865 col
1282 4819 1427 4880 proxim0.“
