3330 5580
708 454 767 511 aq,
808 454 858 510 110
898 451 955 509 11-0

189 624 258 688 que
282 624 380 668 suam
408 620 607 686 agnoscere
638 603 765 683 vellet,
797 601 816 663 ὲ
848 601 952 664 nobis
984 613 1133 684 paterna
1166 603 1346 666 charitate
1379 605 1475 667 obla-

188 723 261 776 tam
293 712 435 795 penitus
470 710 689 792 neglexerit,
724 719 760 771 et
792 710 837 772 ad
872 730 936 772 nos
968 709 1074 773 etiam
1099 713 1164 773 sub
1188 712 1476 774 salvoconductu

190 820 344 902 benigne
359 828 518 898 vocatus,
543 826 579 879 et
601 815 772 879 invitatus
788 815 911 879 venire
936 816 1079 879 omnino
1105 824 1338 899 recusaverit,
1362 840 1475 881 suam·

189 948 258 1008 que
291 927 326 989 in
362 947 426 989 nos
459 923 745 988 maledicentiam
778 943 819 985 ac
853 924 1016 986 heresum
1053 923 1286 1005 pertinaciam
1317 925 1475 988 auxerit:

190 1033 294 1115 Quod
323 1054 408 1097 vero
440 1030 624 1113 subiungit
654 1030 784 1093 frustra
808 1030 907 1111 pacis
932 1030 1154 1093 conditiones
1182 1051 1407 1113 proponere,
1439 1031 1477 1094 id

189 1162 259 1204 non
284 1139 491 1222 simpliciter
515 1137 647 1200 dictum
673 1141 735 1200 sed
767 1157 812 1198 ex
843 1136 975 1199 intimis
1007 1137 1196 1218 superbiae
1227 1137 1392 1201 archanis
1415 1139 1475 1200 de-

189 1256 392 1329 promptum
417 1256 487 1324 est,
511 1244 613 1327 quasi
637 1244 751 1307 victor
777 1243 853 1326 ipse
878 1242 931 1325 (ut
955 1264 1070 1306 serum
1096 1265 1182 1325 sepe
1206 1244 1361 1327 vigilans
1385 1265 1473 1309 som·

190 1355 277 1434 niat)
302 1352 543 1416 condiccionis
567 1352 668 1433 pacis
692 1350 796 1414 nobis
820 1349 967 1429 offerre,
1000 1371 1071 1413 non
1106 1360 1223 1414 autem
1256 1351 1352 1415 humi
1376 1373 1475 1434 pros·

189 1472 302 1524 tratus
327 1460 523 1523 facinorum
548 1480 588 1521 ac
614 1460 789 1521 scelerum
813 1478 959 1521 suorum
980 1458 1178 1539 supplicem
1195 1459 1336 1521 veniam
1361 1470 1397 1522 et
1421 1479 1474 1522 sa·

189 1571 339 1631 lutarem
363 1567 621 1649 poenitentiam
645 1587 666 1628 a
690 1565 793 1628 nobis
816 1576 940 1647 petere
965 1565 1140 1628 debuerit.
1187 1566 1284 1629 Dicit
1304 1567 1411 1630 etiam
1434 1576 1476 1629 ut

190 1674 398 1739 modestiam
423 1674 572 1755 simulet,
596 1695 635 1737 se
651 1673 783 1736 frustra
800 1672 933 1736 erudiri
948 1673 1095 1735 meliora
1110 1675 1306 1754 postulare,
1330 1694 1411 1737 cum
1435 1673 1473 1736 111

190 1782 357 1861 diversis,
392 1779 497 1845 etiarn
521 1783 568 1844 ad
592 1800 656 1844 nos
681 1779 854 1861 epistolis,
880 1789 916 1842 et
940 1779 1019 1842 aliis
1043 1780 1172 1843 libellis
1196 1780 1288 1860 suis,
1313 1781 1475 1845 dictante

189 1889 257 1951 sibi
281 1890 429 1952 lucifero
454 1888 605 1970 scriptis,
630 1889 748 1969 palam
773 1896 809 1950 et
833 1896 956 1968 aperte
981 1896 1131 1951 testatus
1155 1887 1279 1967 fuerit,
1312 1908 1474 1969 eaquae

190 1997 280 2058 dixit
304 2017 342 2059 se
376 2016 446 2059 non
480 1995 659 2074 dubitare,
694 1995 757 2057 se'd
791 2004 954 2075 paratum
988 2014 1066 2056 esse
1100 1993 1218 2076 ignem
1254 2005 1289 2056 et
1322 2004 1474 2058 mortem

189 2105 369 2185 suscipere
399 2124 465 2185 pro
497 2102 583 2183 illis,
616 2111 651 2164 et
683 2101 878 2164 hereticum
913 2121 1073 2163 asserere
1098 2121 1238 2164 omnem
1262 2100 1321 2182 qui
1346 2114 1474 2165 contra

189 2211 357 2292 sapuerit,
383 2231 447 2273 nec
473 2231 510 2272 se
528 2219 740 2272 mutaturum
755 2206 977 2287 sententiam,
1002 2207 1085 2288 quia
1109 2208 1297 2271 veritatem
1313 2208 1475 2271 divinam

189 2321 372 2399 loquatur,
405 2327 441 2380 et
471 2319 574 2399 plura
604 2315 804 2378 huiusmodi
828 2314 1016 2394 stultitiae,
1042 2324 1077 2376 et
1100 2315 1329 2396 arrogantiae
1353 2317 1475 2396 plena,

189 2446 399 2507 omnemque
435 2444 556 2487 sanam
591 2423 789 2485 doctrinam
824 2421 1039 2502 respuentia.
1095 2421 1253 2503 Quorum
1288 2421 1371 2485 licet
1402 2423 1475 2485 sibi

190 2533 234 2595 sit
260 2532 431 2609 conscius,
457 2539 575 2592 tamen
600 2539 638 2591 ut
662 2529 853 2592 falsitatem
878 2549 977 2591 suam
1001 2528 1163 2591 omnibus
1188 2538 1307 2592 notam
1322 2528 1474 2610 faceret,

189 2639 366 2721 Majestati
390 2638 488 2700 'l'uae
512 2637 644 2699 frustra
667 2635 836 2717 illudere,
861 2655 902 2698 ac
927 2656 965 2697 se
990 2635 1215 2698 innocentem
1239 2636 1406 2699 humilem
1436 2647 1475 2699 et

188 2747 386 2808 modestum
420 2742 558 2826 fingere
593 2764 634 2805 ac
671 2743 835 2805 simulare
875 2743 1017 2822 nititur,
1053 2763 1133 2805 cum
1173 2743 1475 2823 nunquam·talis

190 2854 296 2915 fuerit
320 2853 378 2914 vel
403 2872 481 2913 esse
507 2850 696 2931 curaverit,
720 2850 875 2931 quinimo
901 2849 1079 2912 contraria
1096 2849 1150 2913 his
1166 2849 1356 2912 virtutibus
1372 2849 1473 2930 vitia,

189 2960 278 3021 sicut
303 2960 377 3021 eius
402 2979 513 3040 opera
537 2969 572 3021 et
597 2958 731 3040 scripta
755 2960 927 3039 probant,
961 2977 1102 3038 semper
1135 2958 1322 3039 amplexus
1353 2957 1472 3022 fuerit.

193 3067 317 3129 Utrum
341 3087 427 3128 vero
452 3065 591 3128 stultius
614 3085 659 3127 an
685 3064 872 3145 superbius
897 3064 983 3125 illud
1013 3074 1081 3143 est,
1114 3065 1209 3145 quod
1233 3065 1299 3144 ait,
1331 3064 1365 3126 in
1390 3084 1474 3127 eum

188 3174 318 3256 parari,
342 3184 381 3236 ut
405 3173 635 3255 extinguatur
660 3192 737 3234 cum
759 3171 972 3253 evangelio?
997 3171 1097 3252 quasi
1114 3173 1249 3252 absque
1273 3171 1351 3253 ipso
1373 3173 1472 3235 nullo

188 3292 294 3362 pacto
319 3292 413 3344 stare
438 3292 561 3362 queat,
593 3291 628 3343 et
653 3301 730 3342 cum
755 3280 833 3361 ipso
858 3280 1020 3361 protinus
1044 3279 1267 3342 interiturum
1291 3279 1335 3341 sit
1361 3299 1469 3342 evan·

189 3389 338 3472 gelium,
372 3388 432 3471 qui
460 3388 489 3451 si
514 3388 605 3452 adeo
630 3398 725 3450 totus
749 3386 978 3469 evangelicus
1003 3397 1073 3467 est,
1108 3396 1147 3448 ut
1170 3406 1249 3449 esse
1272 3385 1472 3468 profitetur,

188 3518 229 3559 ac
254 3517 320 3578 pro
345 3517 387 3559 eo
412 3495 570 3578 martyrii
595 3495 746 3577 gloriam
770 3494 871 3575 quasi
896 3494 1058 3573 affectat,
1090 3514 1151 3555 cur
1183 3503 1371 3575 tantopere
1403 3493 1472 3556 sibi

189 3614 310 3685 cavet,
344 3613 383 3666 ut
416 3624 481 3667 nec
506 3604 607 3666 salvo
632 3603 810 3664 conductu
835 3601 1010 3681 munitus,
1035 3601 1080 3662 ad
1106 3621 1171 3662 nos
1194 3620 1347 3682 unquam
1371 3621 1471 3664 acce-

189 3712 291 3793 dere,
325 3710 433 3774 fuerit
467 3731 586 3792 ausus,
622 3720 657 3772 et
681 3729 725 3772 ne
751 3729 842 3771 nunc
868 3708 1011 3790 quidem
1036 3729 1155 3770 coram
1180 3708 1260 3771 ullis
1284 3707 1472 3790 iudicibus,

189 3818 254 3881 nisi
280 3839 350 3881 non
375 3818 549 3900 suspectis
574 3826 609 3880 et
643 3819 709 3879 sub
741 3815 811 3878 fide
847 3816 992 3897 publica
1026 3815 1172 3896 idonea,
1209 3825 1246 3878 et
1281 3814 1473 3878 sufficienti
1543 3837 1544 3840 ¹

189 3927 365 3988 conductu
399 3925 512 3988 libero
548 3923 600 4010 (ut
630 3926 706 4007 ipse
731 3922 897 4004 loquitur)
922 3942 960 3985 se
990 3922 1265 4004 compariturum
1297 3925 1473 3985 testatur?

164 4031 283 4113 ‘Quid
319 4041 373 4095 est
408 4033 502 4114 quod
538 4031 636 4094 illum
672 4030 762 4092 adeo
799 4029 960 4091 timidum
996 4038 1032 4090 et
1064 4029 1296 4110 suspiciosum
1330 4029 1472 4092 reddit?

188 4139 274 4203 nihil
299 4139 396 4202 aliud
420 4140 585 4221 profecto
609 4160 715 4220 quam
739 4138 831 4200 mala
855 4137 967 4218 ipsius
993 4137 1216 4199 conscientia
1240 4137 1473 4218 nefariaeque

189 4246 441 4328 cogitationes,
473 4267 564 4328 quae
596 4247 692 4309 illum
724 4244 800 4307 dies
831 4253 1026 4325 noctesque
1054 4245 1103 4307 ita
1127 4244 1331 4326 exagitant,
1363 4253 1473 4324 atque

188 4354 386 4432 deterrent,
418 4364 456 4416 ut
476 4374 532 4416 .ea
556 4373 696 4436 quoque
728 4351 867 4431 timeat,
901 4371 993 4432 quae
1026 4351 1112 4414 nihil
1143 4352 1286 4414 omnino
1319 4362 1399 4413 sunt
1431 4352 1471 4414 ti·

189 4463 334 4538 menda,
372 4481 437 4523 nec
474 4480 627 4542 unquam
661 4458 746 4522 satis
777 4467 873 4519 tutus
906 4457 973 4520 sibi
1004 4459 1071 4539 ipsi
1103 4459 1284 4539 videatur,
1320 4479 1360 4521 ac
1391 4478 1471 4539 pro·

188 4578 332 4649 pterea,
375 4589 413 4630 se
452 4567 487 4630 in
527 4567 738 4630 secularium
777 4564 958 4647 Pricipum
998 4567 1198 4629 clientelam
1241 4566 1395 4644 dederit,
1435 4579 1472 4628 et

189 4695 268 4736 cum
292 4674 436 4737 Huteno
467 4673 698 4756 pluribusque
731 4671 809 4735 aliis
841 4670 1068 4752 facinorosis,
1101 4683 1136 4736 et
1161 4673 1373 4735 seditionum
1396 4670 1471 4735 fau-

189 4781 324 4845 toribus
352 4781 630 4844 coniurationem
657 4793 691 4842 et
724 4780 849 4843 foedus
882 4779 1016 4852 inierit;
1048 4780 1116 4861 Qui
1148 4780 1176 4842 si
1205 4790 1300 4841 esset
1327 4791 1363 4841 ut
1391 4764 1472 4848 eum
