3330 5580
717 449 946 508 *saitem

188 596 264 658 bita
288 616 366 658 esse
391 597 575 676 publicari,
601 607 646 671 et,
671 610 813 662 servato
835 598 959 661 ordine
983 598 1018 660 in
1043 598 1175 660 licteris
1200 598 1334 660 servari
1352 599 1469 675 solite,

190 705 335 783 publico
358 704 433 783 igni
457 705 615 767 comburi
639 706 891 786 procurabitis:
917 706 952 767 in
977 725 1047 787 quo
1071 725 1145 767 rem
1172 704 1326 767 debitam
1352 715 1387 767 et
1411 727 1467 768 no-

190 811 243 871 bis
268 811 303 871 in
330 811 452 892 primis
467 822 606 891 gratam
630 811 781 892 facietis,
806 824 912 893 atque
937 832 982 875 ne
1006 833 1109 874 secus
1133 811 1286 888 faciatis,
1317 833 1387 874 non
1411 813 1470 875 im·

190 918 315 999 periali
350 919 474 998 modo,
507 921 569 981 sed
602 930 638 981 et
671 919 901 982 Archiducali
926 930 1048 982 nostro
1070 920 1147 1000 jure
1172 919 1274 981 vobis
1298 919 1470 1001 praecipi-

190 1046 283 1105 mus,
317 1036 353 1087 et
378 1027 593 1090 mandamus,
647 1027 821 1089 Volumus
846 1027 937 1089 enim
962 1047 1027 1088 vos
1056 1037 1091 1087 et
1122 1046 1245 1089 omnes
1269 1027 1357 1089 alios
1382 1027 1471 1090 seire

189 1153 254 1195 nos
279 1152 346 1213 pro
371 1132 566 1213 imperialis
588 1133 771 1216 dignitatis
796 1133 926 1213 offici0,
951 1144 986 1196 et
1010 1144 1132 1195 nostra
1157 1134 1262 1196 etiam
1286 1145 1413 1197 natura
1436 1135 1471 1197 in

189 1239 312 1320 primis
337 1250 539 1319 curaturOS,
567 1262 637 1303 non
663 1244 775 1304 solum
807 1262 852 1303 ne
883 1251 1006 1303 sancta
1035 1238 1149 1302 Sedes
1173 1242 1401 1322 Apostolica,
1435 1252 1471 1304 et

190 1347 401 1409 universalis
420 1347 590 1428 Ecclesia,
615 1359 776 1430 tempore
796 1349 983 1431 presertim
1001 1359 1132 1426 nostre,
1160 1348 1302 1428 aliquod
1319 1349 1471 1411 schisma

189 1467 249 1515 aut
275 1453 525 1518 detrimentum
550 1455 724 1537 patiatur:
760 1456 823 1518 sed
848 1466 883 1517 et
908 1465 945 1516 ut
969 1455 1004 1517 in
1029 1475 1164 1517 summa
1188 1475 1278 1536 paee
1303 1456 1470 1537 tranquil-

189 1561 300 1639 litate,
326 1570 361 1622 et
385 1561 515 1624 unione
541 1563 660 1644 degat,
684 1561 820 1644 floreat,
847 1574 883 1624 et
898 1572 1128 1644 propagetur,
1146 1583 1281 1625 summa
1306 1582 1375 1643 ope
1401 1562 1469 1624 eni·

189 1686 315 1728 xuros:

279 1773 380 1836 Bene
405 1776 531 1839 valete.
583 1776 713 1838 Datum
739 1776 919 1838 Wormac

814 2168 845 2232 8.

523 2275 589 2354 Leo
618 2275 660 2356 X.
689 2275 833 2355 nuntiis
860 2274 900 2353 in
929 2271 1129 2355 Germania.

401 2442 406 2454 ·
491 2413 597 2480 (Leon.
617 2413 650 2470 X.
668 2413 745 2486 teg.
765 2413 812 2471 ll0.
830 2413 915 2471 nst
934 2411 989 2470 iol.
1009 2412 1047 2470 ⁷4
1064 2413 1186 2485 tergo.)

723 2521 759 2589 (3-
780 2527 842 2590 Jan.
866 2528 949 2586 ¹521l

278 2640 353 2702 Leo
386 2650 453 2702 etc.
479 2639 626 2702 Dilectis
659 2639 739 2702 filiis
764 2640 915 2703 Alberto
945 2640 995 2701 tit.
1022 2638 1135 2702 sancti
1160 2637 1353 2722 Grisogoni
1377 2660 1472 2722 pres·

189 2749 316 2829 bytero
334 2745 515 2809 Cardinali
532 2746 744 2828 Maguntino
769 2757 805 2808 et
819 2746 960 2809 Marino
978 2745 1182 2809 Carraciolo
1208 2767 1249 2809 ac
1264 2746 1474 2811 Hieronimo

192 2855 376 2917 Aleandro
413 2873 552 2915 necnon
583 2853 736 2932 Johanni
768 2853 874 2916 Eecio
911 2854 1066 2915 Notariis
1100 2863 1136 2915 et
1173 2854 1310 2916 nunciis
1345 2855 1473 2917 nostris

191 2960 402 3042 respective,
427 2959 586 3022 Salutem
620 2971 685 3022 etc.
712 2960 923 3040 Apostolice
948 2960 1054 3022 Sedis
1077 2961 1304 3041 providentia
1328 2962 1459 3024 circum

191 3082 313 3150 specta
337 3077 462 3129 contra
486 3087 548 3129 eos
572 3066 640 3148 qui.
656 3067 812 3130 heretice
836 3067 1023 3148 pravitatis
1048 3079 1129 3132 sunt
1154 3070 1236 3130 labe
1260 3069 1415 3150 respersi
1438 3079 1475 3131 et

190 3195 337 3256 quorum
356 3172 513 3255 nequitia
530 3173 641 3254 serpit
665 3184 703 3236 ut
727 3194 865 3247 cancer,
891 3195 935 3236 ne
959 3173 993 3236 in
1019 3175 1168 3236 aliorum
1193 3175 1388 3255 perniciem
1410 3197 1474 3238 sua

192 3301 330 3343 venena
362 3279 562 3342 diffundant
592 3282 655 3342 sed
684 3280 718 3342 in
745 3301 866 3344 eorum
891 3280 1056 3342 versutiis
1081 3291 1115 3344 et
1139 3282 1261 3362 pravis
1286 3283 1473 3345 conatibus

192 3397 462 3468 compescantur
493 3387 646 3449 libenter
669 3387 831 3467 intendit,
868 3398 903 3449 et
937 3397 1043 3468 prout
1079 3388 1251 3468 expedire
1288 3389 1473 3469 cognoscit

193 3495 348 3556 remedia
372 3493 519 3555 adhibet
544 3505 757 3575 opportuna.
793 3493 878 3557 Cum
904 3493 991 3555 alias
1016 3493 1106 3557 false
1130 3493 1212 3556 fidei
1238 3497 1393 3556 cultores
1418 3516 1474 3557 va·

194 3622 269 3663 nam
296 3600 417 3664 mundi
441 3600 592 3682 gloriam
616 3611 808 3682 querentes
833 3603 1022 3664 nonnullos
1047 3621 1186 3664 errores
1210 3601 1387 3664 hereticos
1412 3622 1474 3664 seu

194 3709 421 3770 scandalosos
457 3718 518 3770 aut
551 3707 688 3788 piarum
720 3707 856 3770 aurium
890 3707 1083 3771 offensivos
1114 3709 1149 3770 in
1178 3708 1299 3770 inclita
1331 3709 1475 3771 natione

195 3814 396 3890 germanica
427 3814 676 3894 seminassent,
710 3814 785 3877 Nos
816 3826 921 3896 prout
954 3824 1075 3877 nostro
1106 3815 1278 3894 pastorali
1304 3815 1474 3877 incumbit

196 3920 310 3983 officio
335 3920 458 3984 habita
482 3942 590 4003 super
613 3921 680 3983 hiis
701 3941 779 3983 cum
796 3920 966 3984 fratribus
982 3920 1111 3983 nostris
1127 3932 1162 3982 et
1179 3921 1358 3984 nonnullis
1375 3944 1474 3984 sacre

196 4027 389 4110 l'heologie
407 4040 442 4090 et
458 4028 640 4109 utriusque
657 4028 752 4107 Juris
767 4027 1031 4110 professoribus
1048 4038 1185 4090 matura
1207 4029 1474 4110 deliberatione,

196 4134 271 4196 illos
295 4136 341 4196 de
367 4136 568 4198 eorumdem
593 4135 741 4197 fratrum
767 4134 915 4197 consilio
932 4145 1100 4214 tanquam
1117 4134 1228 4197 salsos
1246 4147 1281 4197 et
1297 4136 1475 4198 hereticos

197 4262 255 4304 seu
288 4243 519 4305 scandalosos
551 4253 612 4304 aut
643 4242 779 4324 piarum
805 4241 940 4303 aurium
966 4240 1159 4303 offensivos
1183 4242 1309 4303 merito
1334 4244 1475 4306 damna·

198 4348 305 4411 vimus
323 4359 359 4411 et
376 4349 655 4431 reprobavimus,
681 4369 722 4411 ac
748 4348 911 4411 omnibus
937 4347 1065 4411 Christi
1088 4347 1254 4411 fidelibus
1278 4352 1343 4411 sub
1369 4350 1475 4412 certis

196 4455 294 4536 penis
328 4466 410 4519 tunc
443 4457 623 4539 expressis
656 4455 901 4518 mandavimus
935 4476 978 4518 ne
1003 4475 1142 4518 errores
1166 4456 1264 4537 ipsos
1287 4457 1475 4538 predicare

196 4582 255 4624 seu
285 4563 479 4626 defendere
510 4574 766 4646 presumerent.
814 4563 858 4624 Et
889 4563 972 4644 quia
1003 4583 1142 4625 errores
1173 4563 1240 4644 ipsi
1266 4584 1328 4625 seu
1354 4584 1475 4625 eorum

195 4670 301 4751 aliqui
325 4670 360 4733 in
386 4671 513 4734 libellis
538 4672 721 4734 cuiusdam
738 4670 882 4733 Martini
900 4669 1045 4732 Lutheri
1070 4669 1352 4752 reperiebantur,
1378 4671 1474 4732 libel-

196 4779 247 4839 los
270 4777 368 4859 ipsos
392 4778 497 4840 etiam
521 4778 766 4841 damnavimus·
790 4799 831 4839 ac
857 4776 989 4840 eisdem
1006 4775 1301 4839 Christifidelibus
1325 4781 1390 4839 sub
1413 4779 1474 4839 eis·
1525 4773 1526 4778 ’

220 4902 300 4953 Belou,
312 4902 455 4942 naumann
464 4903 602 4943 Lutuennn.
1298 4884 1314 4937 2
