3330 5580
717 482 945 538 o4352&

191 632 295 692 homo
320 631 378 692 del
404 631 585 691 marchese
612 629 656 688 de
681 627 827 689 Mantua
852 627 951 689 arivo
977 648 1062 708 qua;
1088 648 1143 689 me
1159 647 1222 689 son
1241 628 1410 692 sforciato
1427 631 1472 693 de

77 725 80 731 ⁶
190 737 375 799 intendere
409 737 526 817 quello
561 734 609 795 lui
642 755 688 796 va
721 735 873 796 iacendo
907 745 941 796 et
973 736 1024 797 sel
1057 745 1112 797 sta
1145 755 1215 816 qua
1239 756 1260 797 a
1284 757 1388 800 nome
1414 740 1472 801 del

191 845 387 921 Marchese,
421 852 455 904 et
479 842 636 903 anchora
661 861 731 903 non
764 843 810 902 ho
837 851 984 922 possuto
1009 841 1196 904 intendere
1220 844 1310 904 altro
1335 863 1374 905 se
1400 864 1469 907 non

190 954 255 1013 che
290 952 311 1012 l'
334 952 379 1011 ha
415 960 556 1012 menato
590 971 611 1011 a
646 957 854 1031 presentare
891 949 977 1010 certi
1014 948 1141 1010 cavalli
1173 970 1195 1011 a
1221 949 1376 1012 Bavaria
1411 952 1471 1013 alli

191 1058 327 1121 Ducchi
352 1058 384 1119 in
412 1078 515 1119 nome
535 1058 594 1119 del
611 1056 706 1119 dicto
722 1056 919 1134 Marchese,
945 1065 980 1118 et
996 1055 1094 1136 dipoi
1111 1056 1129 1118 ὲ
1147 1056 1303 1119 arrivato
1320 1057 1371 1119 sin
1389 1078 1470 1138 qua.

298 1167 330 1228 Α
355 1164 470 1245 questi
494 1164 611 1245 giorni
636 1165 669 1224 la
694 1173 803 1244 gente
828 1163 872 1224 de
888 1162 1002 1224 Mons
1028 1162 1061 1224 d'
1079 1164 1256 1225 Anchona
1273 1184 1338 1246 per
1355 1185 1471 1227 mezzo

191 1276 235 1335 de
261 1272 469 1334 Sedunense
492 1280 527 1332 et
552 1270 587 1331 di
611 1270 736 1352 Legge
762 1272 901 1332 haveva
925 1269 1058 1331 havuto
1082 1271 1116 1331 la
1140 1270 1376 1350 promissione
1404 1275 1470 1334 che

192 1382 211 1441 ’l
236 1381 294 1442 Re
320 1378 369 1460 gli
395 1378 498 1439 darrir
524 1379 557 1440 el
581 1379 700 1458 placet
725 1379 769 1439 de
794 1377 907 1456 Calix,
940 1377 1018 1439 acid
1042 1378 1077 1437 lo
1108 1386 1252 1456 potesse
1282 1378 1472 1440 renunciar

189 1509 209 1549 a
238 1507 301 1549 suo
334 1494 481 1566 nepote,
514 1495 549 1546 et
580 1485 723 1565 quando
754 1485 813 1546 l'e
844 1493 937 1546 stato
969 1504 1033 1564 per
1065 1484 1187 1545 volere
1219 1484 1411 1546 sollicitare
1436 1486 1467 1546 la

191 1593 437 1675 expeditione,
471 1591 493 1652 il
526 1611 614 1672 gran
640 1591 775 1653 Mastro
805 1612 883 1655 cum
909 1590 1079 1654 Chievres
1105 1590 1127 1651 l'
1144 1591 1263 1652 hanno
1287 1591 1470 1672 impedita,

191 1701 344 1762 volendo
378 1699 492 1779 prima
523 1700 588 1761 che
615 1698 635 1759 'l
661 1698 850 1761 Cardinale
874 1708 1051 1781 prometta
1076 1699 1121 1759 de
1146 1699 1329 1779 resignare
1354 1701 1386 1760 el
1413 1720 1470 1760 ve·

189 1817 335 1870 scovato
361 1807 475 1868 Daras
509 1806 543 1868 in
574 1807 709 1887 Artoys
742 1808 776 1867 al
807 1805 905 1886 figlio
937 1806 998 1868 del
1026 1825 1115 1886 gran
1147 1805 1282 1868 Mastro
1317 1806 1469 1868 dicendo

189 1915 249 1995 poi
273 1913 381 1995 fargli
406 1914 492 1975 dare
517 1933 587 1975 una
610 1933 843 1994 recompensa
869 1914 927 1975 dal
951 1934 990 1976 re
1016 1961 1022 1974 .
1049 1962 1056 1976 .
1082 1961 1089 1974 .
1116 1961 1122 1974 .

295 2021 336 2083 El
362 2021 420 2083 Re
453 2021 497 2082 de
522 2019 628 2082 Datia
652 2021 670 2082 ὲ
694 2021 825 2082 andato
854 2021 887 2081 in
923 2022 957 2081 la
990 2019 1173 2101 provincia
1206 2021 1251 2081 de
1276 2022 1310 2081 ia
1335 2020 1455 2083 Svetia

188 2131 269 2210 quai
294 2149 398 2209 prese
424 2149 468 2189 un
494 2148 586 2189 anno
611 2126 648 2189 fa
671 2138 707 2190 et
731 2128 766 2190 in
791 2129 824 2189 la
850 2127 918 2189 cita
944 2128 988 2188 de
1005 2126 1210 2190 Stocholme
1225 2130 1272 2189 ha
1288 2129 1468 2191 convitato

188 2246 380 2299 ottantatre
405 2254 573 2316 persone,
605 2233 660 2295 fra
684 2237 717 2296 le
742 2237 847 2315 quale
880 2253 988 2295 erano
1014 2234 1073 2295 dui
1099 2235 1244 2296 vescovi
1269 2256 1289 2297 a
1313 2255 1359 2297 un
1385 2238 1469 2298 ban-

188 2345 325 2422 chetto,
360 2353 394 2405 et
428 2345 567 2404 haveva
601 2343 671 2402 dua
702 2342 797 2403 milia
821 2341 951 2403 soldati
976 2343 1212 2404 iancechenec
1237 2344 1306 2404 ben
1332 2343 1469 2422 armati,

188 2463 223 2512 et
248 2450 429 2530 magniato
454 2451 520 2510 che
543 2450 662 2509 hebbe
688 2445 723 2513 S.
749 2448 796 2509 M.
822 2449 854 2509 le
879 2447 957 2510 fece
983 2448 1058 2511 fare
1083 2448 1246 2530 pregioni
1272 2449 1353 2511 tutti
1379 2451 1470 2511 etia

188 2567 285 2620 notte
311 2557 334 2618 li
359 2557 436 2618 fece
461 2555 654 2636 decapitat,
680 2566 714 2616 et
739 2554 836 2636 dipoi
861 2558 987 2616 butare
1012 2575 1119 2636 sopra
1144 2576 1188 2617 un
1214 2554 1332 2636 focho,
1357 2566 1392 2618 et
1408 2556 1468 2636 pin

188 2686 233 2726 un
259 2663 437 2745 capitanio
463 2664 544 2743 qual
570 2683 630 2723 era
656 2672 769 2724 morto
795 2663 840 2724 de
865 2661 914 2723 sei
940 2663 1025 2723 mesi
1050 2663 1171 2725 avanti
1196 2665 1262 2726 che
1287 2663 1316 2724 si
1341 2685 1401 2726 era
1418 2686 1468 2726 re·

188 2782 328 2833 trovato
353 2779 476 2831 contra
502 2770 534 2830 el
558 2768 699 2849 prefato
724 2789 762 2830 re
787 2768 929 2848 quando
955 2789 1059 2850 prese
1084 2770 1179 2832 dicta
1203 2770 1401 2851 provincia,
1435 2773 1469 2833 lo

188 2879 266 2940 fece
291 2898 420 2939 cavare
446 2878 490 2939 de
516 2878 549 2939 la
574 2878 756 2957 sepoltura
781 2887 817 2937 et
840 2876 955 2957 gitare
981 2879 1037 2938 nel
1062 2876 1169 2938 focho
1194 2898 1270 2939 cum
1296 2877 1318 2938 li
1344 2879 1434 2939 altri.

297 2986 328 3046 A
364 2984 478 3066 questi
510 2983 627 3065 giorni
656 2983 690 3045 in
717 2981 875 3044 Saxonia
901 3004 945 3044 un
972 2995 1070 3046 certo
1094 2995 1196 3064 prete
1222 2984 1375 3047 dicendo
1401 2987 1469 3046 mal

187 3094 244 3153 del
270 3092 420 3171 leuther,
454 3091 476 3152 li
508 3089 693 3151 adherenti
727 3090 778 3152 soi
812 3092 847 3151 lo
881 3092 1041 3152 andorno
1065 3113 1086 3153 a
1111 3092 1270 3173 lapidare
1303 3113 1402 3153 come
1431 3114 1469 3153 se

187 3200 265 3261 fece
291 3198 424 3260 Sancto
450 3197 635 3278 Stephano
667 3216 744 3258 cum
776 3197 801 3257 li
825 3197 921 3275 saxi,
953 3207 987 3259 et
1012 3198 1070 3278 piu
1097 3200 1257 3261 andorno
1282 3221 1303 3260 a
1327 3200 1361 3261 la
1385 3220 1469 3261 casa

188 3307 232 3369 de
257 3305 311 3383 Jo.
336 3304 458 3383 Echio,
488 3325 544 3366 ma
569 3303 615 3366 lui
641 3302 755 3385 fugite
780 3315 815 3366 et
840 3305 947 3385 quelli
973 3304 1136 3366 servitori
1161 3327 1181 3367 o
1206 3305 1285 3367 altri
1311 3308 1378 3368 che
1403 3319 1469 3368 tro-

188 3433 300 3474 vorno
325 3412 359 3474 in
385 3433 468 3473 casa
492 3412 618 3473 fureno
643 3410 746 3492 gitati
762 3411 842 3474 fora
859 3413 903 3473 de
919 3413 952 3474 le
968 3411 1123 3474 fenestre
1141 3422 1177 3474 et
1193 3433 1263 3475 uno
1280 3435 1324 3477 ne
1340 3434 1467 3476 morse.

188 3520 238 3581 La
269 3520 420 3600 epistola
453 3518 588 3580 inclusa
618 3518 640 3580 l'
657 3520 749 3580 altra
780 3519 912 3581 matina
936 3518 973 3581 fu
998 3530 1205 3601 presentata
1230 3521 1263 3582 al
1287 3520 1346 3583 Re
1370 3531 1406 3582 et
1431 3520 1467 3586 S.

188 3626 324 3688 Maesta
349 3625 484 3704 subite,
509 3645 613 3687 senza
637 3625 795 3688 vederne
818 3627 962 3707 parola,
996 3629 1030 3689 la
1055 3631 1169 3690 strazo
1194 3629 1468 3709 publicamente.

296 3734 416 3795 Sonno
450 3733 494 3794 tri
525 3733 641 3814 giorni
675 3735 741 3796 che
775 3734 948 3813 perlando
979 3734 1093 3797 Mons
1126 3735 1231 3798 Rmo.
1258 3733 1468 3798 Sedunense

188 3862 264 3903 cum
290 3842 378 3902 certi
403 3840 482 3903 altri
507 3840 755 3922 gentilhomini
780 3841 824 3902 de
849 3851 975 3921 questa
999 3842 1146 3903 materia
1171 3843 1228 3904 del
1254 3842 1402 3916 Luther,
1431 3842 1467 3907 S.
1520 3895 1524 3903 .

188 3947 355 4028 §ignoria
381 3949 484 4012 Rma.
511 3947 604 4010 disse
631 3947 794 4009 dubitare
829 3949 1085 4024 grandemente
1119 3951 1202 4028 che,
1236 3950 1367 4031 partito
1402 3952 1468 4012 che

187 4054 284 4116 fusse
317 4055 351 4116 lo
383 4054 620 4135 imperatore,
654 4065 778 4134 queste
810 4054 923 4116 bestie
955 4075 1025 4117 non
1059 4076 1098 4117 se
1122 4056 1339 4119 alienassero
1365 4057 1409 4118 da
1434 4059 1468 4120 la

188 4161 354 4224 devotion
374 4162 539 4223 Romana
564 4171 599 4223 et
623 4162 689 4223 che
713 4161 737 4223 li
753 4161 845 4241 preti
864 4182 933 4223 non
948 4172 1140 4242 patesseno
1157 4175 1193 4227 et
1209 4166 1274 4226 che
1291 4165 1312 4225 l’
1329 4165 1468 4226 haveva

187 4270 326 4349 parlato
358 4289 436 4330 cum
468 4268 566 4330 molti
592 4269 637 4331 de
662 4268 776 4349 questi
802 4268 947 4347 grandi,
982 4279 1016 4331 et
1040 4271 1142 4349 quasi
1166 4271 1247 4332 tutti
1271 4271 1295 4332 li
1319 4280 1469 4333 trovava

188 4375 368 4438 inanimati
402 4385 527 4437 contra
559 4378 593 4437 la
624 4384 722 4437 corte
754 4374 789 4436 di
814 4374 933 4437 Roma
965 4377 1076 4439 solum
1101 4397 1166 4459 per
1190 4380 1223 4439 le
1247 4398 1329 4439 cose
1362 4379 1466 4439 have-

188 4502 280 4544 vano
313 4491 440 4561 saputo
472 4492 507 4544 et
537 4484 686 4560 veduto,
721 4481 906 4563 presertim
933 4483 977 4544 de
1001 4485 1036 4544 io
1061 4484 1294 4547 Arcimboldo
1319 4485 1384 4547 che
1408 4486 1467 4546 ha·

187 4609 279 4650 veva
303 4587 398 4650 facto
423 4588 517 4650 mille
543 4587 760 4668 poltronerie
786 4598 820 4649 et
845 4609 922 4650 cum
948 4590 970 4650 li
997 4589 1078 4653 frati
1104 4592 1148 4652 de
1182 4591 1205 4653 li
1237 4591 1387 4652 ciocholi
1413 4613 1466 4654 ca-

188 4706 269 4757 vato
294 4695 416 4776 quanti
441 4695 556 4757 dinari
581 4715 689 4758 erano
714 4699 772 4774 qui
798 4706 832 4756 et
857 4698 936 4758 dele
957 4697 1140 4779 signature
1158 4700 1223 4760 che
1239 4719 1277 4760 se
1292 4697 1467 4760 faeevano

187 4801 221 4863 in
247 4814 345 4863 corte
371 4801 405 4862 di
432 4802 550 4864 Roma
574 4801 609 4863 in
634 4803 809 4883 derogare
834 4824 855 4864 a
879 4803 1005 4866 indulti
1030 4826 1049 4866 e
1073 4805 1181 4866 molte
1206 4806 1295 4866 altre
1313 4825 1406 4884 cose,
1432 4821 1467 4866 et
