3344 5564
622 446 624 450 ’
707 478 765 531 κ]
804 477 856 532 est
896 477 954 529 ea

192 626 223 687 in
248 626 325 687 suoi
351 624 501 688 sermoni
528 625 596 686 mai
621 624 762 687 nomina
782 624 913 685 Luther
936 624 979 685 nc
1005 624 1107 704 paria
1134 623 1168 683 oi
1187 621 1245 700 lui,
1270 630 1361 682 tutta
1376 622 1474 681 volta

193 731 337 794 intendo
362 733 428 794 che
454 741 547 794 sotto
571 752 651 794 man
678 733 817 794 concita
843 732 951 792 molta
974 729 1124 792 sedition
1154 749 1218 810 per
1243 749 1341 791 esser
1365 727 1414 789 lui
1438 727 1472 788 in

192 849 317 920 questa
350 840 482 920 lengua
514 839 726 920 flammenga
761 838 1015 900 facundissimo
1048 840 1171 908 homo;
1208 836 1243 898 di
1277 846 1373 898 sorte
1409 836 1473 896 che

193 946 372 1008 Antversa
396 946 414 1008 e
439 948 608 1027 alquanto
645 956 843 1020 recascata‚
877 945 1031 1007 maxime
1054 965 1119 1026 per
1144 946 1174 1006 el
1200 943 1304 1005 favor
1328 942 1364 1003 di
1388 962 1473 1003 mer-

195 1051 327 1114 catanti
351 1051 427 1114 Atti
452 1052 617 1114 Alemani
646 1062 681 1114 et
710 1052 826 1113 alcuni
851 1051 1002 1121 marani;
1040 1052 1157 1112 donde
1183 1071 1270 1112 sono
1301 1057 1393 1109 stato
1419 1067 1474 1108 co·

193 1168 318 1221 stretto
344 1174 399 1220 me
422 1158 550 1222 retirar
580 1159 640 1240 qui
665 1159 709 1220 ad
736 1160 943 1237 Caesarem,
978 1178 1043 1238 per
1067 1157 1123 1219 far
1147 1159 1212 1219 che
1237 1157 1266 1218 si
1291 1166 1400 1217 metta
1423 1173 1473 1214 or·

193 1265 284 1344 dine,
309 1286 410 1327 come
434 1264 493 1347 gia
518 1266 546 1327 si
572 1267 590 1329 ὲ
615 1265 841 1337 cominciat0;
872 1265 931 1346 poi
957 1267 1091 1326 andero
1116 1286 1137 1326 a
1162 1267 1260 1326 detta
1285 1264 1474 1324 Antwersu

194 1383 226 1434 et
251 1392 359 1454 spero
383 1374 449 1436 che
474 1374 559 1454 ogni
584 1393 670 1436 cosa
693 1372 829 1435 andare
853 1375 956 1434 bene.
1004 1370 1057 1433 Ne
1086 1394 1124 1433 se
1148 1369 1342 1450 meravegli
1368 1369 1411 1432 V.
1437 1367 1474 1430 S.

194 1479 285 1541 Rma
317 1481 362 1541 de
387 1481 537 1560 qualche
569 1500 682 1562 pocca
713 1481 758 1541 de
782 1479 940 1542 recidiva
973 1479 1007 1540 di
1033 1479 1175 1541 Anvers
1204 1480 1269 1540 che
1300 1497 1369 1537 non
1395 1474 1474 1537 sara

195 1585 329 1658 niente;
354 1586 434 1648 anci
457 1596 550 1648 tutto
575 1588 608 1649 el
626 1587 756 1649 mundo
782 1586 810 1648 si
828 1585 1047 1667 meraveglia
1072 1587 1137 1647 che
1153 1607 1174 1647 a
1192 1595 1291 1645 tanto
1308 1581 1474 1645 incendio

195 1693 236 1754 de
261 1703 353 1755 tutto
378 1693 400 1754 'l
426 1694 557 1756 mundo
582 1691 654 1755 cosi
679 1702 801 1774 presto
826 1691 868 1754 sii
893 1703 984 1754 stata
1008 1692 1099 1754 satta
1124 1701 1222 1753 tanta
1246 1690 1475 1768 extinctione,

195 1801 227 1862 la
258 1802 341 1881 qual
375 1799 455 1862 sera
488 1802 696 1862 totalmente
730 1799 910 1881 perfecta,
948 1801 1089 1879 quando
1115 1798 1223 1860 Cesar
1258 1796 1346 1859 hara
1378 1795 1473 1858 facto

196 1905 365 1988 bruggiar
388 1926 459 1969 una
482 1927 600 1969 mezza
626 1907 778 1968 dozzena
802 1905 838 1968 di
854 1906 1048 1968 Lutherani
1073 1916 1108 1967 et
1132 1905 1155 1966 li
1177 1905 1261 1969 beni
1283 1903 1473 1966 confiscati.

199 2013 240 2076 Al
263 2015 330 2076 che
353 2034 392 2076 se
416 2034 486 2076 non
512 2035 550 2076 se
576 2032 786 2094 corregono,
811 2025 909 2076 certo
935 2012 1140 2075 siorzeromi
1163 2012 1331 2093 impetrat
1355 2012 1475 2072 chose

199 2121 351 2200 proceda
384 2134 449 2182 co'n
485 2121 520 2182 lo
544 2121 666 2183 adiuto
699 2121 733 2182 dl
760 2120 828 2182 Dio
862 2131 897 2184 et
921 2124 1016 2183 buon
1041 2122 1142 2183 voler
1173 2119 1208 2181 di
1242 2128 1367 2199 questo
1391 2139 1475 2180 vere

201 2226 484 2289 christianissimo
508 2226 689 2309 principe,
721 2228 754 2289 al
779 2230 883 2308 quale
906 2229 953 2289 ho
977 2227 1067 2290 fatto
1092 2229 1125 2289 le
1149 2223 1476 2288 raccomandationi

202 2334 232 2395 di
248 2335 289 2400 V.
309 2333 345 2399 S.
361 2335 457 2397 Rma
481 2336 546 2398 che
570 2355 635 2416 per
659 2356 721 2398 sue
746 2336 874 2398 lettere
899 2356 953 2397 me
977 2334 1196 2396 commanda.
1238 2333 1345 2394 Cuius
1360 2352 1473 2393 sacra·
1523 2407 1526 2412 ¹
1599 2352 1602 2358 ·

203 2441 347 2505 tissimas
371 2462 495 2504 manus
519 2441 711 2507 humillime
734 2444 884 2506 osculor.
932 2440 1111 2503 Bruxellis
1128 2440 1161 2501 11
1177 2439 1276 2521 Sept.
1291 2437 1474 2501 MDXXI.

801 2907 873 2969 121.

247 3020 454 3101 Willelmus
480 3021 595 3122 Epist.
624 3022 844 3123 Argentinus
872 3023 1006 3102 Erardo
1035 3022 1195 3124 episcopo
1223 3021 1415 3102 leodiensi.

645 3171 728 3237 (Aeto
746 3169 880 3228 Wurmao.
898 3169 944 3228 lul
962 3171 1029 3238 184.)

686 3289 722 3354 (5.
742 3291 875 3353 Septemb.
900 3289 986 3358 1521.)

286 3413 380 3476 ReV.
406 3413 439 3475 in
466 3413 607 3476 Christo
631 3413 723 3495 patri
749 3413 892 3476 domino
917 3415 1053 3477 Erardo
1080 3415 1258 3497 Episcopo
1289 3412 1477 3476 Leodiensi

205 3519 277 3581 duci
301 3519 337 3583 in
362 3520 490 3582 Bulion
515 3530 551 3582 et
574 3521 692 3584 comiti
718 3522 762 3582 de
786 3521 976 3603 Arnburg,
1010 3523 1152 3584 domino
1186 3534 1220 3584 et
1251 3522 1365 3584 amico
1398 3542 1476 3583 meo

204 3626 413 3689 charissimo
462 3627 521 3690 Ad
546 3648 669 3690 manus
693 3628 867 3710 proprias

285 3734 501 3796 Reverende
527 3735 562 3797 in
587 3734 728 3798 Christo
753 3745 856 3817 pater
882 3735 1022 3798 domine
1046 3747 1082 3798 et
1107 3737 1217 3799 amice
1242 3735 1413 3819 precipue
1439 3744 1474 3796 et

202 3838 398 3921 singularis.

287 3946 459 4009 Hortatur
488 3967 543 4011 me
575 3948 745 4011 mirabilis
774 3949 996 4012 familiaritas
1028 3971 1097 4031 qua
1132 3952 1328 4032 paternitas
1359 3960 1477 4013 vestra

201 4053 281 4116 mihi
306 4053 478 4135 preterito
503 4054 675 4136 imperiali
700 4067 877 4119 conventu
902 4055 1107 4119 Wormacie
1140 4058 1387 4119 humanissime
1419 4058 1477 4118 ad·

199 4161 340 4222 modurn
364 4171 577 4223 conversata
603 4172 673 4241 est,
704 4172 823 4224 vestre
846 4164 1056 4226 humanitati
1080 4163 1178 4226 hisce
1207 4155 1347 4245 seriptis
1373 4165 1475 4226 docu-

199 4278 352 4330 mentum
376 4278 540 4348 prestare
566 4289 687 4331 eorum
712 4289 828 4331 rerum
854 4290 909 4331 me
936 4269 1075 4333 minime
1100 4271 1247 4333 oblitum
1273 4273 1335 4333 sed
1360 4271 1477 4352 potius

196 4393 243 4438 ex
267 4394 310 4437 eo
337 4375 383 4437 ad
407 4373 585 4437 interioris
610 4374 763 4438 cuiusvis
779 4374 931 4439 amicitie
949 4375 1067 4439 officia
1082 4379 1211 4440 nedum
1235 4379 1477 4458 provocadum

197 4490 314 4544 utrum
340 4479 454 4543 indies
477 4480 727 4563 procliviorem
750 4483 923 4564 vobisque
949 4484 993 4544 ad
1019 4494 1137 4545 vestra
1153 4494 1235 4545 vota
1261 4482 1336 4544 lieri
1361 4484 1476 4546 addic-

196 4586 337 4669 tiorem,
367 4607 500 4650 summe
525 4587 761 4651 desiderando
786 4609 902 4651 rerum
925 4600 1121 4652 vestrarum
1147 4610 1346 4653 successum
1373 4611 1476 4670 quem

196 4692 299 4756 vobis
331 4712 542 4775 prosperum
567 4703 717 4775 exopt0,
747 4694 901 4758 vicissim
934 4697 1102 4760 ediscere.
1151 4697 1339 4760 Emanavit
1368 4699 1476 4778 paulo

195 4809 278 4864 ante
302 4800 444 4863 libellus
468 4799 604 4863 incerto
629 4810 752 4864 autore
777 4801 812 4864 in
836 4804 950 4866 lucem
983 4804 1098 4866 editus
1123 4824 1226 4885 quem
1251 4804 1477 4886 presentibus
