<?xml version="1.0" encoding="UTF-8"?>
<!DOCTYPE html PUBLIC "-//W3C//DTD XHTML 1.0 Transitional//EN"
    "http://www.w3.org/TR/xhtml1/DTD/xhtml1-transitional.dtd">
<html xmlns="http://www.w3.org/1999/xhtml" xml:lang="en" lang="en">
 <head>
  <title>
</title>
<meta http-equiv="Content-Type" content="text/html;charset=utf-8" />
  <meta name='ocr-system' content='tesseract 3.04.00' />
  <meta name='ocr-capabilities' content='ocr_page ocr_carea ocr_par ocr_line ocrx_word'/>
</head>
<body>
  <div class='ocr_page' id='page_1' title='image "./monumentareform00vatigoog_0075.png"; bbox 0 0 3330 5580; ppageno 0'>
   <div class='ocr_carea' id='block_1_1' title="bbox 719 477 948 531">
    <p class='ocr_par' dir='ltr' id='par_1_1' title="bbox 719 477 948 531">
     <span class='ocr_line' id='line_1_1' title="bbox 719 477 948 531; baseline -0.004 0"><span class='ocrx_word' id='word_1_1' title='bbox 719 477 948 531; x_wconf 57' lang='lat' dir='ltr'><strong>0-‘3?›4t}&lt;&gt;</strong></span> 
     </span>
    </p>
   </div>
   <div class='ocr_carea' id='block_1_2' title="bbox 188 621 1480 3483">
    <p class='ocr_par' dir='ltr' id='par_1_2' title="bbox 188 621 1473 813">
     <span class='ocr_line' id='line_1_2' title="bbox 188 621 1473 704; baseline -0.002 -18"><span class='ocrx_word' id='word_1_2' title='bbox 188 625 217 687; x_wconf 91' lang='lat' dir='ltr'><strong>si</strong></span> <span class='ocrx_word' id='word_1_3' title='bbox 252 634 361 686; x_wconf 87' lang='lat' dir='ltr'><strong>tratta</strong></span> <span class='ocrx_word' id='word_1_4' title='bbox 395 621 453 703; x_wconf 90' lang='lat' dir='ltr'><strong>qui</strong></span> <span class='ocrx_word' id='word_1_5' title='bbox 486 633 521 684; x_wconf 91' lang='lat' dir='ltr'><strong>et</strong></span> <span class='ocrx_word' id='word_1_6' title='bbox 552 643 617 703; x_wconf 91' lang='lat' dir='ltr'><strong>per</strong></span> <span class='ocrx_word' id='word_1_7' title='bbox 650 624 823 685; x_wconf 88' lang='lat' dir='ltr'><strong>observar</strong></span> <span class='ocrx_word' id='word_1_8' title='bbox 856 624 921 685; x_wconf 91' lang='lat' dir='ltr'><strong>che</strong></span> <span class='ocrx_word' id='word_1_9' title='bbox 956 622 1014 684; x_wconf 88' lang='lat' dir='ltr'><strong>via</strong></span> <span class='ocrx_word' id='word_1_10' title='bbox 1046 621 1081 684; x_wconf 92' lang='lat' dir='ltr'><strong>io</strong></span> <span class='ocrx_word' id='word_1_11' title='bbox 1114 621 1193 685; x_wconf 76' lang='lat' dir='ltr'><strong>faro</strong></span> <span class='ocrx_word' id='word_1_12' title='bbox 1227 624 1261 684; x_wconf 92' lang='lat' dir='ltr'><strong>al</strong></span> <span class='ocrx_word' id='word_1_13' title='bbox 1294 622 1409 704; x_wconf 86' lang='lat' dir='ltr'><strong>partir</strong></span> <span class='ocrx_word' id='word_1_14' title='bbox 1440 622 1473 684; x_wconf 92' lang='lat' dir='ltr'><strong>di</strong></span> 
     </span>
     <span class='ocr_line' id='line_1_3' title="bbox 188 730 446 813; baseline -0.004 -21"><span class='ocrx_word' id='word_1_15' title='bbox 188 740 315 813; x_wconf 85' lang='lat' dir='ltr'><strong>questa</strong></span> <span class='ocrx_word' id='word_1_16' title='bbox 340 730 446 792; x_wconf 87' lang='lat' dir='ltr'><strong>dieta.</strong></span> 
     </span>
    </p>

    <p class='ocr_par' dir='ltr' id='par_1_3' title="bbox 188 835 1474 1344">
     <span class='ocr_line' id='line_1_4' title="bbox 278 835 1474 917; baseline -0.002 -18"><span class='ocrx_word' id='word_1_17' title='bbox 278 835 376 900; x_wconf 84' lang='lat' dir='ltr'>Gran</span> <span class='ocrx_word' id='word_1_18' title='bbox 407 846 566 917; x_wconf 85' lang='lat' dir='ltr'><strong>respetto</strong></span> <span class='ocrx_word' id='word_1_19' title='bbox 598 837 716 898; x_wconf 86' lang='lat' dir='ltr'><strong>hanno</strong></span> <span class='ocrx_word' id='word_1_20' title='bbox 749 836 785 898; x_wconf 96' lang='lat' dir='ltr'><strong>di</strong></span> <span class='ocrx_word' id='word_1_21' title='bbox 809 836 985 916; x_wconf 88' lang='lat' dir='ltr'><strong>proceder</strong></span> <span class='ocrx_word' id='word_1_22' title='bbox 1009 838 1079 898; x_wconf 89' lang='lat' dir='ltr'><strong>alla</strong></span> <span class='ocrx_word' id='word_1_23' title='bbox 1103 838 1252 917; x_wconf 75' lang='lat' dir='ltr'><strong>captura</strong></span> <span class='ocrx_word' id='word_1_24' title='bbox 1276 836 1312 897; x_wconf 91' lang='lat' dir='ltr'><strong>di</strong></span> <span class='ocrx_word' id='word_1_25' title='bbox 1338 856 1385 898; x_wconf 92' lang='lat' dir='ltr'><strong>un</strong></span> <span class='ocrx_word' id='word_1_26' title='bbox 1410 855 1474 898; x_wconf 90' lang='lat' dir='ltr'><strong>suo</strong></span> 
     </span>
     <span class='ocr_line' id='line_1_5' title="bbox 189 941 1473 1025; baseline -0.002 -19"><span class='ocrx_word' id='word_1_27' title='bbox 189 943 308 1006; x_wconf 85' lang='lat' dir='ltr'>nobile</span> <span class='ocrx_word' id='word_1_28' title='bbox 333 941 447 1024; x_wconf 85' lang='lat' dir='ltr'>questi</span> <span class='ocrx_word' id='word_1_29' title='bbox 472 943 666 1021; x_wconf 87' lang='lat' dir='ltr'><strong>Todeschi‚</strong></span> <span class='ocrx_word' id='word_1_30' title='bbox 700 954 889 1025; x_wconf 87' lang='lat' dir='ltr'><strong>praeterea</strong></span> <span class='ocrx_word' id='word_1_31' title='bbox 912 943 960 1006; x_wconf 93' lang='lat' dir='ltr'><strong>lui</strong></span> <span class='ocrx_word' id='word_1_32' title='bbox 985 954 1039 1005; x_wconf 91' lang='lat' dir='ltr'><strong>sta</strong></span> <span class='ocrx_word' id='word_1_33' title='bbox 1064 945 1173 1007; x_wconf 90' lang='lat' dir='ltr'><strong>molto</strong></span> <span class='ocrx_word' id='word_1_34' title='bbox 1198 945 1252 1005; x_wconf 89' lang='lat' dir='ltr'><strong>sul</strong></span> <span class='ocrx_word' id='word_1_35' title='bbox 1281 942 1393 1021; x_wconf 87' lang='lat' dir='ltr'><strong>forte,</strong></span> <span class='ocrx_word' id='word_1_36' title='bbox 1428 944 1473 1005; x_wconf 89' lang='lat' dir='ltr'><strong>ad</strong></span> 
     </span>
     <span class='ocr_line' id='line_1_6' title="bbox 188 1049 1473 1131; baseline -0.001 -19"><span class='ocrx_word' id='word_1_37' title='bbox 188 1052 237 1113; x_wconf 88' lang='lat' dir='ltr'><strong>tal</strong></span> <span class='ocrx_word' id='word_1_38' title='bbox 271 1052 337 1112; x_wconf 90' lang='lat' dir='ltr'><strong>che</strong></span> <span class='ocrx_word' id='word_1_39' title='bbox 371 1070 441 1112; x_wconf 90' lang='lat' dir='ltr'><strong>non</strong></span> <span class='ocrx_word' id='word_1_40' title='bbox 473 1060 616 1131; x_wconf 89' lang='lat' dir='ltr'><strong>potemo</strong></span> <span class='ocrx_word' id='word_1_41' title='bbox 650 1071 759 1113; x_wconf 90' lang='lat' dir='ltr'><strong>ancor</strong></span> <span class='ocrx_word' id='word_1_42' title='bbox 791 1050 846 1112; x_wconf 85' lang='lat' dir='ltr'><strong>sar</strong></span> <span class='ocrx_word' id='word_1_43' title='bbox 879 1050 1008 1113; x_wconf 90' lang='lat' dir='ltr'><strong>niente.</strong></span> <span class='ocrx_word' id='word_1_44' title='bbox 1058 1050 1189 1113; x_wconf 89' lang='lat' dir='ltr'><strong>Caesar</strong></span> <span class='ocrx_word' id='word_1_45' title='bbox 1222 1049 1364 1112; x_wconf 91' lang='lat' dir='ltr'><strong>omnino</strong></span> <span class='ocrx_word' id='word_1_46' title='bbox 1389 1050 1473 1112; x_wconf 88' lang='lat' dir='ltr'><strong>l&#39;ha</strong></span> 
     </span>
     <span class='ocr_line' id='line_1_7' title="bbox 188 1156 1471 1239; baseline -0.001 -20"><span class='ocrx_word' id='word_1_47' title='bbox 188 1158 297 1220; x_wconf 90' lang='lat' dir='ltr'><strong>molto</strong></span> <span class='ocrx_word' id='word_1_48' title='bbox 322 1160 380 1219; x_wconf 91' lang='lat' dir='ltr'><strong>nel</strong></span> <span class='ocrx_word' id='word_1_49' title='bbox 406 1177 506 1226; x_wconf 89' lang='lat' dir='ltr'><strong>naso;</strong></span> <span class='ocrx_word' id='word_1_50' title='bbox 531 1157 567 1219; x_wconf 90' lang='lat' dir='ltr'><strong>in</strong></span> <span class='ocrx_word' id='word_1_51' title='bbox 592 1172 717 1239; x_wconf 87' lang='lat' dir='ltr'><strong>questa</strong></span> <span class='ocrx_word' id='word_1_52' title='bbox 742 1157 839 1219; x_wconf 87' lang='lat' dir='ltr'><strong>dieta</strong></span> <span class='ocrx_word' id='word_1_53' title='bbox 862 1157 1004 1220; x_wconf 90' lang='lat' dir='ltr'><strong>vedrasi</strong></span> <span class='ocrx_word' id='word_1_54' title='bbox 1030 1157 1063 1219; x_wconf 91' lang='lat' dir='ltr'><strong>in</strong></span> <span class='ocrx_word' id='word_1_55' title='bbox 1089 1157 1175 1239; x_wconf 88' lang='lat' dir='ltr'><strong>ogni</strong></span> <span class='ocrx_word' id='word_1_56' title='bbox 1199 1177 1285 1220; x_wconf 84' lang='lat' dir='ltr'><strong>cosa</strong></span> <span class='ocrx_word' id='word_1_57' title='bbox 1308 1156 1363 1219; x_wconf 83' lang='lat' dir='ltr'><strong>far</strong></span> <span class='ocrx_word' id='word_1_58' title='bbox 1387 1157 1409 1217; x_wconf 90' lang='lat' dir='ltr'><strong>l&#39;</strong></span> <span class='ocrx_word' id='word_1_59' title='bbox 1424 1160 1471 1218; x_wconf 90' lang='lat' dir='ltr'><strong>ul·</strong></span> 
     </span>
     <span class='ocr_line' id='line_1_8' title="bbox 188 1263 892 1344; baseline 0.003 -19"><span class='ocrx_word' id='word_1_60' title='bbox 188 1264 274 1326; x_wconf 91' lang='lat' dir='ltr'><strong>timo</strong></span> <span class='ocrx_word' id='word_1_61' title='bbox 298 1265 343 1325; x_wconf 92' lang='lat' dir='ltr'><strong>de</strong></span> <span class='ocrx_word' id='word_1_62' title='bbox 367 1263 529 1344; x_wconf 88' lang='lat' dir='ltr'><strong>potentia</strong></span> <span class='ocrx_word' id='word_1_63' title='bbox 554 1275 590 1325; x_wconf 89' lang='lat' dir='ltr'><strong>et</strong></span> <span class='ocrx_word' id='word_1_64' title='bbox 614 1264 731 1326; x_wconf 87' lang='lat' dir='ltr'><strong>darasi</strong></span> <span class='ocrx_word' id='word_1_65' title='bbox 757 1263 892 1327; x_wconf 89' lang='lat' dir='ltr'><strong>adviso.</strong></span> 
     </span>
    </p>

    <p class='ocr_par' dir='ltr' id='par_1_4' title="bbox 188 1369 1473 2182">
     <span class='ocr_line' id='line_1_9' title="bbox 277 1369 1472 1455; baseline 0 -23"><span class='ocrx_word' id='word_1_66' title='bbox 277 1370 355 1432; x_wconf 85' lang='lat' dir='ltr'><strong>Non</strong></span> <span class='ocrx_word' id='word_1_67' title='bbox 382 1391 555 1432; x_wconf 87' lang='lat' dir='ltr'><strong>mancano</strong></span> <span class='ocrx_word' id='word_1_68' title='bbox 579 1370 709 1433; x_wconf 88' lang='lat' dir='ltr'><strong>ribaldi</strong></span> <span class='ocrx_word' id='word_1_69' title='bbox 734 1381 768 1433; x_wconf 87' lang='lat' dir='ltr'><strong>et</strong></span> <span class='ocrx_word' id='word_1_70' title='bbox 793 1370 836 1455; x_wconf 81' lang='lat' dir='ltr'><strong>(si</strong></span> <span class='ocrx_word' id='word_1_71' title='bbox 861 1371 939 1432; x_wconf 87' lang='lat' dir='ltr'><strong>Deo</strong></span> <span class='ocrx_word' id='word_1_72' title='bbox 964 1372 1094 1451; x_wconf 88' lang='lat' dir='ltr'><strong>placet)</strong></span> <span class='ocrx_word' id='word_1_73' title='bbox 1117 1369 1247 1433; x_wconf 89' lang='lat' dir='ltr'><strong>inimici</strong></span> <span class='ocrx_word' id='word_1_74' title='bbox 1272 1369 1383 1432; x_wconf 85' lang='lat' dir='ltr'><strong>nostri</strong></span> <span class='ocrx_word' id='word_1_75' title='bbox 1415 1391 1472 1432; x_wconf 90' lang='lat' dir='ltr'><strong>an-</strong></span> 
     </span>
     <span class='ocr_line' id='line_1_10' title="bbox 189 1476 1473 1559; baseline -0.001 -21"><span class='ocrx_word' id='word_1_76' title='bbox 189 1477 309 1539; x_wconf 89' lang='lat' dir='ltr'><strong>corin</strong></span> <span class='ocrx_word' id='word_1_77' title='bbox 334 1488 432 1539; x_wconf 88' lang='lat' dir='ltr'><strong>corte</strong></span> <span class='ocrx_word' id='word_1_78' title='bbox 458 1477 493 1538; x_wconf 92' lang='lat' dir='ltr'><strong>di</strong></span> <span class='ocrx_word' id='word_1_79' title='bbox 519 1477 653 1557; x_wconf 86' lang='lat' dir='ltr'><strong>Roma,</strong></span> <span class='ocrx_word' id='word_1_80' title='bbox 686 1476 709 1539; x_wconf 92' lang='lat' dir='ltr'><strong>li</strong></span> <span class='ocrx_word' id='word_1_81' title='bbox 734 1477 829 1558; x_wconf 85' lang='lat' dir='ltr'><strong>quali</strong></span> <span class='ocrx_word' id='word_1_82' title='bbox 860 1477 944 1559; x_wconf 87' lang='lat' dir='ltr'><strong>ogni</strong></span> <span class='ocrx_word' id='word_1_83' title='bbox 970 1498 1054 1540; x_wconf 87' lang='lat' dir='ltr'><strong>cosa</strong></span> <span class='ocrx_word' id='word_1_84' title='bbox 1078 1498 1148 1559; x_wconf 87' lang='lat' dir='ltr'><strong>qua</strong></span> <span class='ocrx_word' id='word_1_85' title='bbox 1172 1476 1351 1555; x_wconf 86' lang='lat' dir='ltr'><strong>scriven0,</strong></span> <span class='ocrx_word' id='word_1_86' title='bbox 1379 1485 1415 1537; x_wconf 85' lang='lat' dir='ltr'><strong>et</strong></span> <span class='ocrx_word' id='word_1_87' title='bbox 1439 1478 1473 1538; x_wconf 94' lang='lat' dir='ltr'><strong>la</strong></span> 
     </span>
     <span class='ocr_line' id='line_1_11' title="bbox 189 1583 1472 1666; baseline -0.002 -20"><span class='ocrx_word' id='word_1_88' title='bbox 189 1585 292 1646; x_wconf 87' lang='lat' dir='ltr'><strong>Bulla</strong></span> <span class='ocrx_word' id='word_1_89' title='bbox 314 1583 352 1646; x_wconf 84' lang='lat' dir='ltr'><strong>fu</strong></span> <span class='ocrx_word' id='word_1_90' title='bbox 377 1584 491 1665; x_wconf 84' lang='lat' dir='ltr'><strong>prima</strong></span> <span class='ocrx_word' id='word_1_91' title='bbox 515 1584 688 1666; x_wconf 91' lang='lat' dir='ltr'><strong>impressa</strong></span> <span class='ocrx_word' id='word_1_92' title='bbox 711 1584 745 1646; x_wconf 91' lang='lat' dir='ltr'><strong>in</strong></span> <span class='ocrx_word' id='word_1_93' title='bbox 771 1583 964 1647; x_wconf 79' lang='lat' dir='ltr'>Germania</span> <span class='ocrx_word' id='word_1_94' title='bbox 988 1586 1054 1646; x_wconf 89' lang='lat' dir='ltr'><strong>che</strong></span> <span class='ocrx_word' id='word_1_95' title='bbox 1079 1583 1261 1664; x_wconf 89' lang='lat' dir='ltr'><strong>publicata</strong></span> <span class='ocrx_word' id='word_1_96' title='bbox 1283 1583 1319 1644; x_wconf 93' lang='lat' dir='ltr'><strong>in</strong></span> <span class='ocrx_word' id='word_1_97' title='bbox 1343 1583 1472 1662; x_wconf 83' lang='lat' dir='ltr'><strong>Roma,</strong></span> 
     </span>
     <span class='ocr_line' id='line_1_12' title="bbox 188 1689 1472 1772; baseline -0.001 -19"><span class='ocrx_word' id='word_1_98' title='bbox 188 1691 258 1754; x_wconf 93' lang='lat' dir='ltr'><strong>imo</strong></span> <span class='ocrx_word' id='word_1_99' title='bbox 289 1692 334 1753; x_wconf 77' lang='lat' dir='ltr'><strong>ne</strong></span> <span class='ocrx_word' id='word_1_100' title='bbox 365 1689 453 1754; x_wconf 86' lang='lat' dir='ltr'><strong>costi</strong></span> <span class='ocrx_word' id='word_1_101' title='bbox 487 1690 532 1753; x_wconf 75' lang='lat' dir='ltr'><strong>ne</strong></span> <span class='ocrx_word' id='word_1_102' title='bbox 564 1689 623 1772; x_wconf 92' lang='lat' dir='ltr'><strong>qui</strong></span> <span class='ocrx_word' id='word_1_103' title='bbox 654 1690 683 1753; x_wconf 89' lang='lat' dir='ltr'><strong>si</strong></span> <span class='ocrx_word' id='word_1_104' title='bbox 715 1693 799 1772; x_wconf 93' lang='lat' dir='ltr'><strong>puol</strong></span> <span class='ocrx_word' id='word_1_105' title='bbox 823 1691 878 1753; x_wconf 84' lang='lat' dir='ltr'><strong>sar</strong></span> <span class='ocrx_word' id='word_1_106' title='bbox 902 1711 923 1753; x_wconf 96' lang='lat'>0</span> <span class='ocrx_word' id='word_1_107' title='bbox 947 1691 1001 1753; x_wconf 92' lang='lat' dir='ltr'><strong>dir</strong></span> <span class='ocrx_word' id='word_1_108' title='bbox 1025 1711 1046 1752; x_wconf 90' lang='lat' dir='ltr'><strong>o</strong></span> <span class='ocrx_word' id='word_1_109' title='bbox 1071 1691 1206 1753; x_wconf 86' lang='lat' dir='ltr'><strong>scriver</strong></span> <span class='ocrx_word' id='word_1_110' title='bbox 1238 1710 1321 1751; x_wconf 85' lang='lat' dir='ltr'><strong>cosa</strong></span> <span class='ocrx_word' id='word_1_111' title='bbox 1345 1692 1472 1752; x_wconf 84' lang='lat' dir='ltr'><strong>alcuna</strong></span> 
     </span>
     <span class='ocr_line' id='line_1_13' title="bbox 189 1796 1472 1880; baseline -0.002 -20"><span class='ocrx_word' id='word_1_112' title='bbox 189 1800 254 1860; x_wconf 89' lang='lat' dir='ltr'><strong>che</strong></span> <span class='ocrx_word' id='word_1_113' title='bbox 280 1819 350 1861; x_wconf 92' lang='lat' dir='ltr'><strong>non</strong></span> <span class='ocrx_word' id='word_1_114' title='bbox 375 1798 403 1860; x_wconf 91' lang='lat' dir='ltr'><strong>si</strong></span> <span class='ocrx_word' id='word_1_115' title='bbox 429 1797 519 1880; x_wconf 87' lang='lat' dir='ltr'><strong>sapii</strong></span> <span class='ocrx_word' id='word_1_116' title='bbox 542 1797 603 1880; x_wconf 83' lang='lat' dir='ltr'><strong>piir</strong></span> <span class='ocrx_word' id='word_1_117' title='bbox 628 1798 775 1879; x_wconf 86' lang='lat' dir='ltr'><strong>pervia</strong></span> <span class='ocrx_word' id='word_1_118' title='bbox 800 1799 844 1860; x_wconf 91' lang='lat' dir='ltr'><strong>de</strong></span> <span class='ocrx_word' id='word_1_119' title='bbox 862 1799 981 1860; x_wconf 87' lang='lat' dir='ltr'><strong>Roma</strong></span> <span class='ocrx_word' id='word_1_120' title='bbox 1005 1800 1071 1860; x_wconf 88' lang='lat' dir='ltr'><strong>che</strong></span> <span class='ocrx_word' id='word_1_121' title='bbox 1096 1798 1141 1860; x_wconf 88' lang='lat' dir='ltr'><strong>de</strong></span> <span class='ocrx_word' id='word_1_122' title='bbox 1166 1796 1282 1878; x_wconf 84' lang='lat' dir='ltr'>questi</span> <span class='ocrx_word' id='word_1_123' title='bbox 1301 1797 1412 1877; x_wconf 86' lang='lat' dir='ltr'><strong>paesi,</strong></span> <span class='ocrx_word' id='word_1_124' title='bbox 1437 1809 1472 1859; x_wconf 86' lang='lat' dir='ltr'><strong>et</strong></span> 
     </span>
     <span class='ocr_line' id='line_1_14' title="bbox 188 1904 1471 1989; baseline -0.002 -23"><span class='ocrx_word' id='word_1_125' title='bbox 188 1915 322 1987; x_wconf 85' lang='lat' dir='ltr'><strong>quanto</strong></span> <span class='ocrx_word' id='word_1_126' title='bbox 346 1904 375 1967; x_wconf 89' lang='lat' dir='ltr'><strong>si</strong></span> <span class='ocrx_word' id='word_1_127' title='bbox 399 1906 484 1986; x_wconf 92' lang='lat' dir='ltr'><strong>puol</strong></span> <span class='ocrx_word' id='word_1_128' title='bbox 509 1907 791 1987; x_wconf 86' lang='lat' dir='ltr'><strong>comprehender</strong></span> <span class='ocrx_word' id='word_1_129' title='bbox 816 1905 923 1989; x_wconf 93' lang='lat' dir='ltr'><strong>quelli</strong></span> <span class='ocrx_word' id='word_1_130' title='bbox 948 1906 1014 1967; x_wconf 90' lang='lat' dir='ltr'><strong>che</strong></span> <span class='ocrx_word' id='word_1_131' title='bbox 1039 1905 1211 1967; x_wconf 82' lang='lat' dir='ltr'><strong>advisano</strong></span> <span class='ocrx_word' id='word_1_132' title='bbox 1241 1914 1410 1985; x_wconf 89' lang='lat' dir='ltr'><strong>questoro</strong></span> <span class='ocrx_word' id='word_1_133' title='bbox 1437 1904 1471 1965; x_wconf 93' lang='lat' dir='ltr'><strong>di</strong></span> 
     </span>
     <span class='ocr_line' id='line_1_15' title="bbox 188 2011 1471 2092; baseline -0.001 -18"><span class='ocrx_word' id='word_1_134' title='bbox 188 2013 259 2074; x_wconf 89' lang='lat' dir='ltr'><strong>tale</strong></span> <span class='ocrx_word' id='word_1_135' title='bbox 291 2031 407 2074; x_wconf 90' lang='lat' dir='ltr'><strong>nuove</strong></span> <span class='ocrx_word' id='word_1_136' title='bbox 440 2031 528 2074; x_wconf 90' lang='lat' dir='ltr'><strong>sono</strong></span> <span class='ocrx_word' id='word_1_137' title='bbox 561 2012 718 2075; x_wconf 90' lang='lat' dir='ltr'><strong>huomini</strong></span> <span class='ocrx_word' id='word_1_138' title='bbox 751 2011 894 2074; x_wconf 86' lang='lat' dir='ltr'><strong>officiali</strong></span> <span class='ocrx_word' id='word_1_139' title='bbox 926 2011 961 2074; x_wconf 92' lang='lat' dir='ltr'><strong>in</strong></span> <span class='ocrx_word' id='word_1_140' title='bbox 986 2012 1122 2092; x_wconf 83' lang='lat' dir='ltr'><strong>Roma,</strong></span> <span class='ocrx_word' id='word_1_141' title='bbox 1157 2021 1216 2074; x_wconf 86' lang='lat' dir='ltr'><strong>aut</strong></span> <span class='ocrx_word' id='word_1_142' title='bbox 1244 2012 1369 2073; x_wconf 87' lang='lat' dir='ltr'><strong>saltem</strong></span> <span class='ocrx_word' id='word_1_143' title='bbox 1394 2013 1471 2073; x_wconf 90' lang='lat' dir='ltr'><strong>loro</strong></span> 
     </span>
     <span class='ocr_line' id='line_1_16' title="bbox 188 2118 1116 2182; baseline 0.001 -2"><span class='ocrx_word' id='word_1_144' title='bbox 188 2118 364 2181; x_wconf 87' lang='lat' dir='ltr'><strong>servitori.</strong></span> <span class='ocrx_word' id='word_1_145' title='bbox 413 2119 446 2180; x_wconf 87' lang='lat' dir='ltr'><strong>A</strong></span> <span class='ocrx_word' id='word_1_146' title='bbox 471 2121 537 2182; x_wconf 89' lang='lat' dir='ltr'><strong>che</strong></span> <span class='ocrx_word' id='word_1_147' title='bbox 561 2119 702 2182; x_wconf 84' lang='lat' dir='ltr'><strong>inscitia</strong></span> <span class='ocrx_word' id='word_1_148' title='bbox 727 2120 746 2182; x_wconf 81' lang='grc' dir='ltr'>ὲ</span> <span class='ocrx_word' id='word_1_149' title='bbox 770 2120 902 2181; x_wconf 85' lang='lat' dir='ltr'><strong>ridotto</strong></span> <span class='ocrx_word' id='word_1_150' title='bbox 926 2118 951 2181; x_wconf 94' lang='lat' dir='ltr'><strong>il</strong></span> <span class='ocrx_word' id='word_1_151' title='bbox 975 2119 1116 2181; x_wconf 82' lang='lat' dir='ltr'><strong>mundo</strong></span> 
     </span>
    </p>

    <p class='ocr_par' dir='ltr' id='par_1_5' title="bbox 188 2225 1480 3483">
     <span class='ocr_line' id='line_1_17' title="bbox 222 2225 1471 2308; baseline -0.003 -18"><span class='ocrx_word' id='word_1_152' title='bbox 222 2279 226 2290; x_wconf 91' lang='lat'>.</span> <span class='ocrx_word' id='word_1_153' title='bbox 279 2227 317 2288; x_wconf 92' lang='lat' dir='ltr'><strong>Io</strong></span> <span class='ocrx_word' id='word_1_154' title='bbox 342 2247 412 2288; x_wconf 92' lang='lat' dir='ltr'><strong>non</strong></span> <span class='ocrx_word' id='word_1_155' title='bbox 438 2247 543 2308; x_wconf 92' lang='lat' dir='ltr'><strong>spero</strong></span> <span class='ocrx_word' id='word_1_156' title='bbox 568 2248 606 2290; x_wconf 89' lang='lat' dir='ltr'><strong>se</strong></span> <span class='ocrx_word' id='word_1_157' title='bbox 631 2248 701 2290; x_wconf 91' lang='lat' dir='ltr'><strong>non</strong></span> <span class='ocrx_word' id='word_1_158' title='bbox 727 2230 821 2290; x_wconf 88' lang='lat' dir='ltr'><strong>bene</strong></span> <span class='ocrx_word' id='word_1_159' title='bbox 845 2225 881 2287; x_wconf 91' lang='lat' dir='ltr'><strong>di</strong></span> <span class='ocrx_word' id='word_1_160' title='bbox 905 2226 990 2308; x_wconf 89' lang='lat' dir='ltr'><strong>ogni</strong></span> <span class='ocrx_word' id='word_1_161' title='bbox 1014 2247 1115 2304; x_wconf 86' lang='lat' dir='ltr'><strong>cosa,</strong></span> <span class='ocrx_word' id='word_1_162' title='bbox 1149 2245 1257 2288; x_wconf 91' lang='lat' dir='ltr'><strong>ancor</strong></span> <span class='ocrx_word' id='word_1_163' title='bbox 1282 2228 1348 2287; x_wconf 91' lang='lat' dir='ltr'><strong>che</strong></span> <span class='ocrx_word' id='word_1_164' title='bbox 1380 2234 1471 2287; x_wconf 85' lang='lat' dir='ltr'><strong>tutto</strong></span> 
     </span>
     <span class='ocr_line' id='line_1_18' title="bbox 189 2314 1480 2416; baseline -0.002 -20"><span class='ocrx_word' id='word_1_165' title='bbox 189 2343 314 2412; x_wconf 85' lang='lat' dir='ltr'><strong>questo</strong></span> <span class='ocrx_word' id='word_1_166' title='bbox 330 2334 563 2396; x_wconf 87' lang='lat' dir='ltr'><strong>settentrione</strong></span> <span class='ocrx_word' id='word_1_167' title='bbox 588 2335 765 2416; x_wconf 75' lang='lat' dir='ltr'><strong>tumultui,</strong></span> <span class='ocrx_word' id='word_1_168' title='bbox 789 2355 845 2397; x_wconf 88' lang='lat' dir='ltr'><strong>ma</strong></span> <span class='ocrx_word' id='word_1_169' title='bbox 869 2336 1032 2413; x_wconf 82' lang='lat' dir='ltr'><strong>besogna</strong></span> <span class='ocrx_word' id='word_1_170' title='bbox 1056 2333 1111 2395; x_wconf 86' lang='lat' dir='ltr'><strong>far</strong></span> <span class='ocrx_word' id='word_1_171' title='bbox 1135 2333 1158 2395; x_wconf 91' lang='lat' dir='ltr'><strong>li</strong></span> <span class='ocrx_word' id='word_1_172' title='bbox 1183 2331 1329 2394; x_wconf 83' lang='lat' dir='ltr'><strong>remedii</strong></span> <span class='ocrx_word' id='word_1_173' title='bbox 1353 2333 1419 2394; x_wconf 91' lang='lat' dir='ltr'><strong>che</strong></span> <span class='ocrx_word' id='word_1_174' title='bbox 1436 2314 1480 2393; x_wconf 91' lang='lat' dir='ltr'><strong>io</strong></span> 
     </span>
     <span class='ocr_line' id='line_1_19' title="bbox 190 2438 1471 2523; baseline -0.001 -22"><span class='ocrx_word' id='word_1_175' title='bbox 190 2441 317 2521; x_wconf 88' lang='lat' dir='ltr'><strong>scriv0‚</strong></span> <span class='ocrx_word' id='word_1_176' title='bbox 342 2450 378 2503; x_wconf 94' lang='lat' dir='ltr'><strong>et</strong></span> <span class='ocrx_word' id='word_1_177' title='bbox 402 2442 510 2502; x_wconf 93' lang='lat' dir='ltr'><strong>molto</strong></span> <span class='ocrx_word' id='word_1_178' title='bbox 536 2444 570 2502; x_wconf 86' lang='lat' dir='ltr'><strong>al</strong></span> <span class='ocrx_word' id='word_1_179' title='bbox 586 2443 772 2523; x_wconf 91' lang='lat' dir='ltr'><strong>proposito</strong></span> <span class='ocrx_word' id='word_1_180' title='bbox 789 2442 942 2504; x_wconf 89' lang='lat' dir='ltr'><strong>sarebbe</strong></span> <span class='ocrx_word' id='word_1_181' title='bbox 959 2440 1095 2502; x_wconf 88' lang='lat' dir='ltr'><strong>scriver</strong></span> <span class='ocrx_word' id='word_1_182' title='bbox 1110 2442 1143 2502; x_wconf 90' lang='lat' dir='ltr'><strong>al</strong></span> <span class='ocrx_word' id='word_1_183' title='bbox 1159 2439 1298 2501; x_wconf 91' lang='lat' dir='ltr'><strong>Nuncio</strong></span> <span class='ocrx_word' id='word_1_184' title='bbox 1315 2441 1381 2501; x_wconf 90' lang='lat' dir='ltr'><strong>che</strong></span> <span class='ocrx_word' id='word_1_185' title='bbox 1399 2438 1419 2500; x_wconf 79' lang='grc' dir='ltr'><strong>ὲ</strong></span> <span class='ocrx_word' id='word_1_186' title='bbox 1435 2439 1471 2501; x_wconf 93' lang='lat' dir='ltr'><strong>in</strong></span> 
     </span>
     <span class='ocr_line' id='line_1_20' title="bbox 190 2544 1472 2629; baseline 0.001 -22"><span class='ocrx_word' id='word_1_187' title='bbox 190 2546 323 2626; x_wconf 86' lang='lat' dir='ltr'><strong>Anglia</strong></span> <span class='ocrx_word' id='word_1_188' title='bbox 339 2550 405 2610; x_wconf 92' lang='lat' dir='ltr'><strong>che</strong></span> <span class='ocrx_word' id='word_1_189' title='bbox 421 2549 464 2609; x_wconf 91' lang='lat' dir='ltr'><strong>de</strong></span> <span class='ocrx_word' id='word_1_190' title='bbox 480 2550 503 2608; x_wconf 86' lang='lat' dir='ltr'><strong>li</strong></span> <span class='ocrx_word' id='word_1_191' title='bbox 519 2547 658 2610; x_wconf 81' lang='lat' dir='ltr'>facesse</span> <span class='ocrx_word' id='word_1_192' title='bbox 674 2547 889 2629; x_wconf 83' lang='lat' dir='ltr'><strong>provisione,</strong></span> <span class='ocrx_word' id='word_1_193' title='bbox 906 2547 1048 2628; x_wconf 78' lang='lat' dir='ltr'>perche,</span> <span class='ocrx_word' id='word_1_194' title='bbox 1066 2547 1171 2609; x_wconf 85' lang='lat' dir='ltr'><strong>etiam</strong></span> <span class='ocrx_word' id='word_1_195' title='bbox 1188 2566 1253 2628; x_wconf 89' lang='lat' dir='ltr'><strong>per</strong></span> <span class='ocrx_word' id='word_1_196' title='bbox 1270 2544 1472 2608; x_wconf 90' lang='lat' dir='ltr'><strong>testimonio</strong></span> 
     </span>
     <span class='ocr_line' id='line_1_21' title="bbox 190 2649 1471 2742; baseline 0 -28"><span class='ocrx_word' id='word_1_197' title='bbox 190 2654 282 2715; x_wconf 88' lang='lat' dir='ltr'><strong>della</strong></span> <span class='ocrx_word' id='word_1_198' title='bbox 309 2654 468 2734; x_wconf 85' lang='lat' dir='ltr'><strong>Epistola</strong></span> <span class='ocrx_word' id='word_1_199' title='bbox 492 2655 527 2715; x_wconf 93' lang='lat' dir='ltr'><strong>di</strong></span> <span class='ocrx_word' id='word_1_200' title='bbox 552 2655 699 2717; x_wconf 87' lang='lat' dir='ltr'><strong>Erasmo</strong></span> <span class='ocrx_word' id='word_1_201' title='bbox 724 2655 783 2735; x_wconf 71' lang='lat' dir='ltr'><strong>gia</strong></span> <span class='ocrx_word' id='word_1_202' title='bbox 806 2655 980 2735; x_wconf 89' lang='lat' dir='ltr'><strong>impressa</strong></span> <span class='ocrx_word' id='word_1_203' title='bbox 1003 2655 1107 2734; x_wconf 91' lang='lat' dir='ltr'><strong>quale</strong></span> <span class='ocrx_word' id='word_1_204' title='bbox 1131 2674 1197 2735; x_wconf 90' lang='lat' dir='ltr'><strong>per</strong></span> <span class='ocrx_word' id='word_1_205' title='bbox 1221 2653 1341 2715; x_wconf 88' lang='lat' dir='ltr'><strong>avanti</strong></span> <span class='ocrx_word' id='word_1_206' title='bbox 1359 2650 1408 2742; x_wconf 76' lang='lat' dir='ltr'><strong>N.</strong></span> <span class='ocrx_word' id='word_1_207' title='bbox 1434 2649 1471 2714; x_wconf 90' lang='lat' dir='ltr'><strong>S.</strong></span> 
     </span>
     <span class='ocr_line' id='line_1_22' title="bbox 190 2759 1472 2842; baseline -0.001 -21"><span class='ocrx_word' id='word_1_208' title='bbox 190 2761 289 2825; x_wconf 88' lang='lat' dir='ltr'><strong>vide.</strong></span> <span class='ocrx_word' id='word_1_209' title='bbox 321 2780 359 2821; x_wconf 89' lang='lat' dir='ltr'><strong>se</strong></span> <span class='ocrx_word' id='word_1_210' title='bbox 384 2760 529 2823; x_wconf 87' lang='lat' dir='ltr'><strong>intende</strong></span> <span class='ocrx_word' id='word_1_211' title='bbox 555 2762 621 2823; x_wconf 89' lang='lat' dir='ltr'><strong>che</strong></span> <span class='ocrx_word' id='word_1_212' title='bbox 646 2762 744 2823; x_wconf 90' lang='lat' dir='ltr'><strong>molti</strong></span> <span class='ocrx_word' id='word_1_213' title='bbox 769 2772 804 2823; x_wconf 92' lang='lat' dir='ltr'><strong>et</strong></span> <span class='ocrx_word' id='word_1_214' title='bbox 829 2760 957 2841; x_wconf 86' lang='lat' dir='ltr'><strong>grandi</strong></span> <span class='ocrx_word' id='word_1_215' title='bbox 981 2761 1016 2822; x_wconf 93' lang='lat' dir='ltr'><strong>in</strong></span> <span class='ocrx_word' id='word_1_216' title='bbox 1042 2761 1176 2842; x_wconf 85' lang='lat' dir='ltr'><strong>Anglia</strong></span> <span class='ocrx_word' id='word_1_217' title='bbox 1200 2759 1426 2822; x_wconf 86' lang='lat' dir='ltr'><strong>favorisceno</strong></span> <span class='ocrx_word' id='word_1_218' title='bbox 1452 2781 1472 2821; x_wconf 84' lang='lat' dir='ltr'><strong>a</strong></span> 
     </span>
     <span class='ocr_line' id='line_1_23' title="bbox 190 2866 1471 2949; baseline 0.001 -22"><span class='ocrx_word' id='word_1_219' title='bbox 190 2866 322 2927; x_wconf 80' lang='lat' dir='ltr'><strong>Lutlrer</strong></span> <span class='ocrx_word' id='word_1_220' title='bbox 347 2876 382 2928; x_wconf 89' lang='lat' dir='ltr'><strong>et</strong></span> <span class='ocrx_word' id='word_1_221' title='bbox 406 2867 521 2947; x_wconf 90' lang='lat' dir='ltr'><strong>questi</strong></span> <span class='ocrx_word' id='word_1_222' title='bbox 545 2867 749 2949; x_wconf 84' lang='lat' dir='ltr'><strong>impressori</strong></span> <span class='ocrx_word' id='word_1_223' title='bbox 774 2868 810 2929; x_wconf 90' lang='lat' dir='ltr'><strong>di</strong></span> <span class='ocrx_word' id='word_1_224' title='bbox 827 2867 1019 2930; x_wconf 86' lang='lat' dir='ltr'><strong>Germania</strong></span> <span class='ocrx_word' id='word_1_225' title='bbox 1043 2869 1185 2949; x_wconf 87' lang='lat' dir='ltr'><strong>quando</strong></span> <span class='ocrx_word' id='word_1_226' title='bbox 1210 2866 1233 2929; x_wconf 93' lang='lat' dir='ltr'><strong>li</strong></span> <span class='ocrx_word' id='word_1_227' title='bbox 1257 2866 1350 2928; x_wconf 83' lang='lat' dir='ltr'><strong>facio</strong></span> <span class='ocrx_word' id='word_1_228' title='bbox 1371 2886 1471 2928; x_wconf 91' lang='lat' dir='ltr'><strong>occu-</strong></span> 
     </span>
     <span class='ocr_line' id='line_1_24' title="bbox 190 2973 1470 3055; baseline 0.001 -22"><span class='ocrx_word' id='word_1_229' title='bbox 190 2993 255 3052; x_wconf 89' lang='lat' dir='ltr'><strong>par</strong></span> <span class='ocrx_word' id='word_1_230' title='bbox 279 2994 300 3033; x_wconf 93' lang='lat'>0</span> <span class='ocrx_word' id='word_1_231' title='bbox 325 2974 532 3036; x_wconf 84' lang='lat' dir='ltr'><strong>abbrusciar</strong></span> <span class='ocrx_word' id='word_1_232' title='bbox 565 2976 681 3055; x_wconf 90' lang='lat' dir='ltr'><strong>questi</strong></span> <span class='ocrx_word' id='word_1_233' title='bbox 707 2975 769 3037; x_wconf 89' lang='lat' dir='ltr'><strong>tali</strong></span> <span class='ocrx_word' id='word_1_234' title='bbox 796 2974 893 3055; x_wconf 88' lang='lat' dir='ltr'><strong>libri,</strong></span> <span class='ocrx_word' id='word_1_235' title='bbox 928 2975 1056 3036; x_wconf 90' lang='lat' dir='ltr'><strong>dicono</strong></span> <span class='ocrx_word' id='word_1_236' title='bbox 1082 2975 1147 3036; x_wconf 94' lang='lat' dir='ltr'><strong>che</strong></span> <span class='ocrx_word' id='word_1_237' title='bbox 1172 2977 1241 3035; x_wconf 92' lang='lat' dir='ltr'><strong>ben</strong></span> <span class='ocrx_word' id='word_1_238' title='bbox 1267 2973 1290 3034; x_wconf 93' lang='lat' dir='ltr'><strong>li</strong></span> <span class='ocrx_word' id='word_1_239' title='bbox 1315 2973 1470 3053; x_wconf 80' lang='lat' dir='ltr'><strong>spaucia-</strong></span> 
     </span>
     <span class='ocr_line' id='line_1_25' title="bbox 188 3080 1472 3164; baseline 0.003 -24"><span class='ocrx_word' id='word_1_240' title='bbox 188 3099 300 3141; x_wconf 92' lang='lat' dir='ltr'><strong>ranno</strong></span> <span class='ocrx_word' id='word_1_241' title='bbox 325 3101 391 3160; x_wconf 91' lang='lat' dir='ltr'><strong>per</strong></span> <span class='ocrx_word' id='word_1_242' title='bbox 407 3081 547 3144; x_wconf 84' lang='lat' dir='ltr'><strong>Anvers</strong></span> <span class='ocrx_word' id='word_1_243' title='bbox 571 3082 607 3143; x_wconf 91' lang='lat' dir='ltr'><strong>in</strong></span> <span class='ocrx_word' id='word_1_244' title='bbox 624 3082 808 3162; x_wconf 82' lang='lat' dir='ltr'><strong>Angliam3</strong></span> <span class='ocrx_word' id='word_1_245' title='bbox 835 3103 892 3144; x_wconf 92' lang='lat' dir='ltr'><strong>ma</strong></span> <span class='ocrx_word' id='word_1_246' title='bbox 916 3102 954 3143; x_wconf 93' lang='lat' dir='ltr'><strong>se</strong></span> <span class='ocrx_word' id='word_1_247' title='bbox 979 3103 1023 3143; x_wconf 93' lang='lat' dir='ltr'><strong>ne</strong></span> <span class='ocrx_word' id='word_1_248' title='bbox 1048 3082 1238 3164; x_wconf 83' lang='lat' dir='ltr'><strong>expedimo</strong></span> <span class='ocrx_word' id='word_1_249' title='bbox 1263 3081 1358 3143; x_wconf 85' lang='lat' dir='ltr'><strong>della</strong></span> <span class='ocrx_word' id='word_1_250' title='bbox 1375 3080 1472 3144; x_wconf 87' lang='lat' dir='ltr'><strong>dieta</strong></span> 
     </span>
     <span class='ocr_line' id='line_1_26' title="bbox 189 3187 1471 3270; baseline 0.002 -23"><span class='ocrx_word' id='word_1_251' title='bbox 189 3187 271 3263; x_wconf 91' lang='lat' dir='ltr'><strong>vivi,</strong></span> <span class='ocrx_word' id='word_1_252' title='bbox 297 3208 402 3269; x_wconf 89' lang='lat' dir='ltr'><strong>spero</strong></span> <span class='ocrx_word' id='word_1_253' title='bbox 423 3191 492 3250; x_wconf 92' lang='lat' dir='ltr'><strong>ben</strong></span> <span class='ocrx_word' id='word_1_254' title='bbox 518 3189 680 3251; x_wconf 88' lang='lat' dir='ltr'><strong>scurtarli</strong></span> <span class='ocrx_word' id='word_1_255' title='bbox 705 3191 737 3250; x_wconf 93' lang='lat' dir='ltr'><strong>el</strong></span> <span class='ocrx_word' id='word_1_256' title='bbox 762 3189 900 3251; x_wconf 82' lang='lat' dir='ltr'><strong>camino</strong></span> <span class='ocrx_word' id='word_1_257' title='bbox 924 3209 991 3270; x_wconf 90' lang='lat' dir='ltr'><strong>per</strong></span> <span class='ocrx_word' id='word_1_258' title='bbox 1015 3190 1133 3254; x_wconf 86' lang='lat' dir='ltr'><strong>buona</strong></span> <span class='ocrx_word' id='word_1_259' title='bbox 1158 3187 1224 3249; x_wconf 87' lang='lat' dir='ltr'><strong>via.</strong></span> <span class='ocrx_word' id='word_1_260' title='bbox 1265 3188 1471 3251; x_wconf 72' lang='lat' dir='ltr'><strong>&#39;l&#39;uttavolta</strong></span> 
     </span>
     <span class='ocr_line' id='line_1_27' title="bbox 189 3280 1469 3375; baseline -0.001 -19"><span class='ocrx_word' id='word_1_261' title='bbox 189 3280 331 3356; x_wconf 88' lang='lat' dir='ltr'><strong>omnino</strong></span> <span class='ocrx_word' id='word_1_262' title='bbox 357 3297 476 3357; x_wconf 90' lang='lat' dir='ltr'><strong>buono</strong></span> <span class='ocrx_word' id='word_1_263' title='bbox 502 3296 521 3357; x_wconf 78' lang='lat' dir='ltr'><strong>e</strong></span> <span class='ocrx_word' id='word_1_264' title='bbox 545 3295 679 3357; x_wconf 85' lang='lat' dir='ltr'><strong>scriver</strong></span> <span class='ocrx_word' id='word_1_265' title='bbox 703 3297 736 3358; x_wconf 89' lang='lat' dir='ltr'><strong>al</strong></span> <span class='ocrx_word' id='word_1_266' title='bbox 762 3297 819 3357; x_wconf 80' lang='lat' dir='ltr'><strong>Re</strong></span> <span class='ocrx_word' id='word_1_267' title='bbox 844 3296 966 3375; x_wconf 83' lang='lat' dir='ltr'><strong>Anglo</strong></span> <span class='ocrx_word' id='word_1_268' title='bbox 991 3297 1023 3356; x_wconf 87' lang='lat' dir='ltr'><strong>al</strong></span> <span class='ocrx_word' id='word_1_269' title='bbox 1049 3294 1229 3356; x_wconf 84' lang='lat' dir='ltr'><strong>cardinale</strong></span> <span class='ocrx_word' id='word_1_270' title='bbox 1254 3304 1288 3355; x_wconf 89' lang='lat' dir='ltr'><strong>et</strong></span> <span class='ocrx_word' id='word_1_271' title='bbox 1319 3296 1352 3356; x_wconf 90' lang='lat' dir='ltr'><strong>al</strong></span> <span class='ocrx_word' id='word_1_272' title='bbox 1377 3294 1469 3356; x_wconf 90' lang='lat' dir='ltr'><strong>Nun-</strong></span> 
     </span>
     <span class='ocr_line' id='line_1_28' title="bbox 190 3400 858 3483; baseline 0.003 -22"><span class='ocrx_word' id='word_1_273' title='bbox 190 3400 244 3461; x_wconf 91' lang='lat' dir='ltr'><strong>cio</strong></span> <span class='ocrx_word' id='word_1_274' title='bbox 269 3412 459 3483; x_wconf 82' lang='lat' dir='ltr'><strong>antequam</strong></span> <span class='ocrx_word' id='word_1_275' title='bbox 483 3402 679 3465; x_wconf 89' lang='lat' dir='ltr'><strong>invalescat</strong></span> <span class='ocrx_word' id='word_1_276' title='bbox 705 3406 858 3465; x_wconf 78' lang='lat' dir='ltr'><strong>morbus,</strong></span> 
     </span>
    </p>
   </div>
   <div class='ocr_carea' id='block_1_3' title="bbox 728 3608 929 3619">
    <p class='ocr_par' dir='ltr' id='par_1_6' title="bbox 728 3608 929 3619">
     <span class='ocr_line' id='line_1_29' title="bbox 728 3608 929 3619; baseline -0.015 0"><span class='ocrx_word' id='word_1_277' title='bbox 728 3608 929 3619; x_wconf 55' lang='lat' dir='ltr'><strong>mmmm-w»,</strong></span> 
     </span>
    </p>
   </div>
   <div class='ocr_carea' id='block_1_4' title="bbox 806 3839 845 3902">
    <p class='ocr_par' dir='ltr' id='par_1_7' title="bbox 806 3839 845 3902">
     <span class='ocr_line' id='line_1_30' title="bbox 806 3839 845 3902; baseline 0.026 -1"><span class='ocrx_word' id='word_1_278' title='bbox 806 3839 845 3902; x_wconf 86' lang='lat'><strong>13</strong></span> 
     </span>
    </p>
   </div>
   <div class='ocr_carea' id='block_1_5' title="bbox 524 3971 1130 4072">
    <p class='ocr_par' dir='ltr' id='par_1_8' title="bbox 524 3971 1130 4072">
     <span class='ocr_line' id='line_1_31' title="bbox 524 3971 1130 4072; baseline 0.002 -20"><span class='ocrx_word' id='word_1_279' title='bbox 524 3973 590 4052; x_wconf 82' lang='lat' dir='ltr'><strong>Leo</strong></span> <span class='ocrx_word' id='word_1_280' title='bbox 620 3972 662 4052; x_wconf 65' lang='grc' dir='ltr'>Χ</span> <span class='ocrx_word' id='word_1_281' title='bbox 692 3971 812 4051; x_wconf 80' lang='lat' dir='ltr'><strong>Garolo</strong></span> <span class='ocrx_word' id='word_1_282' title='bbox 840 3972 879 4052; x_wconf 82' lang='lat' dir='ltr'><strong>ll.</strong></span> <span class='ocrx_word' id='word_1_283' title='bbox 909 3974 1130 4072; x_wconf 80' lang='lat' dir='ltr'><strong>Imperatori.</strong></span> 
     </span>
    </p>
   </div>
   <div class='ocr_carea' id='block_1_6' title="bbox 630 4118 1016 4305">
    <p class='ocr_par' dir='ltr' id='par_1_9' title="bbox 630 4118 1016 4305">
     <span class='ocr_line' id='line_1_32' title="bbox 646 4118 1016 4188; baseline -0.003 -11"><span class='ocrx_word' id='word_1_284' title='bbox 646 4121 729 4186; x_wconf 76' lang='lat' dir='ltr'><strong>(Aeta</strong></span> <span class='ocrx_word' id='word_1_285' title='bbox 747 4118 883 4177; x_wconf 78' lang='lat' dir='ltr'><strong>wormat.</strong></span> <span class='ocrx_word' id='word_1_286' title='bbox 900 4118 946 4176; x_wconf 80' lang='lat' dir='ltr'><strong>iol.</strong></span> <span class='ocrx_word' id='word_1_287' title='bbox 966 4119 1016 4188; x_wconf 83' lang='grc'>67.)</span> 
     </span>
     <span class='ocr_line' id='line_1_33' title="bbox 630 4239 948 4305; baseline 0.003 -19"><span class='ocrx_word' id='word_1_288' title='bbox 630 4257 633 4262; x_wconf 90' lang='grc'><em>·</em></span> <span class='ocrx_word' id='word_1_289' title='bbox 704 4239 755 4300; x_wconf 89' lang='lat'>(18.</span> <span class='ocrx_word' id='word_1_290' title='bbox 776 4241 837 4303; x_wconf 88' lang='lat' dir='ltr'><strong>Jan.</strong></span> <span class='ocrx_word' id='word_1_291' title='bbox 860 4239 948 4305; x_wconf 84' lang='lat'>1521.)</span> 
     </span>
    </p>
   </div>
   <div class='ocr_carea' id='block_1_7' title="bbox 189 4360 1468 4875">
    <p class='ocr_par' dir='ltr' id='par_1_10' title="bbox 190 4360 1467 4552">
     <span class='ocr_line' id='line_1_34' title="bbox 279 4360 1467 4446; baseline 0.003 -22"><span class='ocrx_word' id='word_1_292' title='bbox 279 4361 386 4424; x_wconf 69' lang='lat' dir='ltr'><strong>Carm‘·</strong></span> <span class='ocrx_word' id='word_1_293' title='bbox 417 4362 452 4423; x_wconf 89' lang='lat' dir='ltr'><strong>in</strong></span> <span class='ocrx_word' id='word_1_294' title='bbox 483 4360 623 4424; x_wconf 86' lang='lat' dir='ltr'><strong>Christo</strong></span> <span class='ocrx_word' id='word_1_295' title='bbox 660 4360 733 4424; x_wconf 91' lang='lat' dir='ltr'><strong>filio</strong></span> <span class='ocrx_word' id='word_1_296' title='bbox 773 4372 894 4424; x_wconf 85' lang='lat' dir='ltr'><strong>nostro</strong></span> <span class='ocrx_word' id='word_1_297' title='bbox 926 4363 1054 4426; x_wconf 83' lang='lat' dir='ltr'><strong>Carolo</strong></span> <span class='ocrx_word' id='word_1_298' title='bbox 1088 4365 1185 4446; x_wconf 84' lang='lat' dir='ltr'><strong>Regi</strong></span> <span class='ocrx_word' id='word_1_299' title='bbox 1218 4365 1401 4428; x_wconf 84' lang='lat' dir='ltr'><strong>Catholico</strong></span> <span class='ocrx_word' id='word_1_300' title='bbox 1433 4366 1467 4428; x_wconf 90' lang='lat' dir='ltr'><strong>in</strong></span> 
     </span>
     <span class='ocr_line' id='line_1_35' title="bbox 190 4470 1115 4552; baseline 0.003 -21"><span class='ocrx_word' id='word_1_301' title='bbox 190 4471 433 4532; x_wconf 87' lang='lat' dir='ltr'><strong>Romanorum</strong></span> <span class='ocrx_word' id='word_1_302' title='bbox 459 4470 678 4550; x_wconf 85' lang='lat' dir='ltr'><strong>Imperatore</strong></span> <span class='ocrx_word' id='word_1_303' title='bbox 703 4472 817 4531; x_wconf 89' lang='lat' dir='ltr'><strong>electo</strong></span> <span class='ocrx_word' id='word_1_304' title='bbox 843 4470 917 4532; x_wconf 81' lang='lat' dir='ltr'><strong>Leo</strong></span> <span class='ocrx_word' id='word_1_305' title='bbox 943 4471 1043 4552; x_wconf 88' lang='lat' dir='ltr'><strong>Papa</strong></span> <span class='ocrx_word' id='word_1_306' title='bbox 1068 4472 1115 4534; x_wconf 82' lang='lat' dir='ltr'><strong>X.</strong></span> 
     </span>
    </p>

    <p class='ocr_par' dir='ltr' id='par_1_11' title="bbox 189 4576 1468 4875">
     <span class='ocr_line' id='line_1_36' title="bbox 279 4576 1466 4660; baseline 0.002 -20"><span class='ocrx_word' id='word_1_307' title='bbox 279 4578 368 4640; x_wconf 82' lang='lat' dir='ltr'><strong>Ch¹¹¹⁰</strong></span> <span class='ocrx_word' id='word_1_308' title='bbox 392 4578 425 4639; x_wconf 93' lang='lat' dir='ltr'><strong>in</strong></span> <span class='ocrx_word' id='word_1_309' title='bbox 451 4576 591 4639; x_wconf 86' lang='lat' dir='ltr'><strong>Christo</strong></span> <span class='ocrx_word' id='word_1_310' title='bbox 623 4576 671 4637; x_wconf 86' lang='lat' dir='ltr'><strong>fili</strong></span> <span class='ocrx_word' id='word_1_311' title='bbox 707 4589 827 4639; x_wconf 89' lang='lat' dir='ltr'><strong>noster</strong></span> <span class='ocrx_word' id='word_1_312' title='bbox 860 4579 1008 4641; x_wconf 88' lang='lat' dir='ltr'><strong>salutem</strong></span> <span class='ocrx_word' id='word_1_313' title='bbox 1040 4589 1076 4642; x_wconf 85' lang='lat' dir='ltr'><strong>et</strong></span> <span class='ocrx_word' id='word_1_314' title='bbox 1106 4580 1337 4660; x_wconf 84' lang='lat' dir='ltr'><strong>apostolicam</strong></span> <span class='ocrx_word' id='word_1_315' title='bbox 1363 4584 1466 4642; x_wconf 81' lang='lat' dir='ltr'><strong>bene-</strong></span> 
     </span>
     <span class='ocr_line' id='line_1_37' title="bbox 189 4683 1468 4766; baseline 0.003 -22"><span class='ocrx_word' id='word_1_316' title='bbox 189 4684 389 4746; x_wconf 88' lang='lat' dir='ltr'><strong>dictionem.</strong></span> <span class='ocrx_word' id='word_1_317' title='bbox 430 4684 531 4746; x_wconf 86' lang='lat' dir='ltr'><strong>Alias</strong></span> <span class='ocrx_word' id='word_1_318' title='bbox 548 4683 757 4746; x_wconf 87' lang='lat' dir='ltr'><strong>Celsitudini</strong></span> <span class='ocrx_word' id='word_1_319' title='bbox 774 4695 855 4747; x_wconf 88' lang='lat' dir='ltr'><strong>tuae</strong></span> <span class='ocrx_word' id='word_1_320' title='bbox 871 4706 935 4766; x_wconf 90' lang='lat' dir='ltr'><strong>per</strong></span> <span class='ocrx_word' id='word_1_321' title='bbox 953 4686 1090 4749; x_wconf 84' lang='lat' dir='ltr'><strong>litteras</strong></span> <span class='ocrx_word' id='word_1_322' title='bbox 1107 4695 1142 4748; x_wconf 92' lang='lat' dir='ltr'><strong>et</strong></span> <span class='ocrx_word' id='word_1_323' title='bbox 1163 4686 1304 4747; x_wconf 89' lang='lat' dir='ltr'><strong>nuntios</strong></span> <span class='ocrx_word' id='word_1_324' title='bbox 1328 4699 1468 4749; x_wconf 84' lang='lat' dir='ltr'><strong>nostros</strong></span> 
     </span>
     <span class='ocr_line' id='line_1_38' title="bbox 189 4790 1467 4875; baseline 0.005 -24"><span class='ocrx_word' id='word_1_325' title='bbox 189 4790 464 4868; x_wconf 68' lang='lat' dir='ltr'><strong>significavimus</strong></span> <span class='ocrx_word' id='word_1_326' title='bbox 495 4792 591 4873; x_wconf 92' lang='lat' dir='ltr'><strong>quod</strong></span> <span class='ocrx_word' id='word_1_327' title='bbox 621 4812 699 4854; x_wconf 90' lang='lat' dir='ltr'><strong>cum</strong></span> <span class='ocrx_word' id='word_1_328' title='bbox 731 4795 852 4875; x_wconf 89' lang='lat' dir='ltr'><strong>plures</strong></span> <span class='ocrx_word' id='word_1_329' title='bbox 883 4793 963 4856; x_wconf 85' lang='lat' dir='ltr'><strong>falsi</strong></span> <span class='ocrx_word' id='word_1_330' title='bbox 995 4816 1035 4856; x_wconf 86' lang='lat' dir='ltr'><strong>ac</strong></span> <span class='ocrx_word' id='word_1_331' title='bbox 1068 4794 1237 4857; x_wconf 84' lang='lat' dir='ltr'><strong>haeretici</strong></span> <span class='ocrx_word' id='word_1_332' title='bbox 1270 4815 1409 4857; x_wconf 87' lang='lat' dir='ltr'><strong>errores</strong></span> <span class='ocrx_word' id='word_1_333' title='bbox 1434 4795 1467 4858; x_wconf 92' lang='lat' dir='ltr'><strong>in</strong></span> 
     </span>
    </p>
   </div>
   <div class='ocr_carea' id='block_1_8' title="bbox 0 0 1671 5580">
    <p class='ocr_par' dir='ltr' id='par_1_12' title="bbox 0 0 1671 5580">
     <span class='ocr_line' id='line_1_39' title="bbox 0 0 1671 5580; baseline 0 0"><span class='ocrx_word' id='word_1_334' title='bbox 0 0 1671 5580; x_wconf 95' lang='lat' dir='ltr'><strong> </strong></span> 
     </span>
    </p>
   </div>
  </div>
 </body>
</html>
