3330 5580
710 464 957 526 eistat&

189 615 339 699 quando
362 630 507 699 praeter
530 619 596 680 has
628 616 713 679 nihil
744 617 940 680 desiderari
970 625 1110 699 potest,
1143 638 1221 680 cum
1255 617 1478 701 munitiones,

188 723 462 806 machinaeque,
488 732 523 787 et
547 723 716 806 quicquid
740 726 786 787 ad
810 746 885 786 rem
910 725 1073 787 bellicam
1088 726 1310 788 tractandam
1327 738 1476 808 spectat,

188 829 327 893 affatim
353 830 447 893 adsit
471 830 584 910 nobis,
610 840 645 894 et
669 831 796 912 ingens
821 831 1001 914 peditatus
1035 831 1249 894 Bohemicus
1280 834 1476 915 praecipue

189 938 451 1020 quamprimum
476 937 628 1000 conduci
652 938 774 1019 possit.
822 938 921 1000 Haec
948 946 1002 1001 est
1025 959 1096 1001 una
1120 960 1204 1021 spes
1235 949 1270 1003 et
1304 952 1401 1003 certa
1425 963 1477 1003 sa·

189 1045 276 1107 lutis
299 1044 401 1107 ratio.
450 1043 605 1107 Proinde
629 1043 892 1106 Beatitudinem
918 1044 1083 1108 Vestram
1108 1067 1173 1127 pro
1197 1068 1277 1110 mea
1301 1048 1337 1109 in
1362 1050 1476 1111 Deum

192 1162 229 1214 et
253 1149 423 1214 Sanctam
449 1149 557 1214 Suam
581 1149 811 1233 Religionem
836 1151 980 1233 pietate,
1007 1152 1182 1215 admoneo
1207 1167 1241 1216 et
1265 1156 1407 1236 hortor,
1442 1167 1479 1218 ut

192 1256 366 1321 deflectat
389 1259 512 1320 oculos
536 1277 619 1319 suos
643 1277 751 1340 super
786 1258 879 1320 hanc
915 1257 1110 1340 nationem,
1145 1280 1213 1341 qua
1242 1282 1312 1323 non
1343 1262 1408 1325 luit
1432 1266 1479 1326 al·

193 1376 274 1428 tera
298 1374 336 1427 ut
361 1366 517 1447 produnt
540 1363 740 1447 hystoriae,
772 1374 807 1427 et
830 1364 960 1427 scrinia
984 1365 1171 1429 Romanae
1196 1366 1378 1432 Ecclesiae
1402 1391 1480 1451 pro·

193 1470 326 1551 ferunt,
350 1472 386 1534 in
403 1472 606 1534 orthodoxa
630 1469 699 1533 fide
724 1472 956 1545 constantior;
989 1492 1105 1554 neque
1129 1474 1320 1555 permittat,
1348 1488 1384 1539 ut
1409 1499 1480 1540 non

194 1579 274 1642 sine
300 1578 409 1642 totius
441 1578 626 1661 religionis
653 1577 827 1660 periculo,
859 1578 937 1660 ipsa
964 1589 1039 1642 tota
1071 1580 1248 1660 concidat,
1280 1594 1316 1645 et
1346 1595 1481 1665 pereat.

195 1685 270 1749 Sed
288 1685 407 1768 potius
424 1687 505 1748 dum
522 1686 638 1748 adhuc
655 1685 738 1765 quid
756 1685 832 1766 spei
848 1685 1021 1768 reliquum
1037 1696 1099 1766 est,
1124 1707 1192 1768 ope
1210 1708 1273 1750 sua
1290 1710 1359 1751 non
1376 1692 1479 1753 desti-

196 1803 284 1873 tuat,
299 1805 337 1857 et
353 1793 488 1855 auxilio
510 1792 727 1876 pecuniario,
751 1795 848 1855 cuius
866 1812 950 1855 usus
971 1814 1075 1874 quam
1092 1794 1137 1856 ad
1154 1796 1396 1860 reductionem
1413 1798 1481 1860 iam

195 1900 252 1962 hic
274 1898 432 1981 undique
450 1899 658 1961 insanientis
677 1898 801 1980 populi
821 1899 856 1961 in
879 1907 1012 1962 rectam
1026 1900 1119 1963 viam
1139 1901 1264 1963 melius
1286 1903 1395 1967 locari
1410 1926 1479 1967 non

196 2007 340 2088 poterit,
352 2016 390 2068 ut
401 2005 540 2069 firmata
552 2006 819 2086 tranquillitate,
834 2008 1051 2087 reductaque
1066 2007 1195 2070 unione
1208 2008 1303 2071 circa
1324 2010 1481 2074 divinum

197 2116 342 2193 cultum,
356 2134 421 2195 pro
441 2133 511 2194 quo
527 2133 596 2175 non
618 2132 706 2194 opes
728 2124 874 2192 tantum,
890 2114 953 2176 sed
972 2114 1106 2194 optimo
1123 2115 1249 2196 cuique
1263 2118 1414 2198 sanguis
1430 2129 1484 2181 est

198 2222 469 2304 expendendus,
477 2219 677 2283 videbimus
687 2219 720 2281 in
731 2219 858 2281 diebus
871 2219 999 2282 nostris
1010 2221 1068 2301 qui
1080 2221 1219 2285 malicia
1231 2225 1425 2305 abundant,
1433 2225 1483 2288 in·

197 2329 340 2391 teritum
354 2336 498 2390 sanctae
515 2326 707 2407 religionis,
720 2346 785 2408 pro
802 2327 902 2388 cuius
916 2325 1134 2391 incremento
1148 2329 1246 2392 Deus
1260 2331 1392 2412 dirigat
1403 2353 1480 2394 con-

157 2516 160 2523 .
197 2434 717 2499 firmetBeatitudinisVestrae
728 2442 835 2513 atque
846 2431 1330 2514 praefatorumCardinalium
1341 2459 1482 2503 suorum

198 2564 260 2607 cor
295 2553 330 2605 et
361 2540 545 2604 consilium
570 2561 674 2604 omne
709 2539 775 2618 ita,
810 2551 848 2602 ut
881 2543 1024 2621 quando
1056 2561 1184 2605 nocere
1209 2546 1300 2606 solet
1324 2565 1422 2608 mora
1446 2547 1481 2609 in

199 2653 324 2728 rebus,
355 2659 594 2731 opportunum
626 2647 795 2710 auxilium
827 2657 863 2709 et
896 2648 1079 2729 suppetias
1112 2649 1147 2711 in
1172 2651 1332 2730 pecuniis
1364 2674 1482 2716 conse-

200 2777 367 2839 quamur,
404 2776 448 2818 ne
473 2753 631 2817 destituti
657 2775 726 2836 ope
750 2754 956 2835 redigamur
980 2756 1025 2817 ad
1053 2756 1305 2839 necessitates,
1334 2759 1368 2821 in
1396 2782 1483 2841 quas·

199 2865 352 2946 populus
387 2863 577 2925 meditatur
613 2882 677 2924 nos
714 2863 810 2922 velut
845 2863 1036 2942 compedes
1060 2863 1253 2945 coniicere,
1290 2877 1325 2927 et
1350 2867 1484 2931 Sancta

200 2971 360 3035 Ecclesia
384 2971 419 3033 in
445 2972 510 3032 hac
530 2969 674 3032 natione
698 2968 851 3050 accipiat
875 2989 994 3032 casum
1020 2972 1115 3032 nullo
1141 2991 1292 3052 unquam
1318 2993 1408 3035 aevo
1433 2997 1482 3037 re·

202 3079 451 3162 cuperandum.
508 3079 563 3139 De
602 3096 671 3158 quo
712 3075 974 3138 Beatitudinem
1011 3076 1176 3140 Vestram
1222 3079 1482 3144 admonendam

202 3206 279 3249 esse
310 3185 452 3269 putavi,
483 3195 521 3246 ut
554 3184 583 3246 si
618 3184 715 3245 illum
747 3181 822 3244 fieri
855 3183 1039 3263 contingat
1071 3183 1249 3247 destitutis
1275 3189 1391 3268 nobis,
1425 3191 1483 3271 qui

202 3313 324 3355 omnes
353 3293 469 3355 adhuc
500 3292 546 3353 ad
575 3290 761 3372 pristinum
785 3288 968 3370 religionis
999 3292 1130 3353 cultum
1154 3293 1482 3375 redintegrandum,

202 3398 362 3482 pessimis
387 3398 568 3461 erroribus
591 3408 698 3479 atque
723 3395 931 3476 improbatis
956 3397 1113 3460 moribus
1136 3398 1281 3462 refectis
1289 3449 1298 3480 ,
1331 3403 1481 3484 suspira·

203 3528 276 3570 mus
292 3507 474 3589 precipue,
498 3514 674 3586 quatenus
694 3524 772 3566 mea
795 3503 930 3566 referre
947 3512 1077 3587 potest,
1102 3508 1196 3587 apud
1214 3509 1363 3571 eandem
1379 3519 1483 3574 testa·

203 3625 273 3679 tum
298 3612 515 3697 reliquerim,
551 3633 607 3675 me
644 3612 689 3673 ad
728 3610 812 3672 nihil
849 3631 970 3673 eorum
1006 3632 1097 3693 quae
1131 3625 1296 3677 secutura
1326 3631 1406 3680 sunt
1437 3640 1484 3682 ex

203 3723 404 3807 proposito,
439 3721 504 3783 sed
527 3720 606 3801 ipsa
630 3739 727 3781 mera
761 3718 973 3781 necessitate
1008 3718 1195 3800 impulsum
1232 3721 1361 3802 luisse,
1395 3725 1484 3788 sicut

204 3830 395 3895 Beatitudo
410 3828 540 3891 Vestra
563 3826 668 3889 latius
692 3834 896 3906 cognoscet,
921 3846 967 3888 ex
991 3826 1164 3889 relatione
1190 3826 1355 3892 Caesarei
1380 3832 1484 3897 isthic

204 3937 383 4016 Oratoris,
407 3945 443 3999 et
466 3935 535 3998 mei
559 3931 748 3997 consiliarii
772 3931 870 3993 Petri
895 3933 939 3994 de
964 3932 1193 4016 Salamarca,
1218 3957 1308 4017 quos
1332 3960 1397 4021 pro
1422 3964 1484 4006 sua

204 4043 390 4109 clementia
413 4040 620 4124 dignabitur
644 4049 679 4102 et
702 4039 859 4119 benigne
884 4039 1007 4102 audire
1032 4052 1066 4102 et
1083 4042 1250 4125 quicquid
1273 4047 1483 4128 decreverit,

204 4151 458 4236 quamprimum
484 4150 552 4212 sibi
576 4147 688 4210 visum
705 4146 822 4225 luerit,
846 4144 930 4208 mihi
954 4147 1172 4228 significare;
1197 4151 1253 4213 cui
1278 4174 1483 4235 persuasum

203 4283 279 4326 esse
308 4260 434 4338 velim,
470 4258 499 4320 si
524 4267 576 4319 tot
602 4252 787 4335 Principes
817 4262 988 4334 vexatos,
1023 4240 1080 4318 tot'
1112 4255 1260 4321 Nobiles
1292 4279 1485 4341 oppressos

204 4371 466 4448 exhaustasque
481 4362 722 4446 Respublicas
744 4359 956 4441 neglexerit,
979 4362 1074 4424 haud
1098 4366 1209 4427 multo
1226 4376 1307 4446 post
1323 4377 1483 4450 tempore

203 4466 356 4539 'visuram
379 4475 518 4556 lapsum
550 4470 657 4534 totius
691 4467 743 4530 rei
776 4466 1048 4532 Ecclesiasticae
1080 4470 1116 4532 in
1144 4472 1212 4534 hac
1245 4472 1415 4554 Natione,
1450 4487 1484 4537 et

202 4582 400 4664 proximum
442 4580 609 4663 quodque
645 4594 793 4658 regnum
829 4583 1031 4638 secuturum
1066 4589 1139 4656 est,
1187 4588 1225 4640 ut
1265 4578 1340 4642 fieri
1382 4583 1483 4645 solet.

203 4688 291 4755 Nam
316 4711 385 4754 non
412 4691 502 4752 adeo
526 4695 608 4751 sunt
632 4681 754 4747 infecti
778 4680 969 4761 optimates
1003 4702 1081 4745 cum
1106 4683 1353 4768 Principibus;
1385 4700 1422 4751 ut
1454 4690 1483 4751 si

202 4799 269 4865 illis·
291 4798 484 4862 accesserit
507 4796 688 4875 auxilium,
712 4790 795 4873 quin
820 4788 889 4850 sint
905 4801 1101 4852 extremum
1119 4792 1277 4854 laborem
1298 4797 1482 4872 tentaturi;
