3330 5580
659 462 807 520 043201
848 462 906 517 sps

139 628 162 670 o
188 608 312 690 piacer
335 610 462 672 alcuno
488 630 525 671 se
544 630 614 673 non
632 632 729 673 esser
746 610 913 673 continuo
930 610 1066 671 intento
1083 610 1118 670 in
1140 608 1216 671 suoi
1241 608 1423 690 conseglii,

139 717 208 778 che
234 717 251 779 ὲ
277 737 348 779 una
372 738 456 779 cosa
480 717 699 781 incredibile.
746 718 792 780 Di
816 739 879 780 sue
904 717 995 778 virtu
1026 725 1062 778 et
1085 726 1247 796 resposte
1272 717 1422 797 pruden-

138 823 275 886 tissime
300 824 458 887 horamai
484 845 528 886 ne
552 825 667 906 potrei
692 824 810 906 implir
838 845 884 885 un
909 844 999 905 gran
1024 824 1136 901 libro,
1169 833 1205 886 et
1228 844 1334 904 spero
1359 826 1423 885 che

141 932 270 994 alcuna
294 933 392 993 volta
416 952 461 994 ne
486 931 634 995 referiri)
664 954 685 994 a
708 935 837 1010 bocca,
870 941 905 994 et
936 951 974 992 se
1007 951 1076 992 non
1113 930 1193 991 sara
1227 931 1374 992 molesto
1404 952 1424 992 a

144 1036 277 1099 Vostra
302 1036 471 1120 Signoria
494 1038 812 1101 Reverendissima
835 1038 914 1100 udir
938 1039 971 1099 le
995 1037 1088 1098 virtii
1112 1037 1144 1098 d'
1167 1038 1246 1098 altri
1272 1039 1423 1099 essendo

142 1164 225 1206 essa
247 1145 514 1209 virtuosissima.

232 1251 367 1314 Mando
392 1253 451 1314 doi
476 1253 674 1334 exemplari
699 1254 794 1317 della
818 1273 969 1315 censura
992 1252 1028 1314 di
1054 1251 1173 1330 Pari5‚
1207 1252 1229 1314 li
1259 1252 1354 1332 quali
1378 1254 1424 1315 ho

142 1357 234 1420 fatto
268 1364 325 1440 qui
350 1358 531 1441 imprimer
554 1380 620 1441 per
643 1381 732 1442 gran
758 1359 935 1423 rechiesta
959 1360 994 1421 di
1019 1359 1184 1421 Alemani
1215 1369 1249 1422 et
1278 1360 1312 1421 in
1339 1380 1424 1422 vero

140 1465 161 1525 ὲ
187 1465 484 1545 prudentemente
508 1467 599 1531 satta
623 1469 672 1529 tal
698 1487 862 1536 censura:
888 1488 958 1529 uno
982 1467 1059 1528 solo
1084 1467 1202 1527 hanno
1218 1466 1308 1528 fatto
1334 1469 1424 1529 male

141 1573 210 1634 che
235 1573 280 1634 de
303 1572 455 1654 primatu
477 1573 661 1637 Pontificis
687 1595 755 1636 non
782 1575 901 1635 hanno
925 1572 1015 1634 fatto
1039 1572 1195 1635 mention
1220 1574 1361 1652 alcuna,
1391 1574 1425 1634 la

140 1680 226 1759 qual
251 1700 335 1742 cosa
359 1679 452 1766 (meo
477 1681 620 1744 minimo
645 1680 789 1762 judicio)
825 1682 842 1743 ὲ
874 1679 935 1760 piu
964 1679 1071 1741 facile
1102 1700 1121 1742 a
1152 1699 1283 1760 provar
1307 1702 1352 1742 ex
1378 1681 1424 1742 di-

141 1785 237 1848 vinis
259 1786 399 1866 fitteris,
424 1791 490 1851 che
514 1791 622 1851 molte
648 1791 737 1852 altre
762 1809 844 1851 cose
869 1789 935 1849 che
959 1807 1048 1850 sono
1064 1787 1100 1848 in
1117 1789 1151 1849 la
1168 1789 1289 1850 chiesa
1304 1799 1425 1850 tenute

141 1892 353 1956 certissime.
401 1895 551 1958 Intende
577 1898 642 1958 che
667 1896 691 1958 li
716 1895 870 1957 Parisini
896 1894 1025 1955 dicono
1050 1895 1161 1955 haver
1189 1905 1426 1975 pretermesso

140 2011 271 2079 questo
295 2012 423 2082 ponto,
453 2023 497 2064 ne
522 2003 704 2065 videretur
732 2002 767 2064 in
801 2001 953 2083 gratiam
982 2000 1181 2080 Pontificis,
1215 2013 1275 2063 aut
1309 2005 1353 2063 ab
1384 2023 1426 2063 eo

141 2108 330 2170 subornati
355 2107 391 2169 id
415 2107 556 2189 fecisse,
582 2120 618 2171 et
632 2111 744 2191 perho
762 2111 796 2171 la
815 2111 892 2171 loro
910 2128 1060 2170 censura
1075 2110 1227 2169 sarebbe
1252 2120 1425 2189 suspetta:

140 2213 184 2276 Io
208 2217 399 2278 tuttavolta
424 2238 479 2278 me
505 2218 654 2281 dubbito
679 2219 746 2279 che
769 2218 889 2279 hanno
914 2217 1047 2279 lassato
1072 2236 1137 2296 per
1161 2217 1195 2277 la
1210 2237 1317 2277 causa
1341 2217 1427 2277 anti-

140 2340 215 2401 qua
240 2321 336 2385 della
359 2325 481 2385 schola
505 2323 670 2385 Parisino
694 2344 802 2404 super
818 2323 991 2385 Pontifice
1008 2333 1043 2385 et
1060 2323 1228 2385 concilio:
1255 2324 1426 2405 quidquid

139 2428 200 2506 sit,
224 2449 342 2510 spem,
367 2432 547 2511 passando
572 2451 638 2512 per
657 2431 685 2492 F
688 2451 794 2494 ranza
818 2434 910 2510 (nam
935 2450 1001 2511 per
1019 2429 1247 2492 Germaniam
1272 2451 1342 2492 non
1373 2442 1427 2493 est

140 2537 272 2616 tutum)
295 2545 422 2598 trattar
458 2538 585 2599 alcuna
619 2559 702 2600 cosa
731 2558 809 2599 cum
845 2537 934 2598 detti
967 2537 1108 2599 Dottori
1141 2537 1294 2599 Parisini
1328 2536 1426 2599 accio

140 2643 211 2703 che
234 2661 345 2704 ancor
367 2644 445 2705 loro
470 2643 650 2723 seguitino
675 2644 698 2706 l’
716 2644 840 2705 ordine
865 2644 959 2705 delle
984 2645 1073 2706 altre
1097 2646 1230 2723 schole,
1255 2654 1343 2706 etse
1368 2666 1426 2726 po-

139 2749 219 2827 tro,
244 2750 311 2811 che
336 2770 380 2811 ne
405 2749 521 2813 facino
549 2771 594 2812 un
619 2753 710 2814 altro
735 2761 902 2831 trattato,
926 2751 1058 2832 perche
1084 2771 1171 2814 sono
1196 2752 1255 2832 qui
1281 2751 1315 2812 in
1342 2750 1426 2813 Ger·

141 2855 260 2919 mania
290 2856 326 2919 di
355 2876 453 2938 gran
478 2878 582 2920 nome
615 2878 787 2940 appresso
817 2857 917 2938 tutti,
949 2878 1059 2921 ancor
1093 2859 1158 2920 che
1184 2859 1206 2919 li
1231 2859 1426 2921 Lutherani

141 2963 253 3044 dopoi
278 2963 363 3026 data
386 2964 490 3027 fuora
515 2974 641 3046 questa
666 2986 816 3028 censura
841 2986 879 3027 se
903 2986 948 3027 ne
972 2966 1154 3028 bertizano
1179 2986 1258 3045 ore,
1284 2975 1319 3027 et
1344 2966 1426 3043 risu,

142 3069 207 3131 sed
244 3072 354 3133 corde
384 3071 669 3153 disrumpuntur,
701 3083 737 3135 et
765 3083 864 3135 tanto
903 3073 962 3154 piu
999 3072 1130 3153 perche
1167 3072 1277 3134 Luter
1307 3073 1426 3135 avanti

143 3177 243 3239 detta
267 3197 418 3240 censura
441 3181 601 3260 protestd
625 3179 686 3259 piu
710 3177 794 3241 fiete
819 3181 919 3241 voler
943 3189 1017 3241 star
1040 3179 1097 3241 del
1126 3187 1217 3240 tutto
1242 3181 1275 3241 al
1297 3179 1427 3241 iudicio

142 3283 180 3344 di
204 3286 324 3365 quella
349 3284 553 3349 universita.
601 3287 633 3348 A
660 3287 791 3349 Vostra
816 3285 986 3367 Signoria
1017 3286 1335 3348 Reverendissima
1367 3289 1424 3348 hu-

142 3391 324 3455 milmente
348 3393 436 3454 baso
460 3393 493 3454 le
519 3393 612 3455 mani
636 3404 692 3455 etc
717 3402 783 3455 etc.

761 3867 813 3932 io.

171 3981 311 4064 Modica
338 3982 511 4063 memoria
538 4006 601 4084 pro
620 3984 705 4065 lino.
728 3984 905 4064 Aleandro
935 3983 1179 4066 commissario
1198 3988 1400 4088 apostolico

611 4120 650 4197 in
678 4117 773 4198 facio
800 4119 957 4198 Lutheri.

561 4267 662 4335 (Aeta
685 4264 849 4323 Wornac.
872 4264 929 4323 foi
948 4265 1017 4333 126.)

210 4411 398 4494 Glapionis
423 4433 444 4474 a
468 4412 693 4474 confessione
717 4410 862 4474 Caesari
888 4411 1071 4473 consilium
1096 4417 1367 4496 autographum.

235 4555 274 4617 In
299 4553 422 4637 primis
447 4555 532 4616 licet
556 4554 606 4617 ita
630 4554 675 4616 sit
699 4553 794 4634 quod
818 4554 986 4615 mandata
1017 4555 1181 4634 rigorosa
1212 4557 1281 4618 sint
1313 4558 1424 4639 publi·

150 4672 226 4724 cata
250 4663 285 4724 in
310 4662 463 4724 diversis
487 4661 573 4724 locis
597 4661 810 4741 solepniter,
838 4680 907 4720 non
934 4670 1051 4722 tamen
1083 4664 1320 4725 observantur
1344 4686 1424 4726 con-

151 4775 244 4831 tenta
278 4769 314 4831 in
349 4768 419 4832 illis
456 4771 502 4832 ob
537 4770 714 4831 defectum
750 4768 888 4829 illorum
926 4766 984 4847 qui
1025 4769 1183 4830 ulteriori
1221 4771 1424 4834 executioni
