3330 5580
707 513 765 565 0⁴3
804 516 856 568 274
896 513 954 567 ΞΗ

190 660 320 740 perche
344 680 409 740 per
433 661 468 720 la
492 680 616 740 pressa
641 681 661 721 0
687 680 752 739 per
777 660 890 722 evitat
916 661 1029 742 fatiga
1054 660 1170 742 questi
1195 661 1383 724 secretarii
1407 681 1473 722 non

189 768 223 828 lo
248 767 368 828 hanno
393 768 516 829 voluto
540 764 606 845 iar,
630 767 768 828 benche
793 766 828 828 in
854 788 940 829 vero
964 768 1070 851 pochi
1096 789 1184 831 sono
1209 770 1254 831 de
1279 770 1359 832 loro
1384 770 1475 830 bene

189 872 376 937 exercitati
408 872 442 935 in
474 884 600 954 questa
625 875 774 954 lengua,
806 885 841 935 et
866 874 974 954 quelli
998 894 1086 937 sono
1117 873 1388 955 impeditissimi.
1436 873 1475 936 Io

189 1001 295 1063 spero
320 980 457 1042 Lunedl
483 981 596 1041 andar
629 980 664 1042 in
689 980 881 1042 Antwersa
912 990 947 1042 et
970 981 1026 1043 far
1050 981 1233 1062 imprimer
1256 982 1358 1043 detto
1383 1001 1475 1043 man·

191 1088 274 1150 dato
298 1087 334 1149 in
359 1087 534 1167 francese,
559 1098 605 1167 et,
630 1087 659 1149 si
684 1088 800 1169 potro,
825 1108 956 1170 ancora
980 1088 1015 1150 in
1040 1087 1233 1170 hamengo,
1259 1087 1354 1150 sesi
1379 1108 1475 1150 recu·

189 1193 334 1275 perara;
359 1203 485 1275 questo
503 1194 603 1272 fatte,
629 1193 657 1256 si
678 1193 863 1256 attenderit
882 1216 902 1256 a
927 1194 948 1256 l'
963 1195 1152 1257 execution
1172 1194 1207 1256 in
1232 1194 1348 1275 questi
1365 1195 1476 1274 paesi,

189 1301 223 1363 in
248 1310 302 1364 tre
326 1322 347 1363 o
373 1311 515 1382 quattro
540 1301 633 1363 lochi
657 1301 717 1382 piu
742 1301 888 1382 celebri,
910 1304 975 1364 che
1000 1305 1070 1364 ben
1095 1302 1188 1365 assai
1212 1302 1375 1381 bastarh,
1399 1321 1475 1384 per·

190 1408 253 1470 che
279 1407 308 1470 si
332 1410 424 1470 vede
448 1410 518 1470 ben
544 1408 609 1469 che
634 1409 743 1470 molto
768 1428 856 1470 sono
881 1409 1027 1471 corretti
1050 1429 1115 1490 per
1138 1429 1176 1471 se
1202 1409 1323 1482 stessi3
1359 1410 1478 1472 solent

190 1515 282 1577 enim
307 1514 439 1577 subditi
464 1513 572 1576 vitam
596 1515 767 1598 principis
792 1515 971 1577 aemulari.

277 1623 334 1684 De
358 1620 550 1684 Germania
583 1622 672 1700 alta,
710 1643 811 1684 como
842 1621 1011 1684 referisce
1044 1623 1065 1683 l'
1081 1621 1214 1685 official
1248 1624 1294 1684 de
1327 1622 1478 1686 Treveri

158 1808 160 1812 ι
190 1731 255 1793 che
280 1729 339 1809 gia
372 1728 431 1790 doi
455 1729 572 1809 giorni
604 1729 722 1791 arrivo
747 1728 806 1810 qui
831 1741 866 1792 et
890 1729 924 1790 io
950 1731 996 1791 ho
1031 1750 1096 1811 per
1120 1729 1261 1792 diverse
1286 1730 1344 1791 vie
1370 1751 1476 1812 gene-

189 1838 465 1915 ralmente,.non
483 1835 512 1897 si
536 1837 637 1917 parla
661 1835 719 1916 piu
747 1838 791 1897 de
810 1836 942 1898 Luther
967 1837 1032 1898 che
1056 1857 1096 1899 se
1119 1836 1188 1899 mai
1213 1839 1246 1898 el
1266 1837 1365 1899 fusse
1385 1847 1478 1900 stato

189 1947 223 2006 al
247 1944 395 2016 mundo;
421 1942 464 2004 ne
489 1944 547 2004 val
572 1943 601 2004 a'
622 1942 815 2005 Lutherani
838 1943 994 2004 inculcat
1019 1964 1084 2025 per
1108 1943 1193 2025 ogni
1212 1943 1269 2005 via
1294 1952 1331 2005 et
1345 1944 1480 2006 astutia

189 2054 223 2115 la
247 2052 325 2112 loro
350 2050 542 2112 maledetta
558 2049 726 2130 dottrina,
753 2051 810 2112 del
835 2052 901 2112 che
918 2050 986 2112 Dio
1010 2050 1052 2111 sii
1069 2071 1208 2130 sempre
1225 2052 1360 2112 lodato.
1403 2050 1480 2114 Che

189 2179 268 2220 esso
293 2157 427 2219 Luther
452 2177 521 2218 non
548 2156 576 2218 si
601 2157 674 2218 scia
699 2178 766 2218 ove
791 2159 823 2218 el
849 2155 907 2229 sii;
940 2177 1006 2238 pur
1030 2156 1063 2218 io
1089 2158 1135 2218 'no
1166 2157 1210 2218 de
1236 2156 1481 2240 Norimberga

189 2267 255 2327 che
281 2265 306 2326 li
330 2263 407 2326 suoi
432 2262 624 2342 medesimi,
650 2272 744 2325 sotto
768 2264 889 2345 specie
915 2264 959 2324 de
980 2284 1077 2325 esser
1101 2283 1207 2344 preso
1229 2264 1274 2325 da
1290 2263 1313 2324 li
1331 2264 1480 2345 inimici,

189 2372 210 2434 l'
225 2374 344 2434 hanno
363 2373 541 2432 occultato
558 2391 623 2451 per
648 2370 871 2433 ordinatione
897 2370 933 2433 di
957 2373 992 2432 la
1015 2372 1122 2451 volpe
1147 2369 1328 2447 saxonica,
1355 2373 1482 2452 quello

189 2481 254 2542 che
279 2498 421 2559 sempre
445 2477 479 2538 io
505 2476 651 2550 iudicai;
677 2487 712 2539 et
737 2475 828 2539 cossi
853 2498 908 2540 me
933 2478 1048 2540 scrive
1073 2477 1097 2540 il
1122 2479 1262 2540 decano
1285 2478 1328 2539 de
1346 2477 1481 2541 Franc-

187 2587 305 2649 fordia
331 2588 397 2648 che
422 2585 461 2646 lu
477 2606 548 2647 uno
573 2587 618 2647 de
643 2584 667 2647 li
692 2586 853 2667 deputati
878 2586 936 2646 dal
951 2585 1099 2666 imperio
1116 2587 1150 2647 al
1166 2585 1306 2666 privato
1324 2606 1482 2649 examen

188 2694 225 2755 di
249 2694 394 2756 Luther.

279 2800 397 2880 Quelli
423 2799 481 2861 doi
505 2799 635 2881 grandi
659 2799 853 2862 Lutherani
879 2798 1078 2861 Bilibaldus
1101 2799 1325 2861 Birkammer
1349 2820 1478 2863 consu-

189 2907 275 2969 laris
307 2909 357 2988 (ut
381 2906 449 2987 ipsi
473 2906 607 2987 dicunt)
639 2915 675 2968 et
699 2906 853 2968 Lazarus
877 2905 1058 2987 Spengler
1082 2906 1294 2968 secretarius
1320 2905 1482 2970 Senatus

189 3012 513 3095 Norembergensis
544 3013 821 3093 Bambergensis
854 3013 1024 3091 diocesis,
1060 3013 1084 3076 li
1126 3013 1222 3094 quali
1255 3015 1346 3074 altre
1381 3016 1482 3076 volte

188 3122 291 3184 forno
328 3120 526 3201 pubblicati
563 3121 608 3181 da
643 3140 775 3183 messer
798 3120 909 3183 Echio
936 3141 1009 3201 per
1034 3119 1248 3200 Lutherani,
1289 3130 1324 3181 et
1360 3121 1481 3200 primo

188 3229 402 3311 appellorno
434 3228 479 3289 ad
505 3225 595 3289 S¹¹¹¹¹¹¹¹
620 3228 663 3290 D.
688 3227 730 3289 N.
756 3212 881 3290 melius
905 3227 1166 3289 informandum
1199 3229 1247 3289 de
1272 3227 1357 3308 ogni
1383 3230 1483 3291 bona

188 3344 295 3416 sorte,
319 3334 380 3416 poi
405 3356 443 3397 se
469 3334 716 3416 giustificorno
742 3355 915 3415 appresso
926 3323 1038 3397 ''detto
1056 3333 1165 3395 Echio
1192 3344 1227 3395 et
1249 3334 1413 3397 hebbero
1434 3336 1483 3398 da

188 3444 236 3507 lui
261 3445 296 3506 la
320 3443 562 3514 absolutione;
587 3443 612 3504 il
636 3445 701 3505 che
727 3464 797 3504 non
822 3446 986 3504 obstante
1010 3461 1099 3503 suno
1123 3441 1207 3502 stati
1231 3440 1357 3502 inclusi
1382 3462 1429 3504 ne
1447 3443 1481 3504 la

188 3553 286 3613 bulla
318 3549 440 3612 ultima
472 3558 596 3611 contra
619 3549 770 3628 Luther,
803 3559 842 3632 et
873 3549 908 3610 in
940 3549 973 3610 le
1005 3546 1136 3609 faculth
1167 3567 1338 3609 concesse
1370 3570 1392 3609 a
1419 3548 1480 3612 noi

188 3657 268 3721 altri
293 3659 338 3719 de
358 3677 428 3737 qua
455 3659 499 3719 de
516 3657 683 3719 absolvet
707 3657 731 3718 li
748 3654 923 3718 lutherani
940 3674 1027 3716 sono
1046 3653 1261 3734 exceptuati,
1286 3656 1351 3716 che
1368 3654 1480 3718 niuno

188 3765 212 3826 li
237 3764 334 3846 possi
359 3765 531 3826 absolver
561 3785 599 3826 se
624 3785 694 3826 non
721 3764 753 3825 el
777 3760 842 3825 S¹¹¹⁰
867 3763 984 3823 donde
1009 3760 1130 3823 fecero
1162 3763 1307 3842 querela
1333 3762 1393 3823 nel
1418 3762 1479 3824 im-

188 3872 288 3954 perio
299 3919 307 3951 ,
343 3871 537 3953 allegando
563 3872 628 3932 che
653 3890 762 3932 ancor
793 3871 858 3932 che
883 3868 1028 3931 fusseuo
1062 3867 1145 3929 stati
1170 3888 1191 3928 a
1215 3876 1308 3929 torto
1334 3888 1479 3932 excom·

188 3976 356 4040 municati
383 3978 429 4039 da
453 3979 552 4039 detto
577 3976 703 4055 Echio,
728 3986 845 4037 tamen
871 3976 931 4056 poi
957 3977 1003 4036 da
1028 3995 1106 4036 esso
1132 3995 1242 4036 erano
1268 3972 1350 4035 stati
1374 3977 1479 4039 abso-

188 4084 262 4166 luti,
287 4094 322 4147 et
347 4095 574 4147 monstrorno
600 4082 775 4163 scripture
801 4082 1004 4145 autentiche
1029 4102 1136 4162 sopra
1161 4081 1233 4152 cio;
1267 4081 1380 4161 perhh
1406 4103 1479 4146 non

188 4210 307 4253 essere
332 4191 366 4252 el
390 4190 501 4251 dever
527 4190 592 4251 che
618 4187 709 4251 cossi
734 4211 755 4251 a
779 4198 872 4251 torto
897 4189 1037 4251 iussero
1065 4187 1237 4250 diffamati
1262 4187 1296 4249 in
1321 4190 1355 4251 le
1379 4190 1481 4253 bulle

189 4297 246 4358 del
272 4295 336 4358 S¹¹¹⁰
362 4296 472 4359 Cesar
504 4297 528 4359 li
546 4317 690 4358 remese
715 4317 736 4358 a
760 4317 815 4359 me
847 4306 881 4357 et
906 4294 1067 4376 pacificai
1092 4294 1116 4356 il
1142 4297 1291 4357 tumulto
1323 4298 1390 4357 che
1417 4296 1481 4378 gia

188 4406 265 4466 loro
302 4402 504 4465 facilmente
541 4423 716 4466 moveano
753 4424 774 4464 a
809 4404 928 4484 quello
963 4412 1094 4485 tempo.
1143 4403 1191 4464 Al
1226 4413 1395 4482 presente
1432 4404 1481 4467 mi

187 4512 305 4572 hanno
330 4513 498 4572 mandato
521 4532 567 4572 un
593 4509 825 4573 instrumento
851 4509 1117 4592 procuratori0,
1153 4530 1230 4571 cum
1256 4507 1341 4589 ogni
1365 4509 1479 4573 humi·

187 4616 248 4680 lith
282 4626 318 4679 et
342 4617 585 4681 summissione
618 4618 868 4679 demandando
901 4636 995 4679 nova
1025 4616 1247 4696 absolution,
1284 4636 1369 4678 casu
1405 4638 1479 4699 quo

189 4726 307 4806 quella
333 4727 377 4786 de
393 4724 503 4787 Echio
529 4744 599 4787 non
624 4723 720 4786 fusse
746 4724 961 4797 sufficiente3
986 4726 1100 4805 perhh
1125 4744 1239 4805 prego
1261 4723 1305 4787 V.
1324 4725 1361 4788 S.
1379 4725 1480 4790 Rma

187 4831 279 4894 faeci
303 4840 430 4894 trattar
454 4851 626 4913 appresso
653 4831 685 4892 el
710 4831 805 4892 Rmo
831 4829 933 4893 Santi
957 4831 1108 4911 Quattro
1144 4852 1182 4893 se
1207 4831 1404 4913 expedisca
1429 4855 1478 4897 un
