3330 5580
817 456 1045 512 0460*st

291 600 326 662 id
351 603 445 682 quod
472 602 633 682 superius
657 603 703 665 de
730 602 870 664 Martini
895 602 994 664 libris
1020 601 1158 680 audisti,
1183 602 1316 664 factum
1341 611 1406 680 est,
1431 623 1503 665 non
1525 602 1572 664 fa·

292 709 358 771 cile
383 710 524 790 quidem
549 709 676 772 alicubi
701 719 849 791 propter
869 709 1106 792 importunam
1121 711 1388 773 lutheranorum
1403 710 1486 789 vim,
1511 713 1574 773 sed

290 814 349 896 pie
372 826 491 878 tamen
514 817 645 898 ubique
670 826 706 879 et
731 828 862 895 sancte,
885 838 954 880 non
981 817 1026 879 ad
1051 817 1168 879 odium
1195 826 1231 879 et
1247 816 1453 896 vindictam,
1478 819 1575 899 quod

292 922 483 985 Lutherani
510 922 655 1002 faciunt,
680 926 742 986 sed
768 924 829 1005 (ita
853 944 908 986 me
933 924 1030 986 iuvet
1054 920 1166 1008 Deus)
1190 925 1236 986 ad
1260 923 1344 986 fidei
1369 935 1514 987 nostrae
1540 937 1575 986 et

290 1030 433 1110 pietatis
458 1029 712 1109 defensionem,
738 1031 898 1112 quamvis
923 1030 1098 1094 lutherani
1123 1033 1215 1093 hanc
1240 1041 1393 1094 mentem
1416 1042 1574 1094 nostram

291 1138 381 1199 male
405 1138 681 1218 interpretantes
706 1139 830 1200 dolore
854 1138 1007 1219 quodam
1032 1137 1135 1200 huius
1152 1137 1202 1201 rei
1219 1138 1485 1219 disrumpantur
1501 1138 1573 1219 (qui

290 1243 422 1306 utinam
456 1246 599 1307 tandem
628 1245 839 1326 resipiscant
871 1254 906 1306 et
929 1245 964 1307 in
990 1244 1169 1326 antiquam
1194 1255 1399 1325 rectamque
1424 1247 1575 1307 redeant

291 1351 405 1431 viam).
444 1351 544 1413 Nunc
570 1362 608 1412 ut
633 1372 762 1414 novum
788 1354 990 1415 mandatum
1007 1351 1169 1414 Caesaris
1194 1352 1342 1414 consilio
1366 1361 1403 1413 et
1427 1372 1573 1414 assensu

290 1459 489 1540 principum
509 1459 671 1539 prodeat,
694 1472 915 1540 procuratur.
957 1458 1061 1539 Quod
1082 1480 1169 1522 vero
1189 1480 1273 1522 mox
1293 1459 1448 1521 futurum
1471 1459 1517 1522 sit
1538 1470 1575 1522 et

291 1585 394 1644 quem
411 1564 455 1626 sit
471 1586 527 1627 res
553 1565 631 1646 ipsa
654 1565 788 1628 exitum
811 1566 985 1645 habitura,
1011 1586 1214 1629 successum
1230 1578 1418 1646 praeterea
1435 1565 1574 1629 consilii

291 1683 326 1733 et
342 1693 474 1755 operae
490 1693 590 1736 meae
615 1673 699 1734 nulli
725 1693 840 1754 neque
864 1674 986 1756 obligo
1011 1695 1126 1755 neque
1151 1674 1338 1755 polliceor;
1363 1683 1489 1755 utpote
1512 1673 1572 1755 qui

291 1779 392 1841 nobis
410 1780 552 1860 quidem
570 1790 713 1842 strenue
728 1780 972 1859 laborandum,
992 1783 1123 1843 bonum
1140 1790 1258 1844 autem
1274 1790 1441 1844 eventum
1456 1803 1478 1844 a
1493 1782 1571 1844 Deo

291 1907 454 1948 censeam
485 1887 739 1968 expetendum;
775 1888 834 1968 qui
867 1888 895 1951 si
928 1908 998 1950 non
1030 1908 1288 1970 usquequaque
1319 1897 1475 1951 autnon
1500 1901 1571 1951 tam

291 1993 360 2057 cito
385 1993 537 2057 fortasse
561 2003 599 2056 ut
624 2014 808 2075 speramus
832 2006 867 2057 et
891 2006 1054 2076 optamus
1079 1995 1230 2075 eveniat,
1255 1995 1342 2057 illud
1366 2016 1422 2058 me
1445 1997 1571 2058 saltem

289 2101 462 2163 solabitur
495 2102 591 2182 quod
622 2120 801 2182 cognosco
835 2122 889 2163 me
922 2102 1061 2165 sincero
1094 2103 1210 2165 animo
1243 2112 1279 2165 et
1310 2104 1387 2166 solo
1412 2103 1512 2184 pacis
1537 2112 1572 2165 et

291 2207 554 2289 tranquillitatis
586 2208 763 2271 desiderio
793 2211 884 2271 hanc
911 2208 962 2293 (ut
986 2208 1063 2290 ipse
1088 2210 1221 2290 optime
1246 2210 1350 2292 nosti)
1375 2231 1446 2272 non
1470 2231 1493 2273 a
1516 2230 1572 2274 me

289 2316 471 2397 quesitam,
497 2318 560 2398 sed
584 2316 667 2378 mihi
691 2337 712 2378 a
737 2336 822 2379 vero
848 2316 944 2378 Petri
969 2337 1175 2381 successore
1200 2329 1235 2380 et
1254 2316 1384 2380 Christi
1407 2317 1442 2380 in
1467 2317 1572 2381 terris

289 2423 433 2502 vicario,
458 2425 613 2485 oblatam
638 2435 673 2485 et
696 2424 888 2486 iniunctam
910 2423 1141 2504 provinciam,
1166 2434 1204 2486 ut
1221 2426 1325 2488 decet
1340 2425 1571 2489 christianum

288 2530 466 2592 hominem
497 2541 533 2591 et
560 2529 701 2593 fidelem
726 2551 866 2593 servum
893 2551 962 2593 non
987 2531 1135 2594 invitum
1160 2533 1359 2614 suscepisse
1384 2540 1419 2596 et
1442 2531 1571 2595 fidelis-

289 2636 375 2698 sime
400 2636 740 2718 diligentissimeque
765 2647 950 2717 tractasse,
975 2639 1070 2719 quod
1094 2639 1257 2720 profecto
1282 2650 1320 2701 ut
1344 2640 1449 2702 etiam
1475 2640 1520 2701 de
1535 2649 1572 2702 te

289 2741 415 2805 sentio.
451 2743 504 2805 Ita
529 2764 633 2824 spero
660 2754 694 2806 et
719 2765 783 2826 pro
809 2757 992 2825 comperto
1014 2746 1130 2809 habeo
1149 2747 1245 2809 Petri
1261 2747 1459 2809 naviculam
1479 2766 1573 2827 quae

290 2850 521 2913 Photinianas
546 2860 673 2932 syrtes,
698 2871 789 2932 quae
814 2853 992 2934 carybdes
1017 2853 1249 2932 nestorianas,
1274 2874 1365 2934 quae
1386 2853 1573 2915 arrhianas

290 2959 558 3039 symplegadaS,
595 2979 686 3038 quae
722 2959 874 3040 denique
911 2960 1063 3022 omnium
1099 2960 1358 3023 haereticorum
1392 2961 1573 3041 procellas

289 3067 461 3127 hactenus
491 3065 592 3145 vicit,
626 3065 730 3128 facile
762 3076 798 3128 et
827 3066 914 3128 istos
945 3069 1151 3130 lutheranos
1173 3066 1300 3129 fluctus
1324 3076 1572 3148 superaturam

290 3183 324 3232 et
352 3172 541 3234 Lutherum
573 3171 687 3253 ipsum
721 3183 756 3236 et
788 3183 961 3255 quotquot
986 3174 1141 3237 Luthero
1166 3173 1290 3236 favent
1314 3185 1349 3237 et
1373 3175 1574 3236 adhaerent

288 3281 383 3341 haud
408 3279 456 3341 ita
481 3281 590 3342 multo
614 3289 697 3360 post
721 3280 863 3342 meritas
887 3282 1033 3343 daturos
1057 3301 1202 3361 poenas

396 3387 505 3465 Vale,
539 3387 585 3450 mi
609 3387 709 3466 Ecci,
735 3397 770 3449 et
794 3408 858 3468 per
882 3387 1071 3451 amicitiam
1096 3397 1253 3451 nostram
1276 3390 1340 3449 has
1365 3387 1501 3450 litteras
1526 3409 1574 3452 ne

290 3495 453 3575 divulges
478 3495 541 3557 sed
565 3494 628 3556 tibi
652 3494 712 3555 uni
738 3504 774 3557 et
796 3495 919 3576 paucis
945 3495 1031 3573 aliis,
1057 3515 1145 3576 quos
1169 3497 1283 3557 bonos
1300 3494 1451 3574 noveris,
1477 3515 1572 3558 com·

289 3622 412 3664 munes
435 3601 547 3663 facias
572 3613 690 3682 atque,
714 3600 744 3664 si
769 3602 851 3664 mihi
875 3587 948 3664 rem
974 3601 1209 3684 gratissimam
1235 3601 1354 3664 facere
1370 3601 1481 3683 cupis,
1509 3623 1574 3666 eas

193 3785 195 3790 .
290 3729 434 3791 prorsus
476 3708 686 3790 supprimas
752 3709 796 3771 Ni
831 3708 942 3771 facias
979 3729 1048 3772 non
1086 3720 1120 3771 te
1156 3712 1287 3772 bonum
1324 3708 1472 3771 amicum
1508 3729 1572 3790 pu·

289 3827 369 3881 tem.
407 3817 536 3878 Iterum
562 3818 641 3879 vale
658 3817 742 3880 Ecci
767 3816 900 3898 (velint,
926 3816 1037 3878 nolint
1062 3817 1257 3879 adversarii
1279 3814 1343 3898 tui)
1364 3816 1572 3896 ingeniosis·

289 3924 374 3986 sime
400 3935 435 3986 et
459 3923 670 3989 doctissime.
722 3923 974 4004 Berbetomagi
1001 3923 1227 4004 Vangionum
1253 3923 1344 3985 XIII
1369 3924 1452 3985 Kal.
1478 3923 1570 3985 Mar·

289 4031 355 4094 tias
379 4030 561 4096 MDXXI.
