3330 5580
723 471 951 528 *431an

196 641 266 684 non
293 620 483 684 damnavit.
531 619 576 681 Et
600 621 822 700 superhaec
846 618 965 681 omnia
995 619 1030 681 in
1062 619 1203 700 prefata
1234 622 1331 682 bulla
1355 642 1479 684 omnes

196 739 444 811 receptatores
476 727 684 789 defensores
714 726 873 788 fautores
897 736 964 789 etc.
1019 727 1163 789 Lutheri
1196 729 1295 808 quasi
1320 729 1476 791 damnati

196 836 381 898 videntur:
407 832 509 896 Sicut
533 844 650 896 autern
676 832 832 895 veridica
856 833 1029 896 relatione
1054 836 1098 895 ad
1123 854 1187 895 nos
1209 836 1398 897 deductum
1424 847 1478 897 est

195 943 289 1022 quod
318 941 410 1004 idem
437 941 614 1003 Lutherus
645 941 680 1001 in
705 939 811 1002 Curia
841 939 1060 1002 invictissimi
1092 951 1127 1001 et
1155 941 1380 1003 sacratissimi
1407 943 1473 1004 Do-

196 1049 279 1110 mini
304 1048 445 1111 Domini
463 1047 580 1109 Caroli
606 1046 768 1109 Caesaris
793 1046 1027 1127 potentissimi
1052 1047 1193 1109 Domini
1219 1057 1254 1109 et
1277 1048 1478 1111 fundatoris

194 1262 317 1324 tissimi
342 1261 514 1343 principis
539 1259 687 1323 consilio
716 1269 796 1322 sunt
827 1262 1054 1341 quamplures
1080 1261 1369 1342 Archiepiscopi,
1395 1264 1474 1343 Epi·

196 1369 312 1451 scopi,
345 1367 495 1446 Prelati,
530 1367 707 1428 Doctores
740 1377 775 1428 et
799 1367 1022 1429 omnifariam
1047 1369 1204 1448 experti,
1238 1369 1357 1449 ibique
1389 1370 1474 1432 nibil

195 1477 339 1557 dignum
373 1486 486 1537 morte
520 1485 579 1536 aut
612 1462 759 1536 infamia
784 1474 897 1536 eidem
928 1475 1082 1536 luthero
1108 1487 1223 1537 actum
1250 1496 1338 1555 esse,
1370 1497 1414 1538 ne
1439 1477 1472 1539 in

194 1583 365 1665 praedicti
383 1582 514 1644 domini
530 1581 701 1663 principis
726 1582 836 1644 nostri
849 1583 1021 1663 jacturam
1045 1601 1154 1663 agere
1172 1583 1355 1645 videamur
1371 1584 1475 1645 nobis

195 1710 416 1771 nequaquam
441 1689 548 1752 licere
573 1688 829 1769 precipitanter
853 1688 1010 1751 eiusdem
1033 1688 1203 1770 principis
1227 1692 1338 1753 nostri
1355 1704 1472 1752 mente

194 1818 262 1859 non
289 1797 412 1860 habita
436 1796 650 1878 procedere:
676 1795 720 1858 Et
745 1797 840 1875 quod
864 1795 956 1859 idem
981 1796 1138 1875 Joannes
1156 1796 1285 1858 Echius
1300 1798 1472 1860 Nuncium

194 1926 231 1966 se
247 1905 373 1967 asserit
396 1903 639 1985 apostolicum,
665 1904 711 1965 de
735 1903 832 1984 cujus
857 1903 1103 1965 commissione
1121 1905 1166 1966 de
1186 1905 1313 1966 notarii
1332 1925 1472 1985 quoque

194 2023 230 2073 et
268 2011 396 2092 prelati
429 2011 487 2092 qui
512 2020 769 2091 transumptum
798 2010 1038 2073 transmissum
1064 2013 1109 2072 ad
1141 2032 1204 2073 nos
1236 2024 1274 2074 ut
1304 2013 1473 2074 asseritur

193 2119 393 2181 munierunt
413 2117 663 2200 legalitatibus,
690 2117 774 2178 nibil
793 2126 942 2179 constat.
975 2118 1091 2198 Quum
1108 2117 1227 2198 itaque
1252 2139 1317 2181 nos
1334 2119 1472 2180 Rector

192 2225 353 2308 prefatus
377 2225 410 2287 in
437 2224 646 2287 consistorio
664 2233 785 2285 nostro
809 2244 875 2305 pro
891 2225 1094 2305 pluralitate
1109 2236 1272 2287 votorum
1290 2227 1469 2287 concluse-

193 2335 299 2396 rimus
324 2335 370 2394 ob
395 2332 630 2394 reverentiam
656 2329 883 2393 illustrissimi
917 2340 951 2391 et
976 2330 1200 2393 Invictissimi
1231 2332 1402 2413 principis
1437 2343 1471 2394 et

195 2441 334 2502 Domini
368 2440 478 2502 nostri
503 2437 645 2500 Domini
670 2438 787 2500 Caroli
812 2438 1057 2500 Romanorum
1083 2438 1309 2520 Imperatoris
1341 2451 1376 2501 et
1401 2441 1469 2501 Do·

194 2547 273 2608 mini
294 2546 508 2609 lierdinandi
535 2543 775 2609 Arcbiducum
802 2544 969 2607 Austriae
994 2545 1218 2607 fundatorum
1244 2558 1280 2607 et
1305 2547 1469 2607 Domino·

193 2674 267 2715 rum
293 2665 492 2715 nostrorum
518 2651 870 2714 clementissimorum
895 2673 936 2713 ac
961 2652 1114 2713 omnium
1140 2650 1379 2714 Cardinalium
1405 2655 1469 2714 Ar·

192 2761 499 2841 cbiepiscoporum
525 2760 768 2821 Praelatorum
794 2779 835 2820 ac
860 2759 1105 2840 temporalium
1130 2758 1328 2840 principum
1363 2760 1471 2821 totius

193 2868 404 2929 Germaniae
429 2887 474 2928 ne
500 2876 535 2928 et
560 2866 627 2947 ipsi
652 2867 788 2933 macula
813 2886 859 2927 ex
885 2867 1009 2927 eadem
1034 2867 1131 2927 bulla
1156 2874 1193 2926 ut
1216 2867 1385 2928 asseritur
1409 2880 1470 2928 aut

191 2975 322 3036 fulmen
348 2973 515 3051 sentiant,
541 2994 582 3035 ac
608 2975 655 3034 ob
679 2972 766 3035 alias
790 2993 916 3035 causas
950 2981 985 3033 et
1009 2973 1054 3034 ud
1081 2973 1267 3035 evitandos
1292 2975 1470 3052 tumultus,

190 3083 362 3142 clamores
387 3081 523 3161 populi,
548 3079 740 3141 seditiones
766 3100 857 3160 quae
881 3100 945 3160 per
971 3079 1246 3160 publicationem
1279 3093 1314 3142 et
1343 3102 1470 3143 execu-

189 3188 321 3249 tionem
347 3201 504 3250 nostram
530 3198 568 3249 ut
591 3186 783 3249 timendum
809 3195 862 3248 est
887 3198 1011 3248 contra
1036 3189 1167 3249 clerum
1192 3187 1376 3267 insurgere
1393 3210 1469 3271 pos·

190 3308 278 3375 sent,
305 3295 493 3375 negocium
518 3297 563 3356 ad
587 3305 727 3375 tempus
750 3294 828 3356 fore
854 3293 1106 3357 differendum:
1137 3307 1323 3377 sperantes
1355 3296 1383 3357 si
1409 3295 1469 3358 Se-

191 3404 253 3465 des
279 3402 489 3482 Apostolica
513 3404 557 3463 de
582 3402 635 3462 his
660 3400 791 3462 nostris
807 3396 948 3463 motivis
971 3401 1242 3463 rationabilibus
1267 3401 1374 3464 fuerit
1398 3403 1468 3483 ple-

191 3510 267 3572 nius
292 3509 481 3571 informata
505 3510 636 3571 nullam
661 3507 942 3589 indignationem
968 3529 1053 3570 suae
1077 3509 1274 3570 sanctitatis
1299 3530 1363 3570 nos
1388 3529 1469 3571 con·

190 3628 382 3679 tracturos:
408 3617 565 3678 decanus
589 3635 676 3678 vero
701 3627 737 3677 et
760 3615 921 3695 magistri
934 3615 1165 3696 Theologiae,
1191 3615 1390 3696 postposita
1416 3637 1469 3679 or-

189 3724 369 3786 dinatione
400 3723 540 3785 statutis
571 3722 771 3804 privilegiis
802 3732 838 3784 et
869 3722 1185 3784 consuetudinibus
1216 3722 1468 3799 universitatis,

189 3851 226 3892 se
252 3840 286 3893 et
311 3852 408 3892 suam
439 3833 643 3893 facultatem
669 3852 689 3892 a
717 3828 819 3892 nobis
844 3838 879 3891 et
901 3828 1130 3891 universitate
1155 3829 1318 3910 predicta
1342 3829 1468 3891 divise·

187 3949 269 4000 runt
293 3949 329 4000 et
353 3938 621 4000 declinaverunt
653 3957 717 4018 pro
749 3947 786 3998 ut
817 3936 851 3997 in
878 3936 947 3997 alio
973 3956 1142 4017 processu
1175 3947 1299 3999 contra
1323 3939 1468 3999 eosdem

188 4045 394 4126 'fbeologos
426 4045 546 4107 forsan
578 4046 777 4106 emanando
817 4044 955 4124 plenius
986 4043 1234 4105 continebitur.
1277 4043 1329 4104 Ne
1360 4043 1470 4124 igitur

184 4153 254 4233 jam
280 4152 362 4214 dicti
389 4151 564 4232 Theologi
589 4152 647 4212 vel
672 4152 884 4232 quicumque
908 4152 998 4211 alter
1024 4170 1116 4212 nunc
1149 4160 1210 4212 aut
1244 4150 1278 4211 in
1313 4150 1469 4212 futurum

188 4259 291 4320 nobis
320 4270 355 4319 et
383 4259 603 4320 universitati
638 4257 799 4338 prefatae
833 4257 976 4338 publice
1009 4258 1067 4318 vel
1101 4259 1239 4319 occulte
1271 4257 1469 4338 impingere

188 4377 334 4448 possent
359 4387 422 4427 nos
448 4375 483 4427 et
501 4364 765 4427 universitatem
790 4364 898 4426 fuisse
923 4384 1002 4426 esse
1020 4375 1080 4426 aut
1104 4364 1181 4426 fore
1207 4366 1392 4426 haeresum
1417 4385 1467 4426 er-

187 4493 304 4534 rorum
337 4483 397 4534 aut
427 4492 675 4553 perversorum
706 4474 910 4553 dogmatum
942 4480 1148 4553 receptores
1171 4472 1380 4534 defensores
1408 4481 1469 4533 aut

188 4591 430 4660 promotores,
456 4579 567 4640 nostri
592 4589 627 4641 et
651 4579 892 4641 universitatis
918 4578 1059 4640 nomine
1083 4598 1124 4639 ac
1150 4578 1301 4640 omnium
1334 4588 1369 4639 et
1400 4577 1467 4640 sin·
1513 4611 1533 4649 ο

187 4687 349 4766 gularum
367 4705 599 4766 personarum
619 4685 721 4747 nobis
738 4696 773 4747 et
793 4685 999 4766 praedictae
1024 4685 1246 4747 universitati
1270 4684 1466 4766 supposita-

188 4814 264 4857 rum
289 4803 324 4856 et
348 4792 588 4856 obedientium
613 4793 831 4873 nominibus,
862 4792 1066 4869 melissibus
1095 4793 1152 4856 via
1178 4793 1256 4877 jure
1287 4802 1324 4854 et
1353 4791 1468 4857 forma
