3330 5580
808 785 850 848 39

669 901 736 981 Leo
756 901 798 981 X
818 900 919 980 cuo]
954 900 994 981 il.

615 1031 715 1092 (Acta
738 1029 896 1089 wormat.
915 1029 970 1088 tol.
996 1028 1049 1100 80.)

283 1140 497 1204 Charissimo
526 1142 560 1204 in
587 1141 727 1205 Christo
756 1141 828 1203 filio
858 1152 979 1203 nostro
1004 1141 1133 1204 Carolo
1158 1141 1408 1203 Romanorum
1434 1161 1474 1202 ac

195 1247 447 1328 Hispaniarum
472 1248 570 1329 Regi
596 1247 770 1310 catholico
794 1248 830 1310 in
855 1248 1111 1329 Imperatorem
1137 1249 1251 1310 electo
1262 1247 1296 1328 ¹).

284 1354 498 1421 Charissime
523 1355 557 1418 in
576 1354 716 1419 Christo
741 1355 790 1418 fili
815 1364 937 1417 noster
961 1357 1124 1424 salutem:
1150 1355 1265 1417 Tanta
1290 1364 1344 1416 est
1368 1363 1475 1435 atque

194 1463 284 1524 adeo
320 1462 476 1542 notoria,
512 1472 548 1525 et
584 1462 753 1525 universo
789 1463 867 1525 orbi
895 1472 1069 1525 terrarum
1095 1461 1296 1541 manifesta,
1329 1459 1474 1523 Martini

195 1568 339 1630 lutheri
356 1569 617 1648 heresiarchae,
642 1589 713 1631 non
730 1570 843 1631 solum
861 1568 895 1630 in
922 1589 986 1630 nos
1010 1578 1045 1631 et
1060 1570 1152 1631 hanc
1166 1578 1324 1631 sanctam
1341 1570 1473 1648 sedem,

194 1675 256 1736 sed
282 1685 406 1737 contra
435 1675 539 1737 etiam
569 1675 679 1757 ipsius
706 1674 790 1738 fidei
814 1676 1011 1746 veritatem,
1037 1695 1078 1737 ac
1104 1686 1306 1738 sanctorum
1331 1685 1472 1756 patrum

194 1783 338 1844 decreta
353 1781 520 1862 pertinax
544 1793 580 1844 et
604 1783 816 1845 detestanda
838 1782 1029 1860 temeritas
1054 1803 1159 1863 quam
1183 1782 1296 1845 fetido
1322 1803 1384 1845 ore
1410 1803 1472 1844 suo

193 1890 310 1969 palam
327 1888 513 1970 predicare
531 1909 571 1951 ac
597 1889 797 1952 celsitudini
823 1890 926 1952 etiam
952 1899 1034 1952 tuae
1060 1911 1125 1971 per
1149 1890 1319 1972 epistolas
1344 1899 1381 1951 et
1405 1889 1473 1952 alia

192 1995 324 2077 scripta
341 2017 404 2058 sua
420 1995 557 2058 nefaria
580 1996 781 2079 significare
808 2018 876 2060 non
902 2007 1055 2076 veretur,
1081 1997 1236 2078 quinimo
1254 1996 1414 2058 inaudito
1439 2005 1473 2058 et

192 2102 365 2166 effrenato
382 2104 534 2184 quodam
554 2102 675 2166 furore
692 2105 833 2186 satagit,
858 2115 896 2166 ut
913 2125 1027 2186 neque
1044 2114 1165 2167 nostro
1182 2114 1217 2166 et
1231 2104 1335 2167 huius
1350 2113 1472 2166 sancte

192 2210 287 2272 sedis
313 2210 432 2272 decori
458 2211 647 2274 conveniat
669 2233 747 2274 eam
771 2212 884 2292 magis
901 2231 1064 2292 arguere,
1089 2212 1222 2293 quippe
1247 2230 1339 2292 quae
1364 2232 1385 2273 a
1409 2231 1472 2273 suo

192 2317 303 2397 ipsius
318 2328 464 2380 auctore
482 2317 567 2380 satis
591 2298 707 2381 indies
731 2339 801 2381 non
819 2321 932 2380 solum
957 2318 1202 2400 impurissimis
1227 2327 1262 2380 et
1287 2317 1472 2399 sacrilegis

191 2425 330 2505 verbis,
365 2426 427 2486 sed
463 2423 579 2506 impiis
613 2426 718 2488 etiam
748 2425 917 2508 operibus
941 2425 1121 2507 detegitur
1144 2446 1185 2487 ac
1210 2424 1470 2487 manifestatur:

192 2532 292 2610 Quae
327 2551 405 2593 cum
439 2531 549 2612 ipsius
584 2533 688 2595 etiam
712 2532 910 2614 Majestatis
938 2534 1035 2595 Tuae
1069 2543 1198 2594 statum
1232 2542 1267 2594 et
1300 2535 1471 2594 honorem

190 2638 413 2719 apertissime
437 2648 597 2719 tangant,
623 2639 835 2721 minimeque
861 2641 1093 2702 dubitandum
1118 2639 1172 2719 sit,
1197 2639 1280 2720 quin
1298 2638 1472 2702 celsitudo

191 2754 251 2807 tua
282 2744 439 2824 noverit,
474 2765 565 2825 quae
595 2767 681 2809 suae
710 2747 780 2808 sint
811 2757 932 2828 partes
942 2796 949 2825 ,
979 2757 1017 2808 ut
1040 2747 1153 2829 pestis
1176 2746 1244 2808 ista
1267 2746 1302 2808 in
1328 2746 1472 2826 Imperii

190 2850 242 2911 sui
266 2850 394 2913 finibus
411 2862 548 2933 exorta,
571 2853 776 2933 priusquam
796 2854 930 2916 maiora
952 2854 1121 2935 suscipiat
1144 2854 1372 2932 incrementa,
1397 2855 1470 2934 plu·

190 2978 317 3037 resque
335 2957 464 3020 Christi
479 2958 603 3021 fideles
625 2960 820 3041 pernitiosa
836 2961 910 3023 eius
925 2964 1009 3023 tabe
1033 2960 1243 3039 inficiantur,
1269 2969 1472 3040 opportune

192 3067 355 3143 tollatur,
387 3087 428 3128 ac
461 3067 603 3147 penitus
628 3067 873 3148 extinguatur:
923 3067 1014 3149 Quia
1043 3089 1156 3149 nuper
1186 3078 1304 3130 tamen
1335 3067 1381 3128 ad
1406 3087 1470 3129 nos

189 3172 353 3255 pervenit
378 3173 530 3256 epistola
555 3175 729 3255 quaedam
754 3174 788 3236 in
804 3176 985 3256 publicum
1010 3175 1105 3237 edita
1130 3185 1166 3237 et
1189 3174 1374 3256 impressa,
1399 3195 1470 3255 qua

190 3281 304 3342 dictus
329 3280 502 3343 Martinus
527 3284 593 3344 sub
618 3292 802 3345 mansueta
826 3303 893 3345 ove
918 3284 1038 3364 lupum
1057 3282 1323 3364 rapacissimum
1346 3302 1470 3362 agens,

190 3399 225 3450 et
238 3387 393 3451 Luciferi
418 3390 620 3470 superbiam
646 3390 808 3452 simulata
825 3393 1014 3453 verborum
1028 3389 1225 3453 humilitate
1242 3390 1468 3467 adumbrans,

189 3495 366 3577 Majestati
382 3496 411 3557 's
415 3516 480 3558 uae
505 3498 654 3559 subdole
679 3518 717 3560 se
742 3498 920 3560 insinuare
937 3509 1100 3569 conatur;
1127 3518 1167 3558 ac
1186 3497 1218 3558 ei
1240 3497 1469 3577 persuadere,

188 3605 282 3683 quod
308 3602 438 3664 invitus
463 3603 498 3665 in
522 3603 703 3684 publicum
727 3605 835 3682 venit,
868 3625 908 3667 ac
934 3605 1082 3668 aliorum
1107 3604 1142 3666 vi
1167 3614 1202 3666 et
1225 3603 1362 3665 insidiis
1391 3622 1468 3684 pro·

188 3710 281 3772 ditus
306 3709 456 3791 scripsit,
484 3711 650 3791 quicquid
675 3711 827 3793 scripsit,
853 3721 888 3773 et
903 3712 1042 3774 demum
1059 3720 1206 3792 propter
1224 3710 1469 3792 evangelicam

188 3817 389 3895 veritatem,
425 3838 529 3899 quam
568 3820 741 3881 adversus
772 3818 1036 3900 superstitiosas
1064 3820 1239 3881 humanae
1268 3817 1469 3880 traditionis

188 3923 374 4004 opiniones
399 3926 570 4006 evulgare
595 3945 633 3987 se
657 3925 782 4004 iactat,
816 3926 904 4005 iras,
940 3926 1189 4004 contumeliaS,
1223 3925 1400 4007 pericula,
1433 3937 1470 3988 et

189 4030 358 4111 quicquid
382 4032 464 4094 mali
489 4033 687 4114 excogitari
711 4042 848 4114 potest,
879 4034 954 4095 sine
985 4032 1055 4096 fine
1084 4033 1233 4114 patitur,
1263 4054 1304 4095 ac
1336 4033 1470 4096 frustra

188 4137 327 4199 veniam
352 4138 453 4220 petit,
477 4138 609 4201 frustra
627 4140 803 4202 silentium
829 4140 944 4219 offert,
969 4140 1100 4202 frustra
1121 4139 1220 4223 pacis
1246 4139 1469 4202 conditiones

190 4245 373 4326 proponit,
398 4245 529 4308 frustra
555 4246 685 4309 erudiri
710 4248 858 4310 meliora
881 4249 1053 4329 postulat,
1079 4257 1114 4310 et
1139 4268 1217 4309 cum
1241 4246 1374 4308 frustra
1398 4267 1467 4309 om-

187 4351 245 4413 nia
270 4353 432 4429 tentarit,
466 4353 500 4415 in
536 4374 614 4416 eum
648 4370 764 4416 tamen
798 4355 833 4415 id
866 4364 1028 4436 paratur,
1063 4367 1100 4416 ut
1132 4355 1363 4435 extinguatur
1388 4374 1468 4417 cum

186 4458 352 4521 universo
376 4460 585 4541 Evangelio,
610 4483 650 4524 ac
676 4471 879 4542 propterea,
904 4471 942 4524 ut
966 4483 1004 4524 se
1021 4463 1134 4525 Beato
1151 4461 1349 4524 Athanasio
1375 4481 1466 4523 com·

187 4576 307 4646 paret,
339 4566 564 4647 imperialem
592 4568 815 4649 Majestatem
844 4569 1004 4632 invocat:
1057 4569 1148 4649 Quia
1176 4571 1266 4632 haec
1291 4580 1326 4631 et
1351 4569 1467 4631 huius-

207 4739 231 4803 ¹l
261 4745 334 4791 Haec
360 4745 474 4807 epistula
499 4762 550 4794 non
577 4747 627 4794 suit
651 4747 713 4794 data
732 4748 837 4796 Caesari
863 4750 908 4796 sed
936 4757 1035 4797 tantum
1056 4749 1135 4796 missa
1155 4748 1260 4795 Nuncio
1281 4748 1418 4796 Alcandro
1439 4757 1468 4797 ut

257 4825 355 4872 eruitur
374 4840 406 4872 ex
424 4827 499 4890 epist.
523 4826 699 4876 Vicecancell.
720 4829 752 4875 ad
773 4828 937 4879 Aleandrum
958 4830 1001 4878 die
1020 4837 1114 4877 octavu
1134 4828 1223 4876 Martii
1244 4830 1355 4879 Ducum.
1376 4830 1417 4889 38.
