3330 5580
671 489 917 544 oculte*

151 634 212 697 vel
237 634 393 697 incertus
410 634 455 696 sit
478 636 538 697 vel
562 635 798 697 tardiusculus
814 635 951 697 futurus
967 644 1140 716 speretur,
1165 635 1274 698 satius
1291 636 1433 717 quidem

152 741 352 823 putaverim
377 741 558 823 principes
581 741 720 822 imperii
744 741 935 805 convenire
972 763 1076 823 quam
1105 743 1293 823 negocium
1316 743 1431 806 huius·

151 849 248 911 modi
273 848 427 921 differri:
453 859 602 930 possunt
635 849 780 912 ettenim
816 869 861 911 ex
892 849 1095 931 praeteritis
1119 850 1302 912 admoneri
1327 871 1432 931 quam

155 955 491 1038 perniciosissimum
505 955 611 1018 fuerit
626 958 672 1017 ab
688 955 788 1018 initio
805 976 875 1018 non
894 956 1074 1037 restitisse,
1093 968 1128 1019 et
1136 957 1276 1038 quantis
1293 957 1431 1038 quibus·

152 1083 222 1144 que
246 1063 413 1146 periculis
430 1064 579 1143 quisque
601 1083 722 1125 eorum
739 1062 893 1142 agitatus
908 1062 963 1142 sit,
989 1084 1008 1125 a
1025 1063 1152 1143 quibus
1169 1063 1310 1126 omnino
1328 1062 1432 1126 liberi

152 1191 231 1232 esse
255 1170 453 1252 potuissent
477 1170 506 1231 si
531 1171 581 1251 (ut
603 1190 669 1251 par
693 1165 783 1253 erat)
807 1189 913 1231 cause
937 1170 1150 1250 gravitatem
1173 1171 1287 1233 metiri
1303 1170 1432 1233 voluis·

151 1290 241 1356 sent,
265 1297 334 1358 que
359 1297 465 1358 quum
490 1276 577 1339 nihil
601 1277 684 1338 dum
709 1276 826 1359 sopita
850 1276 1065 1358 conspicitur
1089 1286 1125 1339 et
1147 1277 1240 1339 illius
1265 1277 1433 1358 reliquias

150 1386 282 1468 ubique
306 1385 430 1447 audire
454 1384 555 1465 licet,
590 1383 696 1447 facile
727 1383 805 1446 fore
834 1385 1044 1447 crediderim
1077 1385 1172 1465 quod
1203 1405 1292 1466 quos
1326 1395 1432 1446 antea

151 1491 204 1555 rei
228 1492 368 1553 novitas
397 1510 541 1554 movere
570 1510 641 1553 non
670 1500 813 1572 poterat
845 1492 989 1554 eosdem
1017 1491 1086 1554 iam
1111 1501 1231 1554 teneat
1254 1491 1432 1573 posterior

150 1600 321 1661 malorum
347 1597 533 1676 acerbitas,
559 1618 604 1660 ex
629 1617 699 1678 qua
723 1598 905 1661 cauciores
928 1600 1137 1679 reddantur,
1162 1608 1200 1661 ut
1224 1599 1348 1662 eadem
1372 1600 1430 1660 vel

151 1704 330 1767 deteriora
344 1703 614 1786 pertimescant;
640 1706 714 1783 sed,
739 1718 775 1768 et
800 1705 828 1766 si
847 1705 940 1768 idem
957 1715 1153 1770 conventus
1169 1705 1344 1787 proficere
1360 1725 1430 1767 non

150 1811 284 1894 poterit
307 1812 352 1874 ad
377 1832 434 1875 res
458 1811 600 1893 penitus
624 1811 828 1892 firmandas,
851 1823 953 1895 peste
977 1815 1044 1876 hae
1091 1813 1280 1893 eradicata,
1305 1813 1430 1876 saltem

149 1918 282 2000 poterit
305 1921 430 1982 modus
454 1917 628 2001 quispiam
652 1918 803 1981 inveniri
835 1938 905 2001 quo
928 1906 994 1983 ‘res
1024 1922 1261 2001 undequaque
1285 1920 1431 1983 solidior

149 2026 197 2088 sit
220 2046 331 2107 usque
356 2029 482 2089 saltem
505 2028 552 2088 ad
576 2026 719 2107 aliquod
745 2025 940 2089 Concilium
956 2029 1052 2108 quod
1069 2028 1260 2108 aliquando
1275 2028 1430 2090 futurum

150 2141 362 2214 expectatur
384 2145 546 2215 tempore
571 2133 744 2214 quietiori.
783 2133 914 2196 Verum
940 2134 1082 2214 quidem
1107 2135 1135 2197 si
1159 2134 1216 2197 hic
1233 2144 1430 2198 conventus

149 2239 216 2303 erit
248 2239 470 2320 indicendus,
504 2239 628 2322 putavi
658 2237 704 2301 Sti
738 2239 785 2300 Vt
816 2240 967 2321 quedam
999 2261 1077 2302 esse
1110 2241 1325 2324 exponenda
1361 2261 1429 2323 que

149 2344 323 2431 (utputo)
348 2347 560 2428 cognovisse
591 2365 663 2409 non
695 2346 761 2409 erit
792 2347 915 2409 inutile
941 2348 997 2409 vel
1021 2347 1208 2429 ingratum.
1256 2348 1368 2411 Erunt
1391 2348 1428 2410 in

151 2455 213 2516 illo
238 2464 416 2516 conventu
441 2452 615 2535 speciales
639 2453 833 2515 comissarii
861 2464 1027 2535 quattuor
1050 2474 1116 2535 pro
1139 2474 1284 2517 cesarea
1308 2453 1428 2535 Maye·

151 2570 263 2640 state,
295 2558 490 2622 Guilelmus
522 2560 674 2623 Bavarie
707 2571 742 2622 et
766 2559 955 2622 Heinricus
979 2560 1275 2623 Braunsbicensis
1299 2561 1428 2641 Duces,

149 2666 340 2731 Casimirus
363 2668 721 2749 Brandenburgensis
738 2676 773 2730 et
788 2667 974 2749 Philippus
992 2668 1166 2730 Badensis
1183 2668 1427 2740 Marchiones;

148 2775 211 2838 sed
225 2795 331 2856 quum
345 2775 437 2836 inter
460 2784 580 2836 cetera
595 2774 781 2836 tractanda
795 2777 862 2837 hoc
879 2794 985 2836 unum
1003 2774 1069 2837 erit
1085 2774 1326 2856 praecipuum,
1350 2774 1429 2855 ipsa

148 2881 285 2944 heresis
309 2883 480 2961 luterana,
506 2892 541 2943 et
565 2884 631 2943 hec
656 2884 734 2962 ipsa
758 2901 957 2962 quanquam
982 2879 1210 2943 Germaniam
1234 2892 1345 2944 totam
1369 2880 1427 2943 im-

151 2987 411 3071 presentiarum
436 2990 680 3050 tantummodo
704 2988 876 3066 infecerit,
899 3008 1005 3068 quum
1026 2999 1142 3050 tamen
1168 2990 1212 3051 ad
1230 2989 1300 3051 alia
1316 3008 1428 3069 regna

149 3106 339 3180 penetrare
354 3095 475 3176 possit,
491 3115 675 3158 commune
689 3095 830 3157 videtur
843 3094 1030 3176 negocium
1044 3107 1243 3158 ceterorum
1257 3095 1362 3158 etiam
1376 3116 1426 3158 re·

150 3223 301 3284 gnorum
310 3202 377 3281 cui,
389 3212 423 3264 et
432 3202 587 3283 reliquos
599 3211 804 3283 potentatus
815 3201 986 3264 interesse
1000 3203 1152 3264 maxime
1166 3201 1364 3281 conveniat,
1378 3202 1426 3264 sic

152 3321 313 3373 oratores
347 3309 496 3372 Francie
528 3309 659 3390 Anglie
691 3309 876 3390 Hungarie
904 3310 1053 3372 Polonie
1086 3309 1305 3372 Venetorum
1330 3309 1429 3372 ducis

148 3417 344 3480 Mediolani
362 3431 397 3479 et
412 3417 511 3496 alios,
532 3427 696 3500 preterea
722 3437 828 3479 unum
853 3426 913 3479 aut
937 3419 1086 3479 alterum
1111 3417 1169 3497 qui
1194 3435 1259 3498 pro
1283 3416 1428 3498 reliquis

147 3523 311 3586 dominiis
336 3523 437 3585 Italie
461 3522 541 3585 huic
565 3523 658 3605 pesti
682 3523 911 3605 proximioris
941 3522 1038 3585 vices
1069 3531 1196 3603 agant,
1229 3522 1264 3584 in
1300 3525 1427 3586 eodem

148 3640 344 3703 conventu;
369 3641 476 3711 atque
500 3630 581 3692 ideo
605 3640 643 3691 ut
659 3650 766 3711 quum
782 3631 826 3691 de
842 3651 949 3692 causa
964 3629 1048 3691 fidei
1063 3628 1261 3692 Christiane
1278 3639 1428 3693 tractan-

148 3738 231 3799 dum
264 3736 308 3798 sit
339 3739 434 3818 quod
466 3737 580 3800 eidem
609 3736 740 3818 prefati
773 3747 977 3819 potentatus
1017 3757 1099 3799 suos
1131 3737 1256 3799 adesse
1290 3747 1427 3818 putent,

148 3845 239 3907 sicut
263 3845 297 3907 in
312 3844 472 3925 negoci0,
498 3845 593 3925 quod
610 3864 680 3906 non
699 3857 752 3906 est
769 3844 959 3908 Germanic
975 3843 1158 3926 proprium
1176 3864 1297 3906 verum
1322 3843 1427 3906 etiam

147 3952 310 4014 omnibus
338 3951 459 4033 regnis
491 3951 770 4014 Christianorum
800 3972 1004 4030 commune,
1039 3964 1076 4013 ut
1111 3970 1201 4033 quos
1230 3971 1299 4013 una
1336 3950 1427 4015 fides

147 4059 349 4138 connexuit,
381 4061 546 4121 studeant
571 4070 606 4121 et
637 4059 764 4140 quibus
794 4070 943 4140 possunt
974 4057 1130 4120 consiliis
1163 4059 1312 4120 eandem
1347 4078 1425 4139 pro·

147 4185 309 4249 pugnare
342 4178 377 4228 et
411 4167 528 4228 tutari.
584 4167 641 4228 Ad
673 4167 768 4247 quod
798 4165 904 4229 etiam
935 4165 1122 4247 plurimum
1156 4165 1372 4227 conduceret
1397 4166 1426 4228 si

147 4273 308 4335 Helvecii
335 4273 496 4335 nunctios
521 4294 602 4335 suos
627 4274 753 4335 eodem
777 4272 1011 4344 destinarent;
1045 4274 1090 4335 de
1117 4272 1187 4333 illis
1221 4271 1335 4335 sentio
1368 4273 1426 4354 qui

147 4380 202 4444 his
226 4380 406 4442 erroribus
430 4402 498 4442 non
524 4381 757 4458 adheserunt,
783 4400 941 4462 quosque
972 4381 1096 4442 eadem
1124 4378 1235 4461 pestis
1268 4380 1426 4443 nonnihil

147 4485 239 4549 inter
274 4507 356 4549 suos
386 4485 527 4550 afflixit:
554 4488 616 4549 sed
641 4497 724 4548 ante
749 4485 865 4549 omnia
888 4497 1048 4568 putarem
1075 4484 1240 4549 Cesarem
1265 4506 1344 4549 esse
1368 4489 1425 4549 ad-

147 4594 357 4674 ducendum,
382 4595 477 4675 quod
492 4604 612 4676 preter
628 4594 706 4655 illos
722 4593 946 4656 comissarios
962 4613 1044 4655 suos
1061 4591 1293 4656 Germanicos
1308 4613 1424 4675 quem·

147 4701 242 4782 piam
266 4700 452 4782 hispanum
483 4702 596 4763 virum
628 4720 774 4782 gravem
806 4710 842 4762 et
872 4701 1056 4762 cordatum
1087 4699 1260 4781 mitteret,
1294 4701 1353 4783 qui
1388 4701 1423 4764 in

149 4819 327 4870 conventu
351 4809 429 4890 ipso
455 4809 653 4890 explicaret
677 4827 790 4889 regna
813 4807 873 4869 illa
897 4808 1162 4889 Hyspaniarum
1186 4807 1424 4871 attrocitatem
