3330 5580
712 508 959 566 ecloum*

192 657 527 739 quomodocumque
559 655 779 739 accipiantur
802 657 914 719 verba
942 676 1039 737 mea,
1070 655 1153 718 mihi
1186 655 1273 719 satis
1306 674 1385 719 esse
1416 675 1477 737 pu·

192 765 280 827 tabo
316 763 412 845 quod
444 772 541 825 recte
571 762 719 825 sentiam
755 763 801 826 de
831 763 875 826 V.
904 764 966 825 ΒΜ
993 763 1157 844 illiusque
1185 764 1294 828 revml'
1327 760 1478 826 dominis

194 870 457 951 Cardinalibus,
482 889 547 951 pro
572 890 642 951 qua
667 880 702 932 et
726 868 813 951 ipsis
837 871 931 932 omni
956 883 1117 953 tempore
1141 891 1212 934 non
1237 871 1387 934 cessabo
1404 868 1476 932 ubi-

194 998 345 1060 cumque
375 976 478 1040 fuero
507 975 616 1039 officii
650 976 718 1038 mei
751 976 910 1039 debitum
942 977 1168 1058 impendere,
1204 997 1293 1060 quos
1324 976 1475 1040 maxime

194 1093 381 1147 curaturus
405 1104 481 1146 sum
506 1084 601 1164 apud
626 1095 746 1145 sermum
770 1083 966 1165 principem
991 1086 1037 1146 ad
1061 1103 1166 1165 quern
1191 1082 1293 1146 brevi
1317 1103 1372 1146 me
1396 1102 1476 1165 pro·

197 1189 306 1254 ficisci
343 1199 485 1273 oportet
524 1189 650 1253 litteris
683 1200 721 1253 ut
757 1190 1002 1272 frequentibus
1026 1191 1075 1252 ita
1108 1188 1379 1253 vehementibus
1412 1208 1475 1252 sue

196 1297 400 1361 serenitatis
416 1297 672 1379 interpellatus.
690 1346 698 1362 .
717 1351 721 1361 .
762 1298 816 1359 Ex
833 1298 1004 1361 Tridento
1021 1297 1078 1360 die
1095 1297 1143 1360 X.
1160 1296 1249 1361 Nov.
1273 1294 1475 1359 MDXXV.

798 1637 873 1702 265.

639 1763 811 1843 Rorarius
839 1760 1011 1843 Sedoloto.

596 1909 738 1973 (varior.
768 1909 812 1968 ad
839 1910 936 1968 olem
959 1909 996 1968 11.
1022 1909 1072 1975 61.)

661 2030 712 2083 116.
733 2031 891 2079 Novembris
915 2029 1001 2097 1525.)

284 2153 422 2216 Scrisse
447 2153 507 2235 gie
531 2153 592 2235 piu
617 2153 733 2235 giorni
758 2176 779 2217 a
803 2154 847 2216 V.
873 2154 908 2217 S.
934 2156 1010 2217 R¹¹¹⁸
1033 2156 1078 2217 de
1103 2163 1235 2236 quanto
1258 2162 1429 2235 pertenea
1452 2173 1474 2214 a

196 2264 229 2323 la
253 2261 373 2323 futura
405 2261 501 2322 dieta
529 2260 710 2342 imperial,
742 2262 784 2323 ne
816 2264 928 2343 perhd
958 2260 1072 2324 finora
1100 2261 1120 2324 ὲ
1153 2262 1304 2324 alchuna
1336 2270 1474 2324 certeza

193 2369 259 2431 che
283 2368 306 2429 li
331 2367 486 2429 habiano
511 2388 532 2429 a
557 2367 657 2430 venir
681 2369 837 2451 Principi
856 2369 1009 2432 Electori
1024 2369 1321 2451 personalmente,
1339 2366 1474 2429 anchor

193 2476 259 2537 che
284 2475 425 2537 alchuni
450 2474 495 2537 de
520 2475 615 2536 lorro
639 2476 746 2537 habia
770 2475 829 2556 gia
853 2476 913 2557 piu
945 2475 1058 2557 giorni
1085 2476 1261 2537 conducto
1285 2472 1473 2537 lozamenti

192 2582 341 2644 voriano
368 2580 555 2643 volentieri
586 2581 651 2643 che
683 2582 716 2642 la
740 2581 837 2644 fusse
862 2583 896 2644 in
922 2603 991 2645 una
1015 2585 1106 2645 altra
1131 2594 1226 2644 terra
1251 2579 1471 2653 transferita;

192 2709 259 2770 pur
282 2710 303 2750 a
327 2691 361 2750 la
385 2687 455 2750 line
479 2708 550 2750 non
582 2708 772 2750 mancaran
807 2690 850 2751 de
885 2691 1032 2752 mandar
1063 2688 1087 2752 li
1117 2687 1267 2768 oratori,
1300 2690 1357 2751 nel
1389 2688 1471 2768 qual

192 2816 274 2858 caso
300 2816 370 2857 non
395 2795 424 2857 si
449 2797 509 2876 pol
535 2805 706 2877 expectat
730 2797 820 2858 altro
845 2797 910 2859 che
935 2796 1089 2859 habiano
1114 2818 1135 2858 a
1163 2806 1295 2859 tractat
1327 2806 1363 2857 et
1392 2813 1471 2857 con·

192 2904 314 2964 cluder
338 2903 495 2965 secundo
519 2903 554 2964 le
577 2903 733 2984 maligna
758 2902 905 2965 voluntis
930 2905 974 2965 de
998 2904 1032 2965 le
1057 2914 1150 2965 terre
1174 2901 1337 2982 tranche,
1373 2910 1472 2964 etse

192 3008 301 3071 Cesar
325 3029 391 3071 con
417 3010 449 3071 el
473 3008 574 3072 venir
598 3009 633 3071 in
658 3008 851 3072 Germania
875 3030 945 3073 non
971 3011 994 3072 li
1011 3009 1179 3089 remedia,
1204 3030 1242 3073 se
1267 3011 1326 3092 pol
1343 3027 1469 3089 expec·

194 3128 248 3178 tar
273 3136 342 3179 una
367 3116 505 3199 magior
528 3117 631 3179 ruina
655 3118 699 3178 de
724 3118 842 3199 quella
866 3116 913 3179 fin
938 3120 1027 3181 hora
1051 3119 1068 3180 ὸ
1093 3129 1148 3180 sta
1172 3116 1337 3181 iudicatu.

280 3224 321 3286 Li
346 3223 639 3304 Norimbergensi
662 3226 756 3286 hano
781 3224 876 3287 facto
901 3246 970 3287 uno
996 3225 1113 3288 edicto
1134 3227 1178 3288 de
1196 3225 1330 3287 directo
1348 3234 1471 3287 contre

190 3331 369 3412 imperial,
402 3329 478 3393 cioe
513 3332 578 3393 che
607 3330 714 3393 niuno
739 3331 894 3414 presumi
919 3334 963 3395 de
988 3333 1123 3395 vender
1146 3330 1226 3395 libri
1251 3330 1346 3413 quali
1370 3328 1469 3394 siano

189 3448 314 3499 contra
338 3439 382 3499 de
408 3437 550 3502 Luther.

278 3543 321 3606 El
338 3544 503 3626 Principe
519 3544 659 3626 partiva
671 3544 716 3606 de
728 3545 787 3626 qui
803 3565 866 3627 per
884 3546 1046 3626 Augusta
1061 3564 1208 3627 epresso
1222 3542 1361 3609 dimone
1377 3545 1469 3607 etde

190 3653 213 3714 li
238 3654 394 3715 secondo
418 3654 634 3714 succederan
659 3654 692 3714 le
717 3671 816 3714 cosse
841 3671 884 3714 ne
910 3651 995 3714 dard
1020 3651 1118 3715 aviso
1143 3672 1164 3715 a
1191 3650 1271 3716 V.S.
1298 3650 1382 3715 ΚΜ.

278 3759 466 3841 'l'ubingae
491 3758 548 3821 die
573 3758 673 3825 XVI.
701 3758 910 3821 Novembris
940 3779 1032 3838 ¹525·

403 4279 698 4381 Archiepiscopus
726 4168 932 4378 Mogliriuae
961 4274 1134 4357 clementi
1162 4276 1239 4358 VII.

600 4408 699 4484 (ΕΜ
717 4407 803 4481 rw·
821 4403 873 4463 m.
891 4403 957 4477 ¹022
976 4404 1048 4479 lul

704 4512 756 4571 (η.
778 4510 842 4558 Dec,
866 4507 952 4572 1525.)

279 4626 352 4689 Etsi
378 4627 462 4692 nihil
488 4629 533 4693 sit
557 4630 650 4712 quod
678 4628 801 4690 timere
826 4625 956 4686 debeat
989 4645 1086 4687 mens
1111 4624 1176 4689 sibi
1202 4624 1345 4691 conscia
1369 4626 1466 4707 recti,

189 4736 379 4798 admodum
410 4751 526 4802 tamen
559 4740 627 4802 bel
649 4746 699 4798 ν·”
729 4734 845 4797 littere
870 4730 1032 4813 proxime
1067 4730 1101 4794 in
1138 4733 1253 4796 forma
1276 4733 1396 4797 brevis
1420 4735 1466 4798 ad

189 4863 243 4904 me
273 4844 355 4907 date
379 4866 434 4910 me
458 4848 641 4911 consolate
665 4852 757 4925 sunt,
782 4860 859 4905 cum
883 4839 979 4920 quod
1003 4858 1049 4901 ex
1074 4839 1206 4903 eisdem
1230 4839 1466 4907 intellexerim
