3330 5580
704 452 951 508 0-43573ΕἨ

188 602 367 665 Cardinali
392 622 432 663 ac
464 601 626 680 Johanne
652 608 688 660 et
711 596 854 661 Gentile
879 596 1114 661 Auditoribus
1139 599 1233 679 apud
1258 608 1338 661 acta
1363 620 1469 662 cause

188 708 424 790 inquisitionis
447 704 648 770 huiusmodi
672 704 843 783 exhibuit,
868 714 903 766 et
919 704 1049 767 deinde
1073 704 1142 766 alio
1167 704 1269 767 simili
1294 704 1469 767 citationis

188 816 304 876 edicto
337 814 495 876 similiter
532 815 577 876 ad
609 813 796 874 dicendum
827 820 863 873 et
894 810 1143 893 excipiendum
1175 823 1300 875 contra
1334 811 1402 874 illis
1434 822 1469 873 et

189 923 380 984 videndum
399 943 460 983 eos
476 921 614 983 admitti
629 940 670 981 ac
688 919 804 980 iurare
820 918 850 981 's
853 927 947 980 estes
963 928 1034 980 tam
1049 938 1156 998 super
1180 918 1249 981 illis
1266 939 1370 1000 quarn
1395 928 1470 981 tota

189 1051 297 1091 causa
322 1028 497 1091 huismodi
522 1030 567 1089 ab
592 1026 677 1108 ipsis
702 1024 950 1088 Cardinalibus
974 1025 1118 1088 decreto
1151 1035 1185 1087 et
1214 1035 1398 1106 emanato,
1428 1047 1468 1087 ac

190 1137 266 1219 pari
299 1137 404 1198 modo
436 1135 579 1217 publice
609 1132 718 1195 affixo
745 1141 780 1194 et
808 1133 929 1194 debite
958 1132 1158 1194 executioni
1188 1134 1401 1195 demandato
1428 1152 1469 1194 ac

189 1244 274 1325 ipsis
299 1243 465 1305 Testibus
490 1243 579 1304 sicut
604 1240 783 1324 prefertur
817 1239 886 1301 iam
918 1238 1069 1301 inductis
1105 1250 1141 1302 et
1161 1240 1302 1321 juratiS,
1332 1249 1368 1302 et
1390 1259 1473 1302 cone

190 1351 326 1432 spectui
352 1352 545 1412 eorundem
570 1347 752 1410 Francisci
786 1356 822 1409 et
848 1346 1025 1409 Leonardi
1051 1345 1291 1409 Cardinalium
1325 1367 1467 1428 presen-

190 1458 272 1520 tatis
296 1469 331 1519 et
355 1479 421 1539 per
445 1478 506 1519 eos
531 1476 638 1538 super
663 1454 766 1517 dictis
791 1453 948 1517 articulis
972 1462 1008 1515 et
1031 1455 1207 1517 contentis
1230 1455 1266 1516 in
1291 1454 1352 1535 eis,
1373 1455 1471 1536 prius

189 1586 231 1626 ac
257 1566 387 1627 deinde
412 1584 477 1646 per
505 1562 602 1644 ipsos
626 1562 824 1641 Johannem
857 1569 892 1622 et
927 1559 1105 1624 Gentilem
1138 1562 1331 1625 Auditores
1363 1561 1470 1624 etiam

192 1682 330 1733 secreto
356 1682 391 1733 et
415 1670 595 1751 sigillatim
622 1669 848 1748 examinatis,
877 1688 1068 1750 eorumque
1102 1669 1205 1731 dictis
1238 1681 1273 1731 et
1306 1668 1469 1751 depositi·

190 1779 316 1840 onibus
342 1778 376 1840 in
402 1776 542 1858 scriptis
566 1776 720 1839 fideliter
743 1775 915 1856 reductiS,
948 1775 1116 1858 ipsosque
1148 1775 1356 1857 posterioris
1387 1776 1470 1838 cita·

191 1885 296 1947 tionis
321 1886 454 1963 edicte,
479 1904 598 1946 coram
622 1883 708 1966 ipsis
733 1882 922 1945 Francisco
957 1882 1137 1944 Cardinali
1167 1902 1208 1946 ac
1241 1882 1405 1961 Johanne
1436 1895 1471 1945 et

190 1992 333 2055 Gentile
358 1992 593 2053 Auditoribus
618 1991 653 2052 in
677 1990 770 2052 illius
794 1989 944 2052 termino
969 1990 1185 2070 reproducto
1217 1998 1252 2051 et
1286 1989 1403 2052 citatis
1434 1988 1470 2051 in

192 2119 235 2160 eo
261 2098 438 2161 contentis
471 2118 536 2179 per
564 2098 661 2178 ipsos
690 2096 916 2158 Franciscum
942 2095 1166 2160 Cardinalem
1200 2115 1241 2157 ac
1272 2096 1470 2176 Johannem

190 2215 225 2266 et
250 2203 427 2268 Gentilem
453 2205 648 2267 Auditores
680 2203 945 2265 contumacibus
969 2203 1153 2285 reputatis,
1185 2203 1299 2265 dictos
1323 2201 1470 2285 posteri-

190 2332 271 2374 ores
300 2312 469 2373 articulos
498 2310 657 2373 similiter
695 2312 739 2373 ad
778 2311 1002 2392 probandum
1037 2309 1174 2372 admitti
1213 2322 1248 2372 et
1282 2312 1471 2373 nonnullos

190 2419 280 2480 alios
313 2419 440 2481 Testes
475 2438 582 2499 super
614 2417 700 2500 ipsis
731 2417 987 2499 posterioribus
1018 2416 1174 2479 articulis
1199 2427 1235 2480 et
1258 2428 1334 2480 tota
1364 2438 1470 2480 causa

190 2526 391 2588 huiusmodi
424 2525 584 2587 similiter
616 2524 771 2603 induxit,
805 2535 840 2586 et
875 2526 920 2586 ad
953 2524 1140 2587 iurandum
1172 2524 1283 2606 recipi
1307 2525 1469 2605 obtinuit,

189 2645 295 2713 prout
319 2632 479 2694 similiter
502 2632 673 2709 iurarunt,
697 2641 733 2694 et
757 2631 906 2693 termino
931 2632 977 2692 ad
1006 2633 1161 2694 dandum
1195 2632 1470 2715 interrogatoria

190 2761 256 2821 pro
281 2739 420 2801 illorum
446 2739 609 2801 examine
634 2738 849 2820 competenti
872 2739 970 2820 prius
992 2740 1103 2818 laps0‚
1121 2739 1312 2802 examinati
1328 2738 1471 2801 fuerunt

191 2847 295 2908 dictis
320 2857 355 2908 et
380 2845 662 2928 depositionibus
687 2866 807 2908 eorum
832 2846 867 2907 in
892 2845 1032 2927 scriptis
1056 2846 1190 2928 pariter
1213 2847 1378 2909 redactis.
1425 2846 1469 2908 Et

191 2954 332 3015 tandem
359 2953 426 3034 ipsi
460 2953 671 3016 Franciscus
700 2962 736 3014 et
766 2953 975 3015 Leonardus
1006 2953 1213 3016 Cardinales
1244 2953 1332 3015 actis
1362 2973 1471 3034 super

191 3060 373 3144 premissis
397 3060 501 3122 factis
526 3071 561 3122 et
584 3061 620 3122 in
645 3059 696 3122 eis
721 3060 898 3123 contentis
922 3080 987 3142 per
1011 3081 1073 3122 eos
1097 3059 1183 3121 visis
1212 3079 1253 3121 ac
1278 3059 1470 3142 diligenter

191 3167 375 3247 inspectiS,
401 3188 440 3229 ac
468 3167 630 3229 omnibus
655 3179 690 3228 et
714 3166 863 3249 singulis
888 3188 956 3249 que
986 3168 1022 3230 in
1051 3186 1159 3229 causa
1190 3165 1286 3248 ipsa,
1319 3176 1400 3228 acta
1433 3176 1469 3228 et

191 3274 337 3335 actitata
360 3273 502 3336 fuerunt
527 3273 718 3356 diligenter
742 3284 777 3335 et
799 3285 964 3336 accurate
981 3294 1047 3355 per
1063 3294 1125 3336 eos
1140 3272 1246 3335 etiam
1261 3272 1471 3336 examinatis

191 3381 226 3442 in
243 3379 461 3443 Consistorio
486 3380 626 3462 prelato
651 3381 823 3462 premissa
847 3381 964 3444 omnia
981 3390 1017 3443 et
1035 3380 1176 3462 singula
1190 3380 1296 3442 etiam
1313 3381 1470 3443 Testium

195 3487 437 3568 depositiones
462 3508 579 3550 coram
604 3487 707 3550 nobis
731 3498 767 3551 et
782 3487 859 3550 aliis
876 3487 1141 3551 venerabilibus
1155 3486 1324 3550 fratribus
1342 3486 1470 3550 nostris

192 3604 313 3656 sancte
339 3592 503 3655 Romane
528 3593 686 3656 Ecclesie
711 3593 959 3657 Cardinalibus
982 3595 1164 3658 nobiscum
1189 3594 1276 3657 inibi
1301 3593 1469 3657 consisto·

191 3701 324 3763 rialiter
337 3701 553 3779 sedentibus,
568 3721 697 3783 magna
713 3722 791 3765 cum
807 3702 1009 3765 maturitate
1024 3704 1219 3765 retulerunt
1230 3712 1471 3783 exposuerunt

192 3819 227 3870 et
237 3819 436 3870 narrarunt.
462 3808 535 3871 Nos
548 3808 623 3870 visa
635 3809 854 3871 citationead
863 3810 1075 3872 audiendum
1090 3808 1302 3871 sententiam
1315 3819 1469 3871 nostram

192 3917 237 3977 ad
262 3917 352 3977 hanc
377 3915 470 3977 diem
495 3915 590 3978 facta
615 3936 656 3977 ac
680 3915 853 3978 relatione
869 3915 1067 3978 huiusmodi
1084 3917 1205 3978 audita
1220 3926 1256 3979 et
1279 3916 1469 3997 intellecta,

194 4042 236 4085 ac
272 4021 341 4084 illis
374 4032 409 4084 et
444 4022 522 4084 aliis
557 4042 626 4103 que
662 4043 707 4084 ex
736 4042 905 4105 processu
944 4033 978 4085 et
1006 4022 1290 4104 depositionibus
1314 4023 1469 4086 Testium

191 4128 390 4192 huiusmodi
403 4130 635 4209 resultabant,
649 4128 751 4190 simili
764 4129 966 4192 maturitate
981 4129 1138 4211 pensatis
1153 4142 1188 4194 et
1205 4129 1342 4192 libratis
1357 4150 1398 4193 ac
1423 4152 1469 4194 ex

192 4236 260 4297 illis
295 4236 390 4297 clare
424 4247 607 4317 comperto
638 4237 731 4317 quod
750 4235 924 4314 'Julianus
954 4249 990 4298 et
1022 4236 1167 4299 Floreta
1191 4250 1359 4319 parentes
1383 4238 1468 4301 dicti

192 4342 274 4422 Julii
300 4341 424 4421 Electi,
440 4342 593 4422 fuerunt,
618 4344 700 4404 dum
724 4342 887 4404 viverent
911 4342 1061 4424 legitimi
1086 4342 1274 4424 Coniuges,
1299 4353 1335 4406 et
1350 4344 1466 4407 matri·

191 4449 347 4512 monium
371 4447 463 4510 inter
486 4469 524 4511 se
548 4469 614 4531 per
636 4452 748 4511 verba
772 4448 930 4529 legitime
955 4452 999 4511 de
1023 4452 1181 4531 presenti
1204 4460 1467 4529 contraxerant,

192 4557 358 4637 quodque
382 4554 497 4616 dictus
511 4555 625 4633 Julius
641 4555 784 4617 Electus
807 4555 881 4616 iure
906 4555 1080 4635 dictante,
1111 4575 1233 4618 eorum
1256 4555 1348 4620 filius
1372 4578 1467 4622 naru-

192 4662 276 4725 ralis
301 4674 336 4726 et
359 4661 539 4743 legitimus
564 4661 704 4741 existit,
735 4662 902 4743 quodque
927 4670 1119 4745 propterea
1143 4664 1277 4726 nullum
1301 4665 1469 4730 natalium

193 4768 371 4833 defectum
394 4788 521 4850 passus
550 4767 634 4848 fuit,
663 4789 729 4832 nec
762 4768 914 4852 patitur,
944 4771 989 4833 de
1022 4768 1197 4833 dictorum
1230 4769 1471 4841 Cardinaliurtt
