3344 5564
711 445 859 497 <4180
898 444 956 495 ΕΗ

196 593 288 654 enim
322 613 401 671 er0,
431 592 458 652 si
492 593 638 652 edoctus
670 591 788 669 fuero,
825 610 1080 671 quemcumque
1110 612 1264 653 errorem
1291 611 1476 670 revocare,

196 719 327 779 eroque
352 699 495 778 primus,
521 698 578 778 qui
604 698 742 759 libellos
768 719 864 759 meos
890 699 923 758 in
948 699 1066 778 ignem
1093 699 1278 778 proiitiam.

284 806 337 866 Ex
364 805 417 866 his
441 805 593 866 arbitror
619 805 787 884 liquidum
812 805 898 881 fieri,
925 827 978 865 me
1004 805 1089 866 satis
1114 826 1256 866 curasse
1282 816 1316 865 et
1342 808 1475 885 ponde-

196 935 293 975 rasse
318 913 518 974 discrimina
554 924 589 974 et
611 912 789 992 pericula,
822 933 883 972 seu
916 912 1033 973 studia
1066 920 1101 972 et
1132 912 1369 973 dissentiones
1397 934 1476 974 mee

196 1020 357 1082 doctrine
383 1020 569 1081 occasione
595 1020 628 1080 in
655 1022 741 1081 orbe
767 1019 940 1085 excitata,
977 1021 1020 1079 cle
1050 1018 1177 1098 quibus
1208 1018 1282 1079 heri
1314 1020 1476 1100 graviter

196 1140 230 1189 et
261 1127 402 1189 fortiter
431 1127 629 1188 admonitus
658 1126 719 1188 fui.
781 1126 866 1187 Mihi
901 1128 1007 1204 plane
1038 1127 1188 1186 omnium
1224 1126 1476 1190 iocundissima

196 1234 321 1312 facies,
347 1235 413 1294 ista
438 1234 470 1295 in
498 1237 604 1295 rebus
628 1244 681 1294 est
707 1233 827 1294 videre
852 1237 897 1294 ob
924 1236 1069 1293 verbum
1098 1234 1162 1293 llei
1187 1234 1320 1312 studia,
1347 1247 1383 1294 et
1408 1233 1474 1295 dis·

196 1341 375 1403 sentiones
398 1341 488 1407 fieri:
516 1342 548 1401 [ε
571 1342 662 1402 enim
688 1351 741 1400 est
767 1340 877 1401 Verbi
907 1340 969 1401 llei
995 1360 1126 1408 cursus,
1153 1361 1254 1419 casus
1272 1352 1306 1401 et
1325 1352 1476 1402 eventus

195 1449 286 1510 sicut
310 1448 411 1509 dicit:
437 1449 514 1509 Non
541 1448 620 1508 veni
646 1469 768 1528 pacem
795 1448 932 1508 mittere
959 1450 1020 1506 sed
1046 1447 1213 1527 gladium.
1262 1447 1354 1508 Veni
1382 1448 1474 1509 enim

195 1555 370 1617 hominem
396 1576 562 1635 seperare
588 1557 757 1616 adversus
783 1566 918 1634 patrem
944 1575 1042 1614 suum
1069 1566 1133 1616 etc.
1191 1555 1346 1615 Proinde
1381 1555 1474 1635 cogi-

196 1663 339 1723 tandum
366 1662 466 1722 nobis
491 1674 562 1735 est,
587 1682 690 1741 quam
720 1663 814 1721 Deus
840 1671 959 1721 noster
984 1660 1028 1719 sit
1054 1659 1222 1720 mirabilis
1248 1671 1283 1721 et
1307 1662 1476 1723 terribilis

196 1769 230 1830 in
257 1769 411 1830 consiliis
436 1769 521 1844 suis,
547 1790 590 1830 ne
617 1768 718 1844 sorte,
744 1769 777 1828 id
804 1769 898 1847 quod
923 1788 988 1846 pro
1014 1767 1180 1827 sedandis
1206 1768 1330 1828 studiis
1363 1778 1474 1830 tenta·

195 1887 267 1952 tur,
293 1875 321 1935 si
346 1897 367 1935 a
392 1876 557 1935 damnato
583 1879 694 1936 verbo
719 1875 781 1935 llei
808 1874 1046 1950 exordiamur,
1071 1886 1197 1953 vergat
1222 1875 1340 1953 potius
1366 1875 1399 1936 in
1427 1876 1474 1937 in·

196 1981 395 2042 tollerabile
421 1983 588 2041 malorum
615 1981 793 2057 diluvium,
820 1993 854 2041 et
880 1982 1072 2041 curandum
1099 1980 1142 2041 sit
1168 2002 1210 2042 ne
1235 1982 1478 2044 adolescentis

194 2087 296 2149 huius
321 2087 442 2168 optimi
469 2087 640 2167 principis
665 2089 781 2148 Cartili
808 2088 855 2164 (in
891 2108 960 2167 quo
995 2099 1073 2168 post
1106 2088 1218 2148 Deum
1252 2090 1361 2149 multa
1392 2111 1479 2169 spes

195 2197 260 2273 est)
285 2194 431 2255 infoelix
458 2195 714 2274 inauspicatum
737 2194 798 2255 fiat
823 2195 1019 2276 Imperium.
1065 2196 1210 2256 Possem
1237 2196 1479 2275 locupletibus

195 2301 382 2382 exemplis,
408 2301 580 2380 scripture.
605 2303 648 2362 de
674 2304 870 2377 Pharaone,
897 2303 1003 2381 Rege
1029 2301 1223 2379 babilonis,
1249 2314 1283 2362 et
1310 2303 1480 2383 Regibus

195 2408 340 2485 Israhel,
365 2428 437 2468 rem
464 2410 656 2483 declarare,
682 2408 739 2487 qui
766 2420 836 2468 tum
863 2431 940 2469 sese
958 2409 1110 2470 maxime
1127 2409 1370 2489 perdiderunt,
1395 2432 1480 2472 cum

194 2514 462 2595 sapientissimis
487 2515 641 2576 consiliis
665 2536 726 2575 sua
761 2536 872 2595 regna
903 2515 1093 2595 pacificare
1124 2517 1343 2578 studuerunt.
1392 2517 1480 2598 lpse

195 2623 286 2684 enim
313 2632 376 2700 est,
401 2621 459 2701 qui
485 2623 751 2703 comprehendit
780 2634 915 2684 astutos
941 2623 973 2683 in
1000 2645 1061 2683 sua
1086 2623 1214 2684 astutia
1239 2635 1274 2683 et
1299 2625 1481 2687 subvertit

194 2741 332 2792 montes
365 2740 554 2809 antequam
589 2741 818 2810 cognoscant.
875 2731 997 2809 ltaque
1030 2731 1170 2791 timore·
1190 2730 1252 2792 llei
1286 2752 1376 2812 opus
1412 2745 1479 2794 ost.

195 2837 273 2898 Non
300 2840 363 2898 hec
390 2836 478 2913 dico,
504 2839 597 2915 quod
625 2857 713 2915 opus
738 2836 781 2896 sit
807 2859 894 2909 mea,
920 2839 976 2897 vel
1002 2828 1161 2898 doctrina
1186 2840 1242 2900 vel
1268 2838 1480 2917 monitione,

195 2944 302 3005 tantis
328 2942 535 3004 verticibus:
562 2946 623 3003 sed
649 2945 743 3022 quod
769 2944 975 3023 obsequium
1001 2965 1077 3005 mee
1099 2944 1289 3006 tiermanie
1315 2945 1479 3007 debitum

195 3053 406 3112 subtrahere
433 3071 502 3111 non
529 3050 721 3111 debuerim.
770 3051 811 3110 lit
844 3051 900 3110 liis
930 3072 983 3112 me
1016 3072 1115 3112 sacre
1145 3051 1318 3113 maiestati
1344 3064 1480 3131 vestre,

194 3157 564 3238 dominationibusque
599 3158 727 3219 vestris
760 3158 1006 3219 Illustrissimis
1038 3160 1264 3236 commendo,
1295 3159 1481 3222 humiliter

194 3284 341 3345 rogans,
374 3286 417 3327 ne
450 3265 638 3345 paciantur
669 3264 793 3326 studiis
827 3266 1133 3344 adversariorum,
1164 3287 1219 3327 me
1251 3266 1326 3328 sine
1357 3288 1480 3346 causa,

196 3371 262 3434 sibi
287 3373 388 3434 reddi
413 3371 571 3433 invisum.
623 3372 713 3432 llixi.
746 3408 788 3414 .„

285 3478 349 3539 His
375 3478 476 3538 dictis
502 3478 632 3539 Orator
659 3478 798 3559 Imperii
824 3478 1091 3559 increpabundo
1117 3478 1255 3559 similis,
1280 3478 1371 3540 dixit
1395 3502 1479 3542 mea

196 3606 265 3646 non
292 3587 335 3646 ad
362 3607 434 3646 rem
469 3585 711 3664 respondisse,
748 3607 811 3645 nec
849 3587 981 3646 debere
1014 3585 1048 3646 in
1079 3585 1299 3666 questionem
1330 3607 1476 3666 vocare,

196 3713 264 3774 que
290 3692 370 3754 olim
397 3693 429 3753 in
457 3692 621 3754 Conciliis
646 3704 765 3753 essent
790 3695 955 3753 damnata
982 3705 1015 3752 ot
1041 3692 1212 3775 diffinita„
1248 3693 1333 3753 Ideo
1362 3714 1384 3753 a
1420 3715 1476 3755 me

194 3800 267 3880 peti
304 3799 453 3881 simplex
485 3820 554 3859 non
589 3811 770 3860 cornutum
806 3820 1023 3879 responsum.
1078 3801 1131 3860 An
1166 3798 1269 3860 velim
1301 3819 1475 3861 revocare

193 3908 250 3968 vel
276 3928 356 3968 non.

282 4051 322 4057 -
349 4013 484 4093 Quibus
501 4034 566 4094 per
584 4013 746 4073 luterum
764 4024 950 4092 utcumque
968 4013 1080 4091 (lictis,
1105 4010 1287 4090 praeimus
1304 4011 1474 4073 Notarius

193 4122 237 4182 ad
264 4121 438 4182 Caesaree
463 4120 573 4182 Sacro
599 4120 793 4200 lllajestatis
818 4133 948 4180 nutum.
998 4120 1050 4179 lta
1075 4137 1224 4178 exorsus
1248 4126 1318 4179 est:

282 4228 365 4304 Jure
391 4227 441 4288 'se
467 4230 608 4288 beatum
634 4229 699 4288 hac
723 4236 824 4306 parte
851 4226 1052 4288 existimare
1078 4235 1180 4304 potes
1205 4223 1351 4305 lutere,
1377 4226 1471 4304 quod

194 4333 256 4394 tibi
281 4355 399 4394 coram
424 4345 495 4394 tam
521 4334 683 4395 clementi
710 4334 927 4415 imperatore
954 4334 1140 4393 dicendum
1166 4331 1244 4408 fuit,
1279 4331 1339 4412 qui
1364 4332 1472 4413 longe

192 4449 263 4502 tam
288 4441 421 4502 maiore
447 4440 618 4502 modestia
643 4441 817 4502 dicentem
844 4454 879 4502 te
904 4439 1098 4515 audiverit,
1131 4459 1234 4518 quam
1259 4448 1296 4498 tu
1321 4437 1398 4518 ipse
1424 4440 1470 4501 di·

192 4546 304 4619 xeris;
331 4568 432 4628 quem
460 4547 551 4609 enim
576 4548 697 4627 aequis
722 4559 782 4609 aut
806 4547 928 4628 pronis
952 4547 1095 4608 auribus
1119 4544 1312 4624 piissimum
1344 4545 1470 4627 princi·

193 4674 284 4735 pem,
310 4676 352 4715 ea
377 4675 444 4734 que
471 4655 723 4717 vehementiori
742 4654 864 4735 spiritu
884 4667 918 4715 et
935 4653 1106 4731 acerbius,
1132 4672 1235 4732 quam
1260 4651 1470 4732 religionem

192 4770 227 4823 et
250 4761 508 4843 professionem
534 4772 629 4823 tuam
654 4764 757 4822 decet
788 4760 821 4822 in
848 4759 1054 4822 Pontificem
1088 4759 1278 4821 maximum
1309 4758 1471 4822 invectus
