3330 5580
719 453 777 506 (ΡΒ
817 453 851 505 87
891 451 948 504 ῧνθ

187 621 261 661 non
288 599 493 681 displicebit
517 599 545 661 si
570 597 665 661 aliud
688 577 765 659 fieri
791 618 861 660 non
887 606 1015 679 potest,
1041 598 1137 679 quod
1163 597 1417 679 consignentur
1441 597 1477 660 in

187 708 355 769 manibus
379 706 648 784 ordinariorum,
673 714 819 786 recepto
844 704 879 766 in
904 705 1101 768 iuramento
1125 714 1161 767 et
1176 703 1395 788 obligatione
1410 706 1477 766 sub

188 813 294 895 penis
325 813 360 877 in
389 814 487 876 bulla
517 810 553 876 S.
579 814 623 876 D.
647 811 690 875 N.
722 811 913 890 contentis,
947 821 983 873 et
1013 811 1160 874 ulterius
1190 811 1220 873 si
1250 831 1340 893 opus
1371 811 1478 874 fuerit

189 919 397 1003 specialiter
421 920 656 1000 declarandis
680 919 777 1001 quod
802 919 849 980 ad
871 920 1075 981 mandatum
1089 916 1125 980 S.
1143 919 1187 981 D.
1207 917 1250 981 N.
1276 939 1354 980 cum
1377 938 1476 981 revo-

189 1048 273 1090 care
304 1026 460 1090 voluerit
487 1025 566 1088 illos
598 1026 740 1108 publice
770 1029 996 1106 comburent,
1028 1027 1125 1089 nulla
1153 1026 1301 1089 ulterius
1324 1025 1479 1089 admissa

190 1134 407 1216 exceptione
439 1136 497 1196 vel
529 1133 776 1214 excusatione,
811 1143 846 1196 et
878 1142 916 1195 ut
946 1131 1079 1195 dictum
1103 1142 1157 1195 est
1180 1132 1387 1196 resistentes
1410 1154 1477 1216 pro

188 1241 353 1304 hostibus
384 1250 420 1302 et
451 1238 645 1303 rebellibus
669 1239 825 1303 Romani
858 1238 996 1321 imperii
1028 1240 1228 1302 habeantur
1252 1248 1288 1302 et
1311 1241 1356 1301 ab
1382 1238 1477 1303 Sede

190 1347 405 1428 Apostolica
429 1356 465 1409 et
481 1347 648 1409 Romano
665 1344 839 1409 Pontifice
864 1367 911 1409 ex
935 1366 1026 1409 nunc
1043 1355 1149 1428 prout
1168 1356 1299 1409 extunc
1315 1347 1477 1409 omnibus

188 1455 325 1517 iuribus
340 1453 444 1517 bonis
460 1453 564 1516 terris
589 1453 714 1517 castris
738 1463 774 1516 et
798 1453 961 1516 dominiis
985 1474 1038 1535 ac,
1063 1454 1181 1535 quoad
1207 1453 1356 1516 clericos
1383 1454 1475 1537 capi·

188 1563 265 1624 tula
291 1571 326 1624 et
357 1572 564 1642 conventuS,
599 1559 849 1623 ecclesiasticis
888 1558 1071 1623 beneficiis
1095 1570 1131 1623 et
1164 1559 1362 1642 privilegiis
1386 1582 1477 1643 quae

188 1691 211 1730 a
236 1666 333 1730 Sede
358 1667 570 1749 Apostolica
603 1666 765 1730 obtinent
789 1687 832 1730 eo
857 1667 935 1749 ipso
960 1667 1090 1749 privati
1121 1676 1351 1748 censeantur,
1386 1688 1477 1749 quae

189 1774 311 1838 omnia
338 1774 374 1837 in
403 1773 509 1837 bullis
540 1773 747 1857 apostolicis
779 1783 815 1838 et
847 1773 1090 1856 imperialibus
1121 1773 1275 1838 decretis
1307 1774 1477 1837 latissime

190 1880 341 1945 extendi
365 1880 514 1963 possint.

730 2021 935 2036 mam

808 2201 862 2265 35.

191 2308 472 2389 Informalionas
515 2308 654 2388 dandae
690 2307 776 2388 Rau.
813 2307 984 2409 Episcopo
1022 2308 1228 2411 Tergestino
1274 2313 1310 2388 at
1345 2309 1477 2391 Judooo

193 2432 354 2512 (lusoris
387 2454 410 2512 a
442 2431 606 2511 consiliis
638 2431 746 2512 ituris
779 2431 981 2513 oratoribus
1019 2433 1064 2513 ad
1096 2432 1318 2514 Fridaricum
1346 2434 1478 2513 Iluoam

345 2556 523 2638 saxoniae
551 2557 593 2636 ob
623 2578 772 2637 oausam
799 2556 940 2636 Fratris
968 2555 1310 2658 Martinianum).

639 2703 722 2770 (eota
739 2702 875 2762 Wormao.
894 2703 939 2762 lot
957 2703 1027 2776 too.)

282 2824 321 2888 Si
354 2823 431 2887 fieri
462 2823 592 2905 possit,
627 2825 801 2886 habeatur
833 2825 1011 2908 privatum
1044 2826 1259 2909 colloquium
1291 2847 1369 2890 cum
1398 2828 1477 2890 Illu-

195 2932 365 2995 strissimo
388 2932 490 2994 Duce
516 2929 705 3010 Saxoniae,
739 2940 775 2993 et
798 2943 870 2995 tum
896 2931 1003 2995 latine
1028 2942 1100 2995 tum
1126 2933 1334 2997 Alemanice
1358 2934 1479 3018 (prout

196 3038 450 3103 conducibilius
474 3037 666 3119 videbitur)
691 3037 890 3101 commissio
916 3049 1127 3118 exponatur.
1175 3040 1267 3121 Quia
1295 3041 1413 3104 multis
1437 3042 1476 3104 si·

196 3147 272 3229 gnis
297 3157 333 3209 et
357 3145 577 3228 argumentis
601 3145 706 3208 etiam
732 3145 935 3208 certissimis
959 3148 1141 3227 habemuS,
1166 3147 1241 3210 eius
1257 3149 1478 3212 consiliarios

197 3275 271 3318 esse
294 3254 451 3316 Luthero
476 3253 554 3335 ipso
580 3252 692 3335 magis
717 3253 954 3333 Lutheranos,
980 3253 1153 3335 aquibus
1178 3255 1308 3318 nemini
1332 3256 1478 3320 dubium

198 3374 246 3424 est
268 3363 405 3424 Ducem
431 3359 587 3441 alioquin
612 3359 664 3443 (ut
688 3359 860 3441 audimus)
885 3359 1055 3441 optimum
1083 3371 1118 3423 et
1141 3360 1373 3442 Catholicum,
1397 3365 1476 3427 hac·

197 3481 297 3532 tenus
320 3468 430 3530 fuisse
455 3469 651 3530 seductum.

282 3575 387 3656 Quod
412 3574 440 3636 si
465 3573 499 3635 in
524 3573 639 3654 primo
663 3592 857 3654 congressu
882 3594 954 3636 non
978 3574 1091 3655 possit
1111 3574 1237 3636 evitari
1253 3576 1475 3640 Consiliario·

197 3703 268 3745 rum
300 3680 518 3764 praesentia:
551 3690 645 3760 tunc,
678 3680 851 3761 expositis
875 3680 975 3743 initio
1000 3681 1212 3763 quibusdam
1237 3683 1477 3765 generalibus,

198 3799 385 3870 quaeratur
402 3787 542 3851 occasio
559 3787 724 3869 privatim
742 3788 910 3868 loquendi
927 3797 962 3850 et
979 3788 1152 3850 suadendi
1169 3809 1223 3869 ea,
1248 3810 1339 3871 quae
1357 3793 1476 3872 semel,

197 3918 216 3958 a
248 3899 348 3960 Duce
379 3894 526 3958 firmiter
556 3905 723 3975 accepta,
765 3915 835 3957 non
872 3895 1009 3976 possint
1039 3903 1165 3977 postea
1197 3916 1218 3956 a
1259 3896 1477 3959 Consiliariis

197 4003 363 4082 subverti,
388 4012 448 4065 aut
472 4003 507 4065 in
531 4004 679 4065 alteram
704 4002 1103 4084 parteminterpretari.
1150 4003 1249 4065 Haec
1275 4014 1391 4067 autem
1417 4025 1476 4086 op-

197 4112 278 4174 tima
303 4119 399 4173 esset
423 4108 662 4191 persuadendi
687 4108 754 4171 via.
795 4109 836 4170 ln
860 4129 931 4190 qua
955 4119 1097 4190 oportet
1114 4109 1305 4192 aliquando
1323 4114 1476 4193 quadam

197 4218 287 4282 civili
318 4217 610 4299 praesumptione
641 4216 691 4278 uti
723 4227 757 4277 et
788 4216 1046 4298 interrumpere
1079 4217 1254 4280 interdum
1279 4218 1365 4281 istas
1390 4220 1475 4283 Ger-

197 4346 376 4389 manorum
393 4323 597 4404 Principum
622 4323 657 4385 in
683 4322 869 4386 audiendis
886 4323 1096 4392 Oratoribus
1118 4324 1338 4405 cerimonias,
1363 4330 1477 4390 bonas

196 4431 271 4496 illas
286 4432 441 4513 quidem,
467 4440 503 4493 et
521 4432 701 4506 honestas
725 4431 788 4493 sed
812 4430 893 4493 huic
919 4414 1070 4512 negocio
1095 4451 1166 4493 non
1191 4431 1276 4493 satis
1300 4434 1367 4495 hoc
1392 4443 1475 4495 tern-

198 4560 281 4623 pore
307 4538 566 4603 accommodas.

217 4717 236 4785 ¹)
264 4720 324 4766 Hoc
345 4726 384 4766 est
404 4718 547 4766 secundum
568 4718 753 4766 documentum
780 4731 811 4764 ex
836 4734 888 4781 quo
909 4717 1088 4765 Pallavicinus
1108 4718 1253 4765 orationem
1276 4734 1348 4767 suam
1370 4720 1476 4768 Nuncio

266 4799 438 4863 suppositam,
457 4798 581 4846 coniecit.
