3330 5580
794 854 866 920 162.

346 965 596 1047 Perdiuandus
624 969 809 1049 Archidun
837 970 1003 1050 lustriae
1032 971 1309 1055 uenenum

622 1117 708 1187 (Arm
728 1116 776 1174 x1.
796 1117 871 1190 caps.
889 1117 911 1175 t
930 1117 962 1175 ll.
982 1117 1034 1189 74.)

704 1236 757 1302 (30·
778 1237 844 1300 Julii
868 1237 954 1300 15²4)

276 1374 315 1439 Si
348 1385 418 1439 tam
450 1398 581 1460 magno
614 1398 779 1440 successu
804 1399 909 1459 qnam
939 1401 1069 1461 magno
1100 1381 1216 1443 studio
1241 1404 1306 1465 pro
1337 1383 1470 1463 pietate

187 1505 265 1548 mea
289 1484 324 1547 in
350 1484 545 1566 Religione
569 1496 806 1567 promptaque
836 1506 923 1568 erga
948 1484 1077 1549 Sedem
1109 1487 1211 1550 istam
1245 1492 1472 1554 observantia

189 1600 336 1654 conatus
360 1611 459 1653 meus
483 1591 716 1672 profecisset,
752 1593 916 1655 excitatis
946 1593 1022 1656 istis
1053 1594 1262 1675 periculosis
1291 1598 1472 1660 erroribus

188 1707 294 1779 atque
318 1718 435 1760 rerum
461 1699 661 1761 confusioni
687 1709 830 1780 optatus
854 1698 934 1761 finis
958 1700 992 1761 in
1028 1700 1190 1781 proximo
1216 1702 1358 1783 Imperii
1383 1705 1471 1766 Con-

188 1815 296 1868 ventu
322 1805 509 1886 impositus
535 1818 646 1885 esset,
678 1815 738 1867 aut
763 1808 888 1867 saltem
913 1825 1042 1887 magna
1066 1827 1185 1870 eorum
1212 1809 1271 1890 qui
1295 1812 1340 1871 ab
1357 1813 1472 1875 ortho-

188 1912 283 1975 doxa
300 1911 371 1973 fide
389 1911 626 1991 desciverunt,
645 1934 728 1995 pars
745 1913 778 1974 in
797 1910 928 1974 rectam
945 1913 1037 1975 viam
1054 1914 1234 1987 rediisset;
1261 1937 1471 1998 quamquam

188 2039 257 2101 ego
283 2029 477 2100 propterea
501 2021 569 2081 hoe
595 2020 762 2099 studium,
788 2021 951 2100 huncque
976 2019 1129 2082 animum
1154 2042 1269 2104 neque
1294 2024 1470 2086 declinavi

189 2144 305 2207 neque
351 2125 546 2207 despondi,
591 2147 661 2188 non
705 2126 875 2206 ignorans
918 2126 1022 2188 aliam
1070 2138 1144 2190 tota
1183 2150 1261 2192 mea
1301 2130 1374 2192 vita
1410 2131 1471 2194 vix

189 2232 264 2295 dari
297 2252 404 2314 posse
438 2233 661 2295 occasionem
696 2248 765 2313 qua
796 2234 875 2295 Deo
909 2233 1046 2315 gratius
1082 2235 1291 2316 obsequium
1322 2240 1471 2319 prestari

188 2339 330 2422 possim.
378 2338 607 2421 Quapropter
636 2361 714 2403 cum
748 2343 816 2402 hac
851 2362 919 2402 non
955 2341 1186 2404 successisset
1217 2343 1294 2422 via,
1329 2345 1470 2407 nimium

188 2446 266 2509 Deo
293 2448 409 2509 adhuc
435 2447 536 2525 irato,
562 2447 665 2508 aliam
691 2448 850 2528 arripere
875 2447 987 2525 libuit,
1013 2467 1077 2528 per
1102 2468 1206 2529 quam
1231 2451 1324 2530 apud
1354 2450 1470 2513 Ratis-

188 2556 316 2615 lionam
347 2553 400 2631 id,
426 2552 581 2634 propitio
607 2553 682 2631 illo,
708 2554 942 2631 obtinuimus,
975 2557 1069 2635 quod
1095 2555 1340 2637 Noremberge
1365 2558 1472 2621 nullis

188 2660 301 2724 modis
326 2660 488 2723 obtinere
514 2660 700 2742 quivimus.
749 2661 898 2743 Jamque
924 2681 992 2742 ego
1024 2661 1100 2742 ipse
1125 2662 1221 2725 facto
1246 2665 1472 2746 synceritatis

188 2788 263 2832 mee
287 2766 391 2847 fidei,
421 2767 513 2829 absit
536 2765 705 2830 iactantia
741 2771 871 2848 verbo,
904 2770 1070 2849 exempla
1100 2768 1215 2831 indies
1247 2782 1367 2850 presto
1400 2793 1469 2833 non

188 2878 350 2938 obscura.
407 2873 549 2955 Quippe
581 2894 650 2936 non
683 2884 736 2936 est
771 2874 867 2936 aliud
899 2877 964 2937 sub
989 2876 1064 2937 sole
1089 2876 1183 2956 quod
1208 2876 1391 2939 ardentius
1415 2878 1471 2940 de-

189 2983 319 3064 sydero
349 3001 454 3062 quarn
486 2982 580 3062 quod
614 2982 657 3043 de
689 2981 805 3044 medio
840 2980 1109 3046 Provinciarum
1140 3004 1296 3045 mearum
1328 2985 1472 3047 tollatur

189 3102 257 3151 tam
283 3100 412 3151 tetrum
433 3089 611 3151 hominum
636 3108 767 3169 genus;
799 3089 896 3169 quod
921 3109 990 3151 non
1017 3093 1063 3152 ob
1088 3089 1193 3153 aliam
1218 3110 1358 3153 causam
1383 3092 1469 3153 Bea-

189 3196 330 3265 titudini
354 3207 471 3260 vestre
496 3196 613 3260 scribo
630 3216 733 3278 quam
752 3207 790 3257 ut
806 3195 917 3258 leniat
942 3197 1100 3259 dolorem
1124 3196 1222 3260 illurn
1241 3217 1341 3259 suum
1368 3218 1471 3279 quem

189 3309 267 3372 ideo
293 3305 448 3386 accepit,
478 3312 647 3385 quantum
679 3323 723 3364 ex
756 3301 883 3365 litteris
907 3302 980 3365 suis
1003 3303 1204 3384 intelligere
1228 3303 1345 3384 potui,
1377 3306 1471 3385 quod

189 3437 256 3499 que
281 3411 491 3478 sanctissimi
517 3411 642 3472 Patres
666 3411 792 3492 procul
816 3409 924 3472 dubio
950 3408 1061 3472 afflati
1074 3411 1142 3473 Dei
1158 3410 1283 3492 spiritu
1308 3412 1470 3474 condem·

189 3533 334 3600 narunt,
364 3540 429 3601 per
454 3519 645 3580 Lutlnerum
672 3516 771 3598 quasi
796 3519 842 3579 ab
866 3516 990 3580 inferis
1014 3518 1132 3580 denuo
1157 3527 1268 3594 eruta,
1293 3518 1327 3580 in
1354 3517 1472 3582 futura

189 3631 284 3695 dieta
314 3630 349 3692 in
374 3626 648 3708 disputationem
673 3624 826 3706 proponi
852 3625 1016 3689 debeant.
1065 3623 1169 3704 Quod
1195 3636 1313 3687 autem
1338 3625 1470 3691 eisdem

189 3738 316 3801 litteris
339 3756 394 3797 me
420 3737 465 3796 ad
490 3730 793 3814 perseverantiam
819 3732 1045 3810 exhortatur,
1074 3751 1178 3813 quam
1202 3732 1306 3794 etiam
1333 3731 1368 3794 in
1394 3754 1470 3815 par·

190 3858 258 3909 tem
283 3842 444 3926 pluribus
477 3840 587 3901 Rev¹¹⁸
616 3838 789 3901 Dominus
813 3839 953 3918 legatus
978 3858 1113 3900 mecum
1139 3839 1230 3921 egit,
1263 3859 1471 3920 persuasum

191 3973 267 4015 esse
291 3948 399 4012 velim
424 3945 641 4010 Beatitudini
666 3957 786 4007 vostre
812 3945 896 4007 mihi
921 3944 1064 4008 omnino
1089 3965 1195 4008 curae
1220 3946 1296 4013 iore
1322 3957 1359 4007 ut
1376 3947 1470 4027 quod

191 4059 292 4140 coepi
319 4076 388 4137 qua
407 4053 529 4117 licebit
544 4055 747 4141 praestabO,
773 4065 808 4114 et
833 4070 993 4132 exequar
1007 4071 1073 4133 per
1087 4071 1224 4114 omnem
1248 4052 1470 4115 occasionem

191 4166 340 4230 offitium
364 4163 449 4225 boni
479 4170 514 4223 et
543 4160 624 4223 iusti
659 4160 847 4241 principis,
885 4158 943 4239 qui
979 4157 1160 4220 Ecclesiae
1196 4159 1263 4221 Dei
1300 4160 1471 4240 prodesse

191 4268 309 4349 debet,
334 4269 547 4352 posthabitis
572 4268 735 4330 omnibus
759 4265 908 4348 privatis
933 4264 1131 4327 affectibus,
1180 4263 1267 4326 Nam
1285 4266 1340 4326 hic
1363 4265 1469 4348 respi-

192 4381 353 4443 ciendum
387 4397 457 4439 non
491 4385 544 4437 est
576 4377 669 4457 quod
705 4376 826 4455 plures
856 4372 991 4434 faciunt
1022 4372 1085 4434 sed
1118 4373 1212 4453 quod
1246 4371 1320 4433 fieri
1352 4374 1471 4449 debet,

192 4486 292 4569 parvi
318 4503 576 4567 quamcumque
601 4482 738 4544 iaciens
761 4481 931 4543 iacturam
957 4498 1061 4560 quam
1077 4478 1251 4540 aerarium
1277 4499 1389 4540 meum
1416 4499 1471 4540 ac·

193 4594 276 4679 cipit
300 4592 335 4655 in
360 4589 601 4675 opprimendis
627 4589 777 4652 subditis
802 4587 889 4649 meis
912 4587 978 4648 hac
1003 4586 1086 4647 labe
1110 4583 1251 4646 iniectis
1276 4596 1311 4645 et
1327 4585 1470 4665 quidem

192 4721 262 4765 non
287 4699 433 4781 privatis
458 4709 593 4759 tantum
618 4699 682 4759 sed
706 4697 789 4759 totis
814 4692 965 4775 oppidis,
990 4712 1081 4774 quae
1105 4691 1262 4773 presidio
1287 4700 1322 4752 et
1339 4693 1469 4754 robore

193 4806 332 4872 millt'ari
359 4806 493 4868 tuenda
516 4816 611 4883 sunt,
645 4824 690 4868 ne
721 4806 765 4867 ad
798 4801 1007 4865 seditionem
1035 4819 1092 4861 res
1125 4808 1241 4861 exeat.
1288 4798 1388 4879 Quae
1412 4819 1471 4862 res
