3330 5580
786 463 1033 519 &550sso

270 615 369 667 tuere
394 607 611 671 commodius
636 609 739 672 nobis
763 610 933 672 advenire
959 609 1099 671 litterae
1123 619 1221 681 tuae,
1252 628 1333 670 nam
1366 615 1403 668 et
1433 604 1560 668 confir-

270 724 409 775 marunt
434 714 670 779 testimonium
710 719 754 779 de
789 727 825 778 te
851 728 1007 780 nostrum
1044 727 1079 778 et
1114 714 1368 777 maledicorum
1403 733 1470 775 ora
1499 732 1558 793 op·

270 831 486 901 presserunt.
535 822 607 884 Nos
633 823 775 904 quidem
799 824 877 886 Deo
902 833 938 887 et
961 823 1082 884 virtuti
1100 832 1183 884 tuae
1200 822 1423 902 gratulamur
1448 821 1560 881 talem

270 937 306 989 te
342 948 421 990 esse
456 929 638 992 inventum
670 933 811 1011 qualem
846 950 987 1011 semper
1021 928 1254 992 iudicavimus
1289 937 1324 990 et
1360 926 1497 988 Christi
1523 936 1561 986 et

271 1033 492 1097 Christianae
516 1034 735 1118 reipublicae
759 1036 867 1100 fidum
891 1036 1100 1117 firmumque
1125 1034 1360 1098 defensorem.
1420 1032 1463 1095 In
1489 1052 1562 1113 qua

271 1141 376 1203 laude
400 1143 624 1205 hortaremur
655 1144 1008 1225 circumspectionem
1039 1154 1134 1204 tuam
1159 1152 1197 1204 ut
1221 1151 1393 1223 pergeret
1417 1149 1455 1202 et
1481 1159 1560 1220 per-

271 1261 468 1325 severaret,
501 1249 566 1311 nisi
593 1260 797 1333 putaremus
822 1270 961 1314 omnem
985 1249 1224 1311 hortationem
1248 1266 1560 1329 supervacaneam

273 1376 361 1436 esse,
387 1375 463 1417 cum
489 1368 524 1417 te
550 1367 585 1418 et
609 1356 764 1439 dignitas
788 1366 848 1419 tua
872 1367 908 1418 et
932 1356 1099 1418 iudicium
1115 1353 1293 1417 interioris
1314 1353 1562 1415 conscientiae

237 1479 241 1487 ’
272 1462 318 1522 ad
343 1461 377 1522 id
403 1462 555 1525 maxime
579 1464 776 1526 hortentur.
824 1463 898 1525 Etsi
923 1463 1016 1526 enim
1041 1482 1084 1524 ea
1108 1482 1199 1543 quae
1224 1461 1259 1523 in
1281 1459 1481 1524 Germania
1505 1480 1562 1521 ac-

273 1568 435 1630 ciderunt
459 1580 494 1630 et
519 1569 619 1650 quasi
643 1569 764 1633 lurore
788 1572 941 1651 quodam
966 1579 1061 1631 mota
1085 1576 1184 1646 sunt,
1216 1586 1367 1648 magnos
1393 1566 1563 1629 omnibus

272 1675 493 1757 principibus
518 1680 679 1756 laboreS,
705 1678 831 1739 multas
860 1675 1115 1737 sollicitudines
1139 1672 1339 1754 attulerint,
1370 1684 1492 1736 tamen
1529 1683 1567 1735 et

272 1782 414 1844 fortiter
437 1804 479 1844 ac
505 1784 662 1865 gloriose
686 1804 852 1864 repressa
876 1793 967 1857 sunt,
992 1793 1028 1844 et
1053 1782 1249 1844 docuerunt
1269 1781 1306 1842 id
1327 1782 1423 1861 quod
1439 1789 1567 1863 potest

273 1888 341 1950 iam
367 1890 528 1952 omnibus
552 1904 688 1972 patere,
713 1891 945 1973 pessimarum
970 1891 1134 1951 heresum
1159 1899 1322 1950 auctores
1348 1907 1418 1949 non
1446 1886 1567 1949 minus

274 1995 346 2056 suis
369 2016 473 2076 quam
499 1997 624 2059 alienis
650 2019 728 2060 esse
752 1997 982 2079 perniciosos.
1030 1996 1150 2074 Quare
1175 1994 1249 2056 Nos
1273 2006 1309 2056 et
1326 1993 1565 2074 circumspec-

274 2100 361 2164 tioni
386 2116 467 2165 tuae
493 2105 537 2165 de
562 2113 634 2166 tam
658 2104 718 2185 pia
742 2113 859 2165 mente
884 2104 1102 2185 gratulamur
1132 2112 1168 2164 et
1196 2101 1260 2162 tibi
1290 2110 1409 2164 tamen
1434 2101 1566 2162 suade·

275 2229 350 2270 mus
375 2219 411 2270 ut
436 2210 527 2271 hanc
553 2211 691 2273 laudem
717 2221 926 2291 perpetuam
951 2208 1016 2270 tibi
1040 2207 1215 2278 retineas;
1251 2208 1388 2288 hosque
1420 2205 1451 2269 si
1477 2208 1567 2289 quid

275 2316 371 2395 quod
395 2314 471 2378 lieri
496 2337 517 2378 a
543 2317 645 2379 nobis
670 2326 834 2398 oporteat
859 2314 1097 2394 admonueris,
1122 2313 1331 2396 pollicemur
1355 2334 1420 2376 nec
1445 2313 1563 2396 digni·

275 2423 339 2484 tati
363 2433 446 2485 tuae
471 2444 535 2486 nec
561 2424 666 2487 saluti
691 2425 799 2486 totius
823 2421 1038 2486 Germaniae
1063 2419 1247 2483 defuturos
1313 2419 1415 2501 Quae
1439 2432 1566 2483 autem

275 2538 463 2610 praeterea
487 2554 508 2594 a
533 2533 637 2594 nobis
660 2552 725 2614 per
749 2532 886 2593 litteras
911 2531 1081 2612 postulas,
1106 2529 1151 2590 de
1174 2527 1217 2589 iis
1233 2527 1397 2590 iussimus
1414 2548 1567 2609 respon-

276 2635 352 2697 deri
377 2637 569 2718 agentibus
602 2637 658 2700 hic
691 2638 775 2717 tuis,
811 2638 870 2718 qui
906 2638 953 2699 ad
988 2634 1341 2717 circumspectionem
1365 2644 1463 2696 tuam
1490 2637 1566 2715 ple·

276 2742 353 2804 nius
377 2744 615 2825 perscribent;
646 2746 699 2807 Tu
723 2746 790 2806 hoc
815 2743 879 2806 tibi
903 2745 1122 2825 persuadeas
1146 2744 1308 2805 volumus
1332 2761 1439 2804 curae
1458 2742 1569 2804 nobis

278 2850 464 2913 admodum
490 2872 568 2914 esse
593 2862 628 2914 et
658 2852 766 2913 decus
791 2859 825 2912 et
851 2850 1148 2914 existimationem
1175 2861 1279 2913 tuam.
1327 2849 1460 2911 Datum
1488 2849 1567 2911 Ro·

278 2977 355 3019 mae
382 2969 448 3020 etc.
474 2958 532 3021 die
556 2958 649 3021 XVI
674 2956 842 3020 Octobris
865 2956 1068 3020 MDXXV.
1116 2956 1223 3018 Anno
1248 2957 1417 3020 secundo

821 3172 984 3183 iamt-*vsvs
992 3172 994 3177 ·
1003 3172 1006 3176 ·
1014 3171 1025 3180 ¹-

883 3401 956 3464 260.
1078 3433 1079 3436 1

571 3517 765 3616 Episcopus
793 3516 1025 3595 Tridentinus
1054 3514 1159 3595 dlem.
1188 3514 1265 3594 VII.

743 3662 842 3736 (aptat.
861 3662 946 3737 princ.
965 3663 1016 3722 nt
1036 3662 1108 3734 dod)

770 3781 823 3850 (10.
845 3785 970 3833 Octobris
993 3784 1078 3847 1525.)

373 3928 550 3990 Hesterno
583 3927 733 4008 primum
775 3927 834 3990 die
877 3926 999 4008 recepi
1031 3926 1149 3988 Breve
1183 3936 1324 3989 vestrae
1357 3924 1573 3987 Sanctitatis

282 4034 378 4114 quod
402 4033 480 4114 ipsa
516 4033 614 4095 dedit
649 4035 692 4095 ad
722 4054 778 4096 me
813 4033 944 4096 XXIII
969 4034 1138 4114 Augusti,
1162 4032 1409 4115 responsivum
1434 4033 1482 4093 ad
1508 4053 1573 4095 eas

285 4160 373 4220 quas
397 4144 440 4202 ad
468 4161 505 4202 se
532 4142 699 4202 dederam
726 4141 763 4202 X
789 4139 966 4216 eiusdem,
1005 4141 1119 4221 quod,
1157 4151 1194 4201 ut
1218 4141 1432 4215 admoneor,
1467 4139 1573 4220 prius

283 4247 349 4308 luit
365 4247 398 4309 in
417 4247 620 4309 Flandriam
638 4249 793 4309 delatum
809 4267 913 4328 quam
932 4246 1015 4309 mihi
1032 4247 1134 4309 reddi
1158 4245 1328 4327 potuerit;
1355 4253 1460 4326 atque
1486 4244 1572 4309 ideo

283 4355 492 4416 factumest
518 4354 902 4435 utegocitiusquam
928 4354 1033 4416 modo
1069 4373 1138 4414 non
1173 4351 1433 4433 responderim,
1470 4355 1571 4433 quod

283 4461 437 4542 alioquin
465 4462 605 4523 minime
629 4461 922 4543 pretermisissem
959 4459 1146 4541 quominus
1181 4460 1275 4522 illico
1310 4459 1468 4521 debitum
1499 4481 1572 4522 ser·

284 4568 405 4631 vitutis
429 4589 529 4631 meae
554 4587 642 4649 erga
665 4589 704 4630 se
729 4579 764 4629 et
781 4569 901 4630 sedem
929 4588 1026 4630 suam
1055 4566 1289 4648 apostolicam
1317 4585 1573 4647 agnoscerem;

284 4676 380 4756 quod
403 4674 511 4756 igitur
535 4695 590 4737 me
617 4674 665 4735 V⁸
690 4673 743 4734 8³⁸
777 4676 938 4737 hortatur
970 4684 1009 4736 ut
1031 4674 1067 4735 in
1092 4674 1211 4755 priore
1234 4694 1314 4736 mea
1338 4674 1573 4737 observantia

284 4794 318 4843 ot
345 4801 461 4843 rerum
488 4802 626 4843 suarum
654 4802 737 4843 cura
761 4781 953 4862 persistere
978 4780 1094 4859 velim,
1119 4782 1164 4843 de
1188 4780 1337 4862 singulis
1358 4779 1470 4860 ipsam
1497 4801 1560 4844 cer
