3330 5580
711 454 957 510 tenattem

187 604 396 668 comunicar
412 612 538 685 questo
555 603 722 665 mandato
739 601 800 665 alli
817 599 920 664 Stati.
954 602 1063 664 Cesar
1079 614 1169 666 tutta
1193 607 1292 669 volta
1316 617 1474 671 monstra

189 733 291 777 esser
314 722 406 774 tutto
431 718 598 773 contento
623 710 689 771 che
713 710 748 770 la
772 730 836 770 sua
860 709 1117 773 deliberatione
1149 711 1190 774 sii
1215 717 1288 775 cosi
1313 723 1416 794 grata
1440 717 1474 777 al

190 816 424 881 Sanctissimo
450 826 485 879 et
509 818 544 879 al
568 814 679 878 Sacro
704 815 876 897 Collegi0.

286 925 329 987 El
345 924 462 987 Breve
479 925 514 986 al
535 922 718 985 consessor
735 923 752 984 ἐ
767 933 899 985 venuto
915 925 984 985 ben
1001 944 1023 985 a
1039 932 1176 1004 tempo;
1197 924 1281 987 item
1298 928 1417 1006 quello
1442 929 1476 990 al

191 1031 353 1095 l'ufficial
379 1030 399 1093 ὲ
423 1039 516 1092 stato
540 1038 640 1091 tanto
665 1038 769 1109 grato
794 1029 860 1090 che
885 1029 963 1091 dice
985 1032 1086 1092 voler
1110 1039 1237 1094 metter
1260 1053 1298 1094 se
1323 1035 1474 1097 havesse

192 1141 287 1203 mille
325 1137 398 1200 vite
435 1157 501 1218 per
541 1134 615 1198 Sua
653 1133 791 1199 Santit‘a
833 1146 869 1198 et
907 1137 942 1198 la
978 1135 1074 1200 Sede
1114 1136 1325 1219 Apostolica
1364 1151 1399 1202 et
1439 1140 1473 1203 in

192 1267 277 1310 vero
302 1247 321 1309 ὲ
345 1242 579 1327 gentilissimo
603 1261 669 1323 per
697 1241 782 1324 ogni
815 1242 883 1304 via.
940 1244 1007 1306 Del
1039 1244 1134 1306 dono
1166 1244 1201 1306 di
1233 1245 1328 1307 mille
1358 1245 1474 1309 fiorini

192 1356 237 1417 ha
260 1373 368 1436 parso
392 1354 426 1414 al
451 1349 506 1413 S0r
528 1347 666 1412 Nuncio
692 1358 727 1411 et
751 1370 772 1412 a
804 1370 860 1412 me
888 1351 955 1412 che
988 1351 1058 1412 ben
1087 1353 1304 1414 bastaranno
1339 1352 1472 1426 CCCC;

193 1472 227 1522 et
258 1457 437 1523 ancorche
471 1477 541 1520 non
573 1454 764 1519 habbiamo
796 1466 942 1538 possuto
971 1455 1085 1520 finora
1116 1478 1263 1521 recever
1296 1460 1319 1521 li
1351 1462 1474 1523 danari

194 1569 240 1631 dil
265 1566 405 1630 cambio
429 1564 559 1649 parchi
575 1566 610 1626 la
630 1565 757 1625 lettera
781 1563 799 1626 ὲ
825 1563 915 1626 satta
938 1584 1004 1645 per
1025 1565 1200 1645 Augusta,
1225 1575 1261 1628 et
1285 1567 1308 1629 li
1327 1567 1475 1630 Foccari

193 1695 262 1739 non
293 1683 428 1756 poteno
457 1693 478 1735 o
513 1692 583 1734 non
608 1671 738 1732 voleno
763 1689 877 1752 pagar
902 1669 960 1752 qui
985 1673 1034 1733 tal
1059 1692 1208 1752 summa,
1233 1683 1350 1737 tamen
1375 1676 1474 1738 accio

195 1784 257 1846 che
281 1780 453 1843 l'ufficial
478 1778 514 1841 in
537 1780 571 1840 le
596 1778 757 1840 consulte
782 1778 826 1839 de
860 1779 894 1839 la
918 1776 1023 1840 Dicta
1047 1778 1186 1842 facesse
1214 1782 1284 1843 ben
1316 1782 1473 1844 l'ufficio

194 1889 217 1951 11
247 1887 438 1951 dicessimo
470 1886 515 1948 de
539 1885 564 1947 li
598 1904 662 1961 400
688 1886 767 1946 chel
791 1882 856 1946 S¹¹¹⁰
880 1885 927 1946 ha
951 1887 1163 1948 comandato
1188 1888 1254 1949 che
1280 1888 1337 1950 noi
1363 1889 1387 1952 11
1411 1910 1472 1971 pa·

195 1995 354 2078 ghiam0,
379 1994 404 2058 11
429 1993 524 2074 quali
548 1991 573 2054 11
597 2011 744 2073 parsero
768 1993 839 2053 ben
864 1990 974 2070 assai,
1007 1991 1099 2054 etin
1131 2014 1217 2056 vero
1242 1996 1308 2057 che
1332 1996 1380 2057 lui
1405 2017 1471 2059 con

195 2101 277 2186 ogni
308 2098 527 2165 verecundia
550 2109 731 2161 mostrava
754 2097 924 2160 recusarli
948 2108 984 2161 et
1009 2098 1161 2163 offerirsi
1178 2121 1318 2184 sempre
1343 2104 1378 2164 di
1402 2106 1471 2166 ben

194 2209 226 2272 in
250 2208 374 2279 melio:
400 2205 542 2270 subbito
576 2207 642 2269 che
667 2204 834 2268 abbiamo
849 2204 995 2268 retirata
1014 2205 1112 2269 detta
1129 2228 1264 2271 summa
1287 2209 1311 2271 li
1335 2213 1471 2274 sborsa·

195 2337 288 2381 remo
314 2335 379 2394 400
401 2313 527 2395 fiorini,
552 2323 588 2376 et
604 2311 737 2394 perche
752 2332 916 2393 speramo
934 2311 976 2375 N.
995 2311 1031 2376 S.
1048 2314 1082 2376 10
1100 2315 1270 2378 exaudiri
1295 2317 1331 2379 in
1356 2319 1472 2398 quelle

196 2425 260 2487 due
285 2421 450 2507 petitioni
474 2423 539 2484 che
564 2420 599 2482 10
624 2419 762 2482 mandai
789 2419 897 2501 peril
922 2419 1097 2501 proximo,
1121 2421 1142 2482 l'
1160 2437 1229 2485 uno
1254 2443 1319 2504 per
1343 2423 1364 2485 1'
1381 2427 1472 2487 altro

196 2530 269 2594 fara
292 2531 360 2595 che
384 2527 433 2591 lui
449 2527 528 2590 sara
545 2535 721 2608 perpetuo
737 2526 910 2589 servitore
936 2526 970 2588 di
996 2524 1046 2588 Su
1061 2524 1115 2589 St*
1139 2537 1175 2590 et
1199 2529 1233 2590 di
1251 2530 1294 2592 V.
1313 2528 1348 2592 S.
1367 2531 1472 2595 Rma.

281 2639 338 2700 De
362 2644 523 2699 trecento
548 2633 664 2696 fiorini
688 2635 754 2695 che
779 2653 817 2695 se
841 2632 956 2696 scrive
981 2634 1047 2696 che
1071 2634 1105 2697 10
1119 2636 1216 2698 habii
1241 2657 1262 2698 a
1285 2637 1415 2719 pigliar
1439 2639 1475 2701 in

197 2746 288 2808 dono
313 2764 358 2806 ne
384 2741 542 2826 regratio
567 2740 640 2803 Sua
665 2740 716 2803 δ’*
737 2749 772 2801 et
796 2740 839 2803 V.
866 2737 902 2804 S.
926 2739 1023 2803 Rma
1047 2752 1179 2822 quanto
1203 2763 1310 2825 posso
1335 2755 1371 2808 et
1394 2766 1472 2827 pro·

196 2862 300 2915 metto
326 2850 433 2914 usarli
458 2848 518 2911 alli
541 2850 619 2911 loro
635 2847 778 2911 servicii
803 2868 873 2909 non
898 2850 1152 2930 sparagnando
1177 2851 1212 2913 la
1235 2852 1382 2933 propria
1399 2853 1473 2916 vita

196 2977 299 3022 ancor
323 2957 389 3019 che
413 2957 460 3018 da
483 2975 607 3037 pocco.

280 3064 510 3126 Restaranno
539 3060 697 3124 seicento
722 3060 840 3123 fiorini
863 3061 887 3123 11
912 3061 1007 3142 quali
1031 3061 1061 3123 si
1086 3065 1354 3126 exborseranno
1379 3065 1413 3128 in
1439 3068 1472 3129 le

196 3170 405 3235 necessitate
423 3178 459 3232 et
474 3169 695 3231 occorrentie
718 3168 813 3231 della
837 3168 1045 3250 expedition
1070 3190 1148 3232 curn
1173 3182 1301 3252 saputa
1324 3177 1412 3253 pero
1438 3185 1474 3237 et

194 3277 345 3342 conselio
371 3277 430 3339 del
454 3273 493 3337 Sr
521 3274 709 3337 Carazzolo
735 3285 769 3336 et
795 3275 851 3337 del
877 3284 968 3337 tutto
990 3275 1019 3338 si
1034 3276 1187 3338 rendera
1204 3287 1309 3340 conto
1325 3282 1470 3342 authen·

194 3385 258 3449 tico
282 3384 355 3447 fino
379 3385 424 3446 ad
449 3402 496 3445 un
520 3382 720 3462 quadrante
749 3383 814 3444 che
845 3382 869 3443 li
903 3381 1027 3444 danari
1058 3383 1093 3444 di
1127 3381 1200 3445 Sua
1232 3382 1370 3448 Santita
1400 3407 1470 3449 non

194 3491 278 3555 siino
303 3491 374 3554 mai
398 3488 513 3569 messi,
538 3498 574 3550 et
598 3489 697 3550 detto
716 3486 849 3550 ufficial
869 3493 941 3550 cosi
958 3490 1028 3551 ben
1045 3490 1179 3553 restera
1195 3493 1471 3558 contentissime.

194 3598 229 3662 Li
251 3600 403 3662 havemo
428 3595 555 3659 inditto
589 3615 635 3656 un
660 3615 751 3676 gran
776 3594 917 3658 silentio
942 3597 1008 3658 che
1033 3616 1103 3659 non
1129 3598 1219 3678 parli
1248 3599 1284 3661 di
1313 3603 1362 3662 tal
1387 3622 1472 3664 cosa

194 3705 321 3788 perche
353 3725 424 3768 non
449 3704 467 3766 ὲ
492 3706 583 3766 altra
609 3702 785 3765 calumnia
809 3702 867 3785 piri
900 3704 1038 3785 grande
1071 3704 1116 3766 ne
1148 3705 1206 3786 piu
1232 3716 1378 3787 potente
1404 3728 1470 3771 con

194 3814 224 3876 la
252 3813 336 3895 qual
364 3810 480 3893 questi
508 3809 675 3874 Alemani
709 3810 740 3871 ci
774 3810 961 3873 concitano
995 3810 1077 3873 odio
1108 3812 1261 3874 addosso
1293 3824 1330 3876 et
1362 3813 1471 3877 fanno

193 3940 300 4002 pocco
326 3918 478 3983 extimat
510 3917 534 3981 11
559 3916 716 3980 mandati
741 3917 777 3978 di
802 3917 911 3980 Cesar
935 3919 1001 3978 che
1026 3937 1093 3980 con
1119 3917 1195 3980 dire
1220 3921 1285 3981 che
1310 3920 1368 3982 noi
1393 3924 1470 3983 sub·

194 4047 335 4091 ornamo
360 4026 491 4090 Cesare
516 4046 595 4088 cum
619 4024 762 4104 danari,
797 4026 829 4087 el
859 4024 1016 4087 conselio
1041 4037 1076 4086 et
1100 4034 1191 4087 tutto
1218 4026 1238 4087 ’l
1264 4029 1410 4107 mund0,
1437 4030 1472 4091 la

194 4137 272 4217 qual
295 4155 391 4215 cosa,
416 4153 526 4197 ancor
550 4135 615 4196 che
633 4132 674 4195 sii
699 4153 769 4194 non
795 4131 874 4194 dico
897 4133 1010 4193 solum
1034 4130 1125 4194 falsa
1140 4153 1197 4194 rna
1213 4133 1338 4214 paccia
1362 4156 1382 4196 a
1407 4134 1471 4215 dir,

195 4242 380 4306 tuttavolta
404 4261 423 4304 e
448 4241 482 4303 in
508 4239 597 4303 detti
622 4251 656 4302 et
681 4240 715 4301 in
740 4238 852 4302 scritti
878 4248 914 4300 et
944 4237 978 4300 in
1003 4239 1190 4301 iuramenti
1221 4240 1246 4302 li
1278 4240 1471 4304 Lutherani

196 4368 230 4413 se
253 4370 298 4413 ne
323 4347 432 4411 fanno
457 4346 634 4410 cavalieri.

278 4455 408 4537 Quello
433 4453 643 4517 medessimo
668 4454 713 4533 di,
738 4452 927 4515 Dominica
943 4461 1097 4533 passata,
1121 4473 1237 4515 venne
1263 4474 1380 4516 nuova
1404 4458 1470 4519 che

197 4560 323 4626 Martia
347 4581 409 4625 ero
443 4571 535 4624 stato
567 4581 673 4643 preso
705 4569 741 4622 et
771 4560 809 4622 fu
838 4580 885 4621 un
917 4561 1055 4640 grande
1087 4579 1283 4622 nrurmurar
1315 4563 1381 4624 che
1412 4563 1470 4626 noi

199 4688 312 4733 eramo
329 4667 412 4732 stati
429 4667 558 4731 auttori
576 4687 647 4730 non
663 4687 767 4729 senza
787 4666 925 4746 grande
950 4665 1109 4746 periculo
1134 4675 1266 4745 nostr0,
1291 4669 1422 4748 perche
1446 4669 1470 4732 11

199 4774 385 4842 Lutherani
411 4774 442 4839 ci
466 4774 699 4840 concitavano
723 4783 816 4838 tutto
842 4773 864 4834 ’i
887 4773 1018 4836 mundo
1042 4772 1156 4855 primo
1189 4771 1340 4836 dicendo
1375 4795 1471 4840 esser

1260 4876 1312 4935 16*
