3330 5580
712 486 770 538 ΗΒ
810 483 941 537 38⁴8>0

186 631 352 711 misimus,
378 651 456 693 cum
481 628 603 693 debita
620 629 832 691 executione
849 631 1045 693 litterarum
1062 630 1379 692 declaratoriarum
1395 651 1469 692 sen-

186 737 375 801 tentiarum
406 749 606 800 nostrarum
639 736 822 800 nobiscum
846 748 885 800 ut
909 739 1013 800 decet
1038 737 1244 810 convenire;
1280 746 1314 800 et
1338 747 1377 799 ut
1402 758 1470 800 om·

188 845 291 908 nibus
316 844 604 908 christifidelibus
628 844 664 906 id
688 844 888 908 innotescat
911 865 977 926 per
993 856 1091 906 tuum
1108 845 1278 926 generale
1293 843 1470 907 aedictum

187 952 221 1015 in
256 951 419 1015 omnibus
454 950 657 1015 civitatibus
693 961 728 1013 et
763 951 850 1014 locis
883 950 1098 1014 Germaniae
1134 949 1310 1031 publicari
1345 971 1471 1014 curare

187 1061 339 1122 eundem
362 1056 554 1121 Martinum
588 1068 623 1119 et
653 1058 742 1120 alios
775 1059 975 1121 haereticos
1009 1058 1040 1121 ei
1073 1059 1289 1121 adherentes
1322 1078 1364 1121 ac
1398 1059 1472 1140 ejus

187 1166 346 1229 fautores
371 1175 406 1228 et
430 1172 674 1246 receptatores
699 1165 881 1247 ipsiusque
905 1165 1178 1246 perversitatem
1196 1175 1386 1246 sequentes
1403 1163 1473 1228 illis

188 1272 301 1356 penis,
326 1293 417 1354 quae
434 1273 471 1335 in
495 1272 621 1335 litteris
645 1273 775 1335 nostris
800 1284 925 1335 contra
950 1293 1011 1335 eos
1036 1274 1203 1335 decretae
1227 1272 1380 1353 fuerunt,
1406 1272 1473 1335 nisi

188 1380 412 1460 resipiscant,
446 1379 554 1461 plecti
575 1380 800 1460 jubendo.ac
832 1379 1013 1442 civitatum
1041 1379 1240 1442 rectoribus
1266 1389 1302 1442 et
1326 1378 1472 1441 Provin·
1525 1444 1531 1448 ,

188 1486 321 1550 ciarum
352 1496 491 1548 tuarum
523 1485 807 1549 moderatoribus
841 1486 1106 1567 eorundemque
1139 1485 1404 1568 apparitoribus
1439 1496 1474 1548 et

189 1593 267 1656 aliis
291 1592 513 1670 officialibus,
548 1595 614 1654 sub
639 1593 740 1674 penis
776 1595 820 1656 de
853 1592 980 1674 quibus
1012 1592 1075 1655 tibi
1101 1593 1279 1655 videbitur
1303 1594 1473 1656 mandare

187 1709 226 1761 ut
257 1721 322 1783 per
355 1699 535 1781 publicum
567 1699 721 1762 edictum
745 1701 908 1763 omnibus
933 1701 1118 1763 declarent
1141 1709 1248 1782 atque
1273 1699 1475 1781 significent

188 1816 223 1869 te
258 1816 382 1869 contra
414 1807 566 1868 eundem
590 1805 782 1868 Martinum
814 1827 856 1869 ac
886 1807 1065 1869 hereticos
1096 1804 1194 1887 ipsos
1225 1808 1413 1870 damnatos
1439 1818 1473 1869 et

189 1913 221 1976 ei
252 1914 466 1975 adherentes
498 1933 689 1994 eorumque
723 1911 881 1976 fautores
909 1915 1010 1995 juxta
1040 1913 1238 1976 litterarum
1273 1924 1473 1977 nostrarum

189 2040 266 2083 esse
297 2039 538 2101 processuros.
596 2019 801 2083 Praestabis
840 2021 933 2082 enim
967 2020 1001 2083 in
1037 2022 1105 2083 hoc
1138 2018 1316 2083 Salvatori
1348 2031 1472 2083 nostro

187 2128 272 2207 Jesu
288 2127 430 2191 Christo
454 2126 664 2208 obsequium
687 2126 722 2189 in
746 2127 868 2208 primis
893 2126 1189 2209 acceptissimum,
1206 2137 1356 2209 propter
1373 2128 1469 2209 quod

189 2232 349 2296 diffusius
380 2236 529 2297 extollet
563 2233 715 2315 g'loriam
745 2244 827 2297 tuae
858 2235 1052 2316 majestatis
1083 2234 1213 2297 samam
1245 2254 1336 2315 quae
1366 2234 1473 2296 etiam

189 2341 224 2403 in
242 2350 407 2423 posteros
424 2351 503 2404 tuos
526 2362 604 2403 cum
621 2341 727 2403 laude
743 2341 897 2404 maxima
914 2342 1120 2421 descendet,
1145 2350 1181 2403 et
1197 2342 1290 2403 ultra
1306 2352 1475 2402 aeternae

189 2448 284 2511 vitae
317 2448 511 2530 praemium
543 2449 640 2530 quod
672 2448 801 2510 exinde
833 2448 897 2509 tibi
927 2446 1131 2529 proveniet,
1166 2446 1324 2527 reperies
1349 2468 1413 2510 nos
1438 2458 1474 2511 et

189 2556 471 2657 hanc‘sanctam
496 2553 626 2616 Sedem
657 2555 890 2636 apostolicam
915 2556 961 2616 ad
985 2554 1102 2616 omnia
1126 2574 1218 2635 quae
1242 2556 1414 2617 honorem
1439 2567 1475 2618 et

190 2672 318 2724 statum
343 2671 425 2724 tuae
450 2660 669 2724 celsitudinis
694 2667 910 2724 concernere
935 2671 1103 2744 poterunt
1128 2661 1223 2723 omni
1259 2682 1337 2724 cum
1369 2665 1473 2724 bene·

190 2768 346 2831 dictione
371 2779 567 2849 promptos
614 2768 746 2831 Datum
771 2769 912 2831 Romae
937 2771 1032 2850 apud
1051 2768 1221 2831 Sanctum
1238 2769 1384 2831 Petrum
1407 2772 1474 2832 sub

191 2878 321 2938 annulo
348 2873 557 2955 Piscatoris,
592 2874 649 2937 die
682 2875 819 2937 XVIII.
847 2876 1005 2956 Januarii
1037 2875 1210 2938 MDXXI
1241 2875 1475 2939 Pontificatus

192 2981 303 3046 nostri
327 3002 420 3044 anno
446 2991 584 3045 octavo.

1220 3079 1260 3140 la.
1279 3079 1439 3141 sablone.

728 3242 930 3254 *ew-mmmm«

809 3472 858 3536 14.

578 3580 755 3659 Aloander
774 3578 1087 3660 licaoanoellario.

536 3727 709 3798 (dinotet.
731 3727 880 3786 German.
901 3726 932 3783 L.
950 3725 1129 3798 110-111.)

710 3843 844 3913 (19·J³11·
868 3849 952 3908 1⁵21.)

280 3974 322 4036 El
355 3972 539 4036 confessor
571 3972 606 4034 in
640 3970 756 4053 questi
780 3969 891 4032 ultimi
916 3978 1058 4051 quattro
1083 3969 1200 4050 giomi
1225 3969 1284 4050 gia
1309 3969 1369 4053 pib
1393 3969 1477 4033 hate

191 4082 216 4145 il
240 4084 286 4144 ha
311 4080 507 4143 deehiarito
532 4099 602 4143 non
627 4081 727 4142 voler
744 4099 808 4159 per
823 4098 906 4140 cosa
921 4078 1049 4139 alcuna
1066 4087 1180 4138 restar
1198 4076 1268 4158 qui,
1292 4097 1349 4139 ma
1365 4079 1478 4140 andar

192 4191 227 4251 al
259 4189 415 4269 capitulo
447 4207 511 4250 suo
542 4188 711 4268 generale
745 4187 811 4247 che
843 4183 871 4245 si
895 4183 974 4246 fara
1002 4173 1155 4264 aCarpi,
1185 4185 1219 4245 al
1250 4187 1354 4265 quale
1385 4184 1478 4247 luie

193 4305 389 4358 constretto
413 4314 459 4357 ex
483 4305 582 4356 voto:
609 4292 668 4355 noi
695 4291 947 4373 cognoscendo
972 4310 1042 4353 non
1067 4291 1179 4352 haver
1202 4292 1293 4352 altro
1309 4295 1367 4372 qul
1385 4291 1478 4353 achi

192 4401 252 4484 piu
278 4422 322 4464 ne
346 4400 524 4482 possiamo
558 4399 648 4462 fidar
679 4399 714 4461 in
748 4407 873 4479 questo
905 4398 971 4459 che
995 4417 1017 4459 a
1040 4396 1103 4477 lui,
1131 4396 1154 4459 li
1179 4396 1367 4459 facessimo
1393 4398 1477 4477 ogni

193 4507 360 4571 instantia
384 4510 463 4570 chel
488 4517 657 4587 restasse‚
691 4504 909 4587 allegandoli
940 4505 964 4566 il
996 4504 1160 4587 maggior
1183 4503 1252 4567 imo
1277 4504 1478 4567 universale

193 4618 264 4679 ben
279 4615 381 4677 della
398 4614 518 4678 chiesa
543 4634 661 4677 essere
686 4614 732 4675 da
756 4611 929 4695 preferire
954 4611 988 4673 al
1012 4614 1081 4674 ben
1107 4611 1310 4692 particular,
1332 4620 1366 4673 et
1383 4613 1478 4692 quod

195 4723 240 4784 ad
265 4723 332 4784 hoc
358 4730 548 4802 cogeretur
572 4742 618 4783 ex
643 4729 727 4782 voto
744 4717 917 4799 Baptismi
943 4719 1038 4799 quod
1060 4720 1168 4798 longe
1187 4727 1341 4780 antestat
1358 4729 1478 4781 votum

193 4827 390 4908 religionis,
415 4839 450 4890 et
473 4827 509 4890 in
534 4827 581 4890 fin
607 4827 712 4907 disse,
738 4828 803 4888 che
828 4844 899 4887 non
923 4827 1143 4904 restarebbe,
1169 4827 1211 4887 ne
1236 4845 1302 4906 per
1327 4825 1479 4907 Impera-
