3330 5580
708 480 955 538 &diddo

192 629 318 692 fuerim
336 629 537 711 prohibitus
561 630 788 710 sponsionem
814 649 926 691 meam
952 627 1164 708 adimplere;
1181 624 1399 708 rogavitque
1424 645 1483 688 me

192 755 236 798 ne
261 746 343 799 ante
375 757 490 800 meum
526 737 678 799 reditum
707 746 742 798 et
773 735 936 798 iteratam
967 754 1086 797 secum
1121 732 1483 796 communicationem

191 863 298 924 super
321 845 387 905 hac
413 844 561 907 materia
586 840 679 905 SS¹⁰⁰
704 844 751 904 D⁰
786 842 827 905 N.
853 844 897 904 de
922 863 960 903 se
985 861 1095 904 suave
1110 839 1346 922 responsione
1370 860 1482 922 quam

191 950 417 1013 tumultuarie
436 961 471 1013 et
488 972 533 1014 ex
550 949 742 1031 improviso
767 949 990 1028 reddidisset,
1016 947 1205 1029 quicquam
1229 946 1481 1011 rescriberem.

192 1055 332 1119 Certior
366 1067 481 1120 autem
516 1057 630 1120 factus
661 1077 716 1117 me
746 1076 815 1117 non
849 1056 1042 1117 rediturum
1075 1056 1141 1117 hac
1174 1054 1252 1116 vice
1277 1053 1481 1116 Lovanium

191 1184 256 1244 per
280 1163 415 1226 litteras
439 1163 662 1244 Egmondani
687 1163 770 1224 mihi
795 1162 981 1243 respondit
1013 1160 1128 1242 pridie
1164 1162 1226 1223 kal
1251 1158 1482 1243 Septembris

191 1269 267 1333 fere
291 1270 382 1332 sicut
406 1270 520 1351 prius;
546 1270 664 1332 mirari
696 1268 830 1331 scilicet
862 1289 899 1331 se
933 1290 1023 1342 rem;
1057 1268 1227 1331 adiiciens
1260 1288 1298 1331 se
1334 1268 1481 1350 plenius

191 1397 441 1459 responsurum
476 1377 536 1439 ubi
569 1396 653 1438 suus
684 1375 918 1438 Provincialis
950 1386 985 1438 et
1017 1375 1159 1456 quidem
1187 1376 1280 1438 alter
1303 1375 1481 1457 magister

191 1483 245 1545 sui
262 1484 406 1547 Ordinis
423 1484 625 1547 haereticae
643 1482 830 1565 pravitatis
845 1482 880 1544 in
897 1482 1031 1545 Ordine
1048 1481 1108 1543 illo
1133 1481 1320 1562 inquisitor
1345 1502 1480 1561 secum,

190 1591 337 1671 ipseque
362 1611 441 1653 cum
465 1590 533 1653 illis
557 1590 819 1654 convenissent.
868 1588 971 1670 Quod
996 1590 1136 1670 plenius
1159 1608 1371 1668 responsum
1396 1609 1480 1651 cum

191 1699 372 1779 hucusque
401 1699 448 1760 ad
479 1718 534 1760 me
560 1718 628 1759 non
655 1697 877 1778 pervenerit,
901 1695 1054 1758 sortasse
1078 1696 1161 1776 quia
1185 1694 1249 1758 8¹³⁰
1273 1696 1316 1760 D.
1343 1695 1386 1761 N.
1412 1717 1481 1778 per

192 1804 322 1866 dictum
336 1805 607 1867 Procuratorem
633 1805 667 1866 in
693 1806 781 1866 urbe
806 1802 1020 1865 residentem
1045 1801 1126 1864 viva
1150 1822 1239 1864 voce
1264 1803 1480 1883 responderi

191 1911 389 1990 curaverit,
414 1931 484 1973 non
509 1910 632 1992 putavi
657 1930 726 1992 ego
751 1909 836 1972 mihi
861 1908 991 1970 diutius
1016 1908 1250 1971 differendum
1275 1909 1477 1972 rescribere

191 2018 266 2080 R¹¹¹⁰
287 2019 351 2079 Dno
372 2038 452 2080 meo
469 2017 616 2079 Datario
641 2017 725 2099 quid
747 2038 825 2079 curn
851 2016 954 2078 dictis
970 2016 1204 2097 Egmondano
1230 2028 1265 2077 et
1284 2015 1476 2079 Vincentio

191 2124 223 2186 in
249 2145 287 2187 re
313 2125 397 2187 mihi
422 2125 609 2187 commissa
634 2124 797 2205 egissem.
856 2123 933 2204 Qua
962 2123 999 2185 in
1023 2144 1061 2184 re
1085 2144 1157 2186 non
1182 2124 1342 2186 omittam
1368 2124 1476 2187 etiam

191 2253 303 2294 meam
328 2232 540 2295 sententiam
558 2232 653 2299 dicto
669 2231 822 2294 Domino
839 2251 917 2293 meo
934 2251 999 2313 per
1016 2231 1293 2293 dominationem
1317 2242 1476 2293 vestram

190 2351 224 2400 et
248 2359 313 2420 per
338 2360 428 2419 eum,
453 2340 482 2400 si
506 2339 695 2415 videbitur,
722 2336 909 2401 SS¹¹¹⁰Dno
934 2348 1055 2400 nostro
1074 2338 1267 2419 explicare,
1291 2338 1400 2419 idque
1425 2338 1476 2401 ita

189 2445 272 2508 mihi
299 2447 397 2508 Deus
420 2445 634 2524 benefaciat,
660 2466 794 2507 summa
819 2465 896 2507 curn
921 2444 992 2506 fide
1008 2455 1043 2507 et
1059 2445 1286 2526 synceritate.
1319 2445 1475 2506 Videtur

191 2553 311 2633 itaque
336 2551 420 2615 mihi
444 2573 502 2615 res
525 2554 613 2615 haec
639 2573 716 2614 esse
742 2553 883 2633 quidem
909 2552 943 2613 in
969 2571 1095 2613 senon
1112 2552 1218 2612 valde
1235 2570 1384 2632 magna;
1410 2553 1474 2614 sed

191 2669 310 2721 tamen
335 2670 484 2742 propter
517 2680 559 2722 ea
591 2680 683 2741 quae
715 2660 797 2721 inde
827 2658 927 2740 sequi
957 2668 1106 2740 possunt
1142 2678 1212 2720 non
1246 2677 1324 2720 esse
1362 2677 1474 2738 parva

189 2768 397 2848 reputanda.
445 2767 583 2829 Norunt
607 2787 758 2848 namque
791 2786 913 2829 omnes
944 2786 1048 2846 quam
1083 2785 1207 2847 parurn
1238 2765 1390 2845 utiliter,
1428 2785 1472 2827 ne

191 2873 304 2935 dicam
329 2873 533 2956 pernitiose,
558 2872 725 2935 Erasmus
750 2872 931 2954 scripserit
955 2873 988 2935 in
1013 2892 1143 2954 magna
1167 2872 1378 2954 scriptorum
1394 2892 1472 2934 suo·

189 3000 264 3042 rum
290 2990 392 3061 parte
417 3000 508 3061 quae
532 2978 638 3041 fidem
663 3001 702 3041 ac
735 2979 942 3061 religionem
977 2979 1191 3061 respiciunt:
1224 2990 1259 3041 et
1290 2980 1471 3060 quomodo

190 3107 235 3148 ex
268 3086 409 3168 scriptis
439 3086 512 3149 eius
548 3087 689 3169 plurimi
725 3087 799 3149 eius
832 3086 1065 3149 admiratores
1101 3087 1229 3167 (qualis
1263 3086 1369 3149 etiam
1401 3107 1471 3169 ego

190 3214 269 3256 esse
293 3191 406 3278 soleo)
439 3196 543 3256 valde
573 3193 684 3256 adiuti
717 3193 786 3255 sint
811 3195 855 3255 ad
880 3192 1019 3255 facilius
1043 3194 1292 3275 amplectenda
1315 3193 1471 3274 pessima

189 3301 359 3380 dogmata
384 3301 665 3363 Lutheranorum
691 3309 727 3362 et
750 3302 841 3362 male
877 3300 1053 3363 sentiendi
1082 3300 1127 3362 de
1163 3300 1281 3362 multis
1313 3300 1471 3363 articulis

188 3405 282 3486 fidei,
307 3408 459 3469 maxime
485 3409 529 3469 de
553 3407 705 3487 primatu
732 3406 828 3468 Petri
854 3417 888 3469 et
912 3407 1067 3469 Romani
1092 3406 1292 3487 pontificis,
1326 3409 1371 3469 de
1404 3407 1469 3468 vir-

188 3522 262 3575 tute
286 3515 517 3576 humanarum
531 3513 829 3593 constitutionum,
855 3514 899 3576 de
917 3514 1163 3596 Indulgentiis,
1181 3516 1226 3576 de
1243 3513 1469 3577 confessione

189 3629 225 3681 et
248 3619 365 3681 multis
390 3620 467 3682 aliis
491 3622 536 3683 de
562 3620 690 3702 quibus
714 3620 773 3682 ille
798 3620 833 3682 in
859 3621 1039 3701 opusculis
1073 3622 1145 3682 suis
1169 3624 1358 3682 multorum
1383 3621 1468 3683 iudi-

189 3725 243 3787 cio
274 3746 343 3788 non
380 3726 465 3789 satis
500 3727 558 3809 pie
586 3748 702 3808 neque
734 3727 907 3790 catholice
937 3727 1033 3808 loqui
1067 3727 1217 3790 videtur.
1272 3728 1468 3790 Praeterea

187 3833 282 3913 quod
308 3854 415 3915 supra
451 3855 496 3896 ex
534 3835 653 3897 verbis
682 3835 906 3916 Egmondani
937 3835 1063 3916 scripsi
1089 3855 1167 3898 eum
1192 3855 1257 3916 per
1281 3836 1468 3915 epistolam

187 3941 364 4002 hortatum
388 3941 497 4003 fuisse
522 3943 713 4003 Lutherum
738 3962 808 4003 non
832 3942 973 4023 quidem
992 3952 1029 4003 ut
1047 3940 1182 4003 faceret
1199 3942 1293 4023 quod
1313 3940 1468 4004 faciebat

187 4056 223 4107 et
247 4049 340 4128 quod
365 4048 517 4128 pessime
542 4060 721 4129 caeperat,
746 4050 809 4110 sed
835 4056 872 4110 ut
896 4048 931 4109 id
955 4058 1130 4129 perpetuo
1155 4046 1310 4126 faceret,
1344 4047 1464 4109 audivi

188 4174 232 4215 ex
262 4156 414 4235 quodam
444 4155 647 4217 doctissimo
684 4165 720 4218 et
750 4154 821 4217 fide
851 4155 1057 4237 dignissimo
1088 4155 1165 4217 viro
1196 4155 1327 4217 factum
1357 4155 1467 4218 fuisse

186 4262 232 4321 ab
258 4281 300 4323 eo
326 4261 430 4323 etiam
456 4272 687 4343 posteaquam
712 4263 887 4325 Lutherus
911 4263 1095 4346 inceperat
1119 4262 1303 4325 manifeste
1330 4283 1467 4325 venena

187 4387 250 4428 sua
275 4367 476 4440 effundere;
501 4369 687 4451 ipsamque
721 4369 906 4451 epistolam
941 4391 1009 4452 qua
1043 4370 1110 4431 hoc
1135 4368 1301 4430 Erasmus
1325 4369 1467 4451 scripsit

187 4493 265 4535 esse
289 4474 431 4555 publice
460 4476 697 4559 impressam¹)
764 4476 868 4557 Quod
901 4479 929 4539 si
964 4477 1013 4539 ita
1047 4487 1100 4539 est
1132 4476 1251 4538 nescio
1286 4479 1465 4558 quomodo

260 4669 279 4738 ¹)
299 4673 422 4720 Fortasse
453 4672 496 4720 hic
522 4673 609 4735 agitur
633 4674 666 4721 de
700 4673 821 4736 Epistola
854 4673 969 4722 Luthero
998 4674 1060 4721 data
1084 4688 1153 4720 anno
1183 4682 1249 4733 1519
1273 4673 1306 4720 de
1331 4688 1384 4736 qua
1409 4674 1465 4737 ipse

188 4753 311 4799 Erasmus
330 4753 423 4801 scribit
435 4768 504 4800 anno
522 4763 588 4816 1524
609 4753 804 4802 Melanchtoni:
824 4754 883 4812 „Ne
903 4753 1042 4801 scriberem
1063 4753 1192 4816 persuasit
1206 4752 1253 4800 illa
1271 4753 1356 4815 prima
1366 4754 1400 4802 ad
1412 4756 1464 4802 Lu-

186 4831 288 4880 therum
308 4833 421 4897 epistola
440 4848 537 4896 magno
561 4850 619 4883 rneo
643 4833 761 4899 periculo
781 4834 878 4884 edita··.
916 4834 1048 4899 (Eramn'r
1071 4834 1155 4897 Epist.
1181 4832 1305 4886 DCCIII.
1332 4833 1378 4886 sol.
1404 4833 1465 4897 817.
