3330 5580
704 451 950 508 0-4335604

187 596 325 660 cionem
349 596 437 659 fumi
461 596 589 660 referri
615 597 812 678 videantur,
837 618 929 661 neve
945 600 1144 662 mercedem
1160 599 1364 682 imperfecti
1387 622 1466 684 ope·

187 703 235 767 ris
264 714 505 783 antevertam,
543 704 605 767 illa
635 703 775 767 silentio
806 706 1046 786 pretereunda
1081 726 1160 770 esse
1191 707 1325 789 putavi.
1382 708 1468 772 Tam

188 810 366 894 profunda
390 820 444 874 est
468 812 584 874 adhuc
610 831 731 877 eorum
755 811 909 874 caecitas
932 812 1062 893 quibus
1093 813 1290 877 Autoribus
1323 816 1469 879 odiosis·

188 919 276 981 sime
300 914 511 999 impetimur,
536 926 575 979 ut
598 927 777 999 nequeant
807 938 969 998 cernere,
999 939 1107 1001 quam
1133 923 1274 984 mallem
1308 933 1470 987 errantes

188 1026 458 1088 mansuetudine
482 1023 795 1107 placabilitateque
828 1025 874 1087 ad
908 1036 1041 1088 rectam
1070 1027 1193 1090 reduci
1224 1036 1261 1092 et
1295 1028 1472 1111 pudefieri

188 1151 293 1215 quam
318 1132 419 1195 exuri
444 1130 637 1212 ultimoque
661 1130 756 1194 affici
780 1131 967 1213 supplicio.
1018 1132 1152 1198 Verum
1185 1143 1348 1217 tempora
1382 1137 1471 1201 haec

189 1242 279 1304 adeo
316 1248 397 1302 sunt
432 1238 573 1318 viciata,
609 1241 700 1302 adeo
738 1238 869 1320 perditi
903 1241 1102 1304 mortalium
1137 1262 1269 1322 mores,
1306 1251 1343 1306 et
1379 1245 1471 1308 adeo

187 1355 420 1429 praepostera
450 1344 599 1423 iudicia,
625 1354 662 1406 ut
691 1345 750 1407 ubi
775 1365 879 1427 quem
903 1345 1048 1428 impium
1072 1367 1190 1410 noxae
1213 1349 1376 1427 dederis,
1400 1370 1468 1432 pro

188 1455 279 1517 iusto
303 1452 418 1516 iudice
443 1451 567 1515 sitiens
590 1452 733 1515 humani
757 1451 892 1515 cruoris
923 1453 1089 1517 habearis
1124 1455 1323 1537 Tyrannus.
1373 1456 1471 1538 Quos

189 1571 306 1624 autem
330 1562 499 1623 tumultus
525 1559 697 1640 pervicax
722 1559 783 1621 illa
807 1568 906 1622 secta
921 1560 1095 1641 genuerit,
1119 1581 1185 1642 pro
1201 1561 1330 1643 quibus
1345 1565 1472 1629 sedan·

190 1669 243 1731 dis
269 1667 351 1730 mihi
375 1666 495 1747 magni
520 1671 679 1747 sumptus
703 1665 789 1727 facti
812 1674 903 1746 sunt,
929 1686 974 1728 ne
996 1664 1142 1731 fastidio
1167 1668 1233 1731 sim
1248 1669 1470 1734 Beatitudini

191 1776 359 1854 Vestrae,
393 1793 459 1837 ceu
488 1773 631 1854 privata
653 1793 732 1835 mea
764 1772 909 1854 negotia
944 1773 1159 1855 ingerend0,
1192 1795 1472 1843 commemorare

190 1880 384 1964 supersedi.
437 1879 551 1960 Quam
583 1899 669 1942 vero
700 1880 938 1942 conveniebat
971 1881 1144 1946 eiusmodi
1173 1896 1334 1968 sumptus
1366 1886 1470 1967 verti,
1504 1876 1526 1885 '-

189 2010 255 2071 pro
279 1987 519 2052 sustentandis
543 1985 665 2068 copiis,
690 2007 778 2068 quas
802 1986 871 2049 iam
889 2009 988 2070 paro,
1013 1997 1050 2051 ut
1073 1991 1237 2071 proximo
1262 2012 1348 2057 vere
1371 1991 1470 2058 Chri·

190 2095 294 2160 stiani
317 2094 470 2158 nominis
498 2095 636 2156 hostem
661 2094 811 2156 Turcam
843 2114 982 2158 arceam
1014 2117 1035 2159 a
1066 2095 1195 2160 finibus
1223 2099 1330 2180 meis,
1363 2099 1470 2164 immo

190 2205 300 2288 ipsius
328 2200 542 2266 Germaniae
574 2199 707 2280 medio,
740 2221 818 2263 cum
848 2201 1038 2282 superatis,
1068 2204 1163 2286 quod
1192 2205 1290 2269 Deus
1318 2216 1472 2289 avertat,

189 2312 319 2375 finibus
344 2308 449 2386 meis,
473 2328 545 2370 non
570 2307 617 2369 ita
640 2308 786 2369 multum
810 2307 1055 2389 impedimenti
1077 2321 1263 2392 expectet,
1294 2312 1378 2394 quin
1412 2335 1472 2377 ex·

190 2428 309 2482 currat
332 2416 367 2478 in
385 2415 610 2478 Vindelicum
626 2416 765 2495 Agrum
783 2424 818 2476 et
838 2415 941 2477 latius
959 2415 1065 2478 etiam
1088 2435 1154 2497 pro
1179 2417 1336 2484 libidine.
1386 2420 1471 2485 Pro-

190 2526 273 2588 inde
297 2544 376 2586 cum
400 2522 465 2601 illi,
497 2542 644 2604 quorum
670 2522 825 2583 nondum
849 2522 951 2584 ardet
974 2522 1107 2603 paries,
1142 2543 1268 2604 parum
1291 2526 1410 2608 cordi,
1434 2537 1474 2591 ut

190 2633 285 2714 quod
310 2651 367 2693 res
392 2638 444 2691 est
460 2627 585 2706 dicam,
601 2627 779 2708 accipiant
799 2629 902 2706 mala,
927 2648 1019 2710 quae
1036 2629 1120 2691 mihi
1136 2631 1359 2714 subditisque
1383 2635 1473 2699 meis

190 2762 211 2802 a
228 2737 446 2801 ferocissima
460 2735 518 2798 illa
538 2744 658 2816 gente,
683 2735 728 2797 de
745 2734 872 2816 quibus
895 2755 1008 2817 nuper
1024 2735 1286 2801 Beatitudinem
1303 2739 1473 2806 Vestram

190 2843 375 2922 admonui,
409 2855 444 2905 et
474 2841 543 2903 iam
568 2841 685 2903 denuo
710 2861 789 2903 cum
813 2841 1130 2906 Reverendissimo
1154 2844 1306 2909 Domino
1331 2846 1473 2930 Legato

190 2953 301 3015 verba
341 2948 429 3028 feci,
477 2957 648 3030 percepta
688 2950 849 3012 luctuosa
892 2948 1101 3013 Calamitate
1144 2950 1300 3015 universi
1340 2953 1476 3036 Populi

191 3056 362 3136 Croatici,
393 3055 472 3137 Ego
505 3075 591 3117 vero
622 3055 690 3117 iam
721 3064 827 3118 antea
863 3055 949 3117 satis
980 3066 1151 3137 expertus
1182 3057 1265 3140 sim,
1300 3059 1476 3143 hisceque

190 3164 302 3229 oculis
333 3161 481 3226 viderim
509 3182 618 3243 quam
650 3161 780 3244 frigide
808 3161 990 3243 expeditio
1022 3162 1083 3226 illa
1106 3164 1257 3228 Turcica
1292 3169 1477 3247 generalis

189 3272 377 3355 procedat,
410 3272 504 3352 quod
529 3269 789 3332 transscribunt
812 3269 1018 3332 Monarchis
1042 3269 1232 3334 Christiani
1257 3273 1355 3336 orbis
1378 3274 1478 3339 inter

189 3401 228 3443 se
253 3377 386 3441 insanis
411 3377 512 3457 odiis,
537 3387 573 3440 et
595 3375 699 3439 bellis
723 3376 1034 3458 tumultuantibus,
1059 3388 1238 3442 extremus
1262 3380 1364 3443 labor
1386 3382 1478 3447 mihi

190 3487 382 3550 tentandus
404 3493 459 3546 est
493 3484 539 3545 ad
568 3483 767 3565 proximum
799 3504 878 3564 ver,
911 3492 950 3546 et
980 3504 1051 3546 non
1081 3486 1193 3548 solum
1224 3486 1353 3568 opibus
1383 3491 1478 3554 meis

190 3613 282 3676 quae
297 3592 446 3655 serenda
464 3599 563 3651 tanta
578 3589 662 3652 moli
679 3589 832 3671 impares
850 3591 958 3653 multo
983 3590 1136 3653 maxime
1160 3600 1252 3670 sunt,
1276 3593 1340 3656 sed
1364 3595 1478 3660 etiam

189 3699 372 3782 quibusvis
402 3696 479 3759 aliis
515 3697 736 3759 subsidiariis
771 3696 924 3780 viribus,
960 3717 1047 3778 quas
1085 3708 1263 3780 utcunque
1298 3705 1479 3768 contraho

189 3818 289 3871 tanta
311 3803 397 3868 belli
421 3804 630 3886 peragenda
654 3814 709 3866 est
731 3803 883 3869 fortuna.
929 3803 1036 3885 Quod
1054 3813 1171 3867 autem
1188 3804 1368 3870 Sanctitas
1384 3808 1477 3873 Ves-

188 3924 244 3978 tra
267 3934 333 3996 pro
357 3932 422 3975 suo
438 3922 589 3994 paterno
607 3931 727 3974 amore
744 3911 828 3974 mihi
844 3921 1023 3994 tamquam
1047 3911 1121 3977 filio
1146 3913 1477 3981 incommoditatem

188 4019 421 4084 Pontificatus
445 4017 514 4100 sui,
540 4038 666 4099 meque
691 4018 786 4081 dicta
810 4039 872 4082 sua
897 4019 932 4081 in
956 4021 1047 4082 hanc
1071 4029 1209 4100 partem
1236 4022 1331 4083 velut
1364 4041 1387 4082 a
1410 4042 1478 4103 pa·

189 4136 289 4191 rente
314 4125 479 4207 accipere
505 4124 678 4204 confidat,
708 4146 779 4187 non
809 4146 886 4188 eam
910 4126 1011 4188 fallet
1034 4124 1121 4188 haec
1151 4125 1271 4207 opinio
1303 4147 1477 4208 unquam.

188 4234 327 4315 Elugeo
362 4231 521 4315 graviter
555 4240 627 4294 tam
662 4231 885 4295 incommoda
916 4232 1109 4314 vectigalia
1141 4253 1219 4296 esse
1251 4233 1477 4302 Beatitudini

188 4341 350 4421 Vestrae,
382 4339 482 4402 cuius
517 4338 651 4420 alioqui
685 4338 934 4403 Pontificatum
969 4339 1086 4402 multis
1119 4341 1273 4403 evehere
1305 4341 1478 4410 laudibus

189 4467 328 4531 possem
353 4465 457 4528 quem
476 4455 519 4507 ut
546 4445 687 4526 parcius
721 4445 835 4508 dicam
872 4445 1073 4509 Christiano
1104 4446 1182 4509 orbi
1213 4445 1369 4511 faustum
1392 4448 1476 4516 fore

188 4555 293 4617 video
302 4601 311 4634 ,
347 4552 491 4615 meliore
528 4552 732 4616 accessione
763 4553 798 4616 in
831 4553 907 4617 dies
942 4554 1056 4636 magis
1091 4562 1208 4617 tantas
1240 4552 1477 4623 difficultates

188 4681 270 4723 suas
293 4669 515 4741 superatura.
562 4660 618 4722 De
645 4659 797 4722 fortunis
826 4659 914 4722 meis
944 4659 1068 4723 recisis
1099 4680 1170 4723 non
1203 4672 1256 4724 est
1284 4660 1371 4742 quid
1400 4683 1474 4728 am·

188 4766 280 4849 plius
304 4766 443 4846 addam,
468 4786 556 4848 quas
573 4786 642 4827 non
661 4766 775 4829 solum
800 4787 867 4848 par
890 4765 1084 4830 necessitas
1100 4767 1295 4850 quotidiani
1309 4779 1475 4851 sumptus
