3330 5580
705 452 951 509 ο-ΦΜΒΕῊ

187 601 221 663 in
247 612 338 663 tutto
362 601 452 663 fatto
478 602 512 662 lo
537 601 602 661 che
626 600 673 661 lui
689 601 802 678 volea,
829 601 946 663 donde
971 621 1011 663 se
1032 622 1077 664 ne
1095 612 1198 664 trova
1214 583 1325 665 molto
1343 621 1476 685 aggra-

188 716 270 770 vato
295 717 331 770 et
353 708 424 770 mal
447 715 632 781 content0;
658 728 764 788 spero
789 708 854 770 che
879 707 904 769 li
928 707 1099 771 advenire
1119 729 1230 772 ancor
1244 709 1381 792 peggio
1408 709 1478 772 nisi

187 816 312 878 redeat
335 815 380 876 ad
405 835 475 879 cor.

272 920 319 1008 uLi
335 920 529 984 Lutherani
551 923 715 984 haveano
732 920 793 1004 gia
815 930 958 1002 portato
976 922 1072 985 dalla
1091 921 1179 985 fiera
1194 923 1229 984 di
1246 924 1475 988 Franchford

188 1029 234 1090 da
258 1048 376 1091 nuovo
400 1026 461 1110 piu
486 1026 522 1089 di
545 1037 600 1090 tre
624 1027 752 1109 grandi
776 1027 956 1110 carriaggi
981 1026 1016 1089 di
1040 1029 1121 1091 libri
1145 1028 1218 1093 cosi
1243 1029 1347 1111 primi
1372 1052 1476 1095 come

187 1134 304 1220 alcuni
338 1135 463 1215 nuovi,
499 1155 556 1196 ma
588 1133 732 1197 subbito
766 1135 885 1197 hanno
919 1137 1126 1216 sgombrato
1159 1146 1196 1199 et
1228 1156 1318 1201 sono
1348 1138 1476 1202 restati

187 1244 296 1305 molto
330 1240 471 1304 attoniti
504 1241 635 1324 perche
669 1261 735 1323 per
766 1251 892 1322 questa
915 1241 1046 1305 tardita
1080 1242 1116 1304 di
1139 1252 1309 1324 questoro
1342 1247 1423 1309 loro
1451 1266 1475 1308 o

187 1348 365 1411 c'redeano
399 1369 420 1411 o
444 1350 571 1411 saltem
604 1348 846 1429 divulgavano
871 1351 916 1412 de
941 1351 1067 1412 credet
1096 1352 1162 1414 che
1187 1350 1298 1415 Cesar
1321 1372 1385 1415 era
1408 1373 1476 1436 per

187 1458 264 1518 loro
290 1456 440 1536 Luther‚
476 1455 520 1518 ne
552 1475 658 1517 senza
681 1457 832 1536 qualche
857 1454 1048 1520 verisimile
1082 1456 1282 1521 coniettura
1305 1460 1474 1522 vedendo

188 1571 288 1625 tanta
310 1561 458 1636 tardita;
495 1562 622 1623 adesso
631 1609 640 1641 ‚
676 1564 830 1624 bassano
854 1564 888 1624 le
913 1582 1038 1635 corne;
1075 1584 1133 1626 ma
1155 1556 1226 1646 per⁴
1242 1565 1425 1629 sostenire
1449 1565 1474 1628 il

188 1671 322 1751 populo
346 1678 448 1751 parte
473 1667 602 1731 dicono
626 1667 651 1731 il
675 1669 843 1731 mandato
870 1689 968 1731 esser
983 1671 1201 1752 surreptiti0,
1224 1682 1327 1753 parte
1352 1674 1420 1735 che
1444 1672 1475 1734 si

188 1776 225 1838 fa
248 1785 343 1838 torto
368 1797 389 1837 a
412 1773 568 1837 Martino
597 1776 662 1837 che
687 1772 729 1836 sii
752 1783 808 1837 sta
831 1774 1040 1855 pubblicato
1065 1787 1254 1860 antequam
1279 1779 1475 1861 audiretur,

189 1893 225 1946 et
248 1882 343 1946 mille
367 1881 470 1944 simili
502 1881 583 1944 baie
617 1892 653 1943 et
683 1881 872 1944 commenti
902 1882 956 1944 de'
982 1879 1078 1963 quali
1111 1896 1279 1966 questoro
1313 1907 1359 1948 ne
1383 1906 1475 1950 sono

190 1988 394 2073 pienissimi.

195 2160 199 2168 ,
278 2097 412 2158 Luther
435 2098 482 2158 ha
505 2096 589 2159 dato
614 2096 694 2158 fora
717 2095 742 2158 il
766 2105 965 2159 commento
986 2117 1095 2179 sopra
1110 2097 1201 2161 XIII
1222 2097 1326 2181 primi
1346 2099 1476 2182 psalmi

190 2204 225 2267 di
250 2182 387 2283 David,
421 2203 595 2285 impresso
627 2202 662 2265 in
688 2201 830 2265 Basilea
862 2223 927 2265 con
953 2224 1024 2266 una
1048 2204 1201 2287 epistola
1233 2204 1269 2268 in
1293 2205 1414 2270 fronte
1439 2206 1477 2270 di

190 2332 259 2399 uno
285 2313 330 2373 de
347 2310 627 2391 Sconnemberg,
652 2311 758 2372 homo
784 2330 884 2371 come
908 2309 956 2372 lui
981 2310 1061 2372 dice
1078 2331 1172 2373 novo
1197 2319 1234 2374 et
1254 2332 1324 2375 non
1342 2311 1477 2394 nobile,

190 2439 247 2480 ma
271 2417 378 2498 pieno
403 2411 584 2478 di'crudel
609 2437 749 2479 veneno
774 2425 899 2478 contra
920 2415 1055 2496 Roma,
1079 2427 1204 2480 contra
1226 2419 1262 2480 la
1286 2420 1369 2500 qual
1393 2439 1477 2482 con·

190 2524 260 2587 cita
284 2526 319 2586 la
340 2522 550 2601 Germania,
585 2522 641 2585 cui
666 2527 846 2605 nuncupat
871 2523 1068 2604 epistolam.
1111 2524 1231 2588 Pocco
1254 2526 1301 2587 ho
1325 2536 1478 2606 possuto

190 2634 317 2712 legger
342 2632 398 2693 nel
423 2629 513 2692 libro
539 2630 669 2711 perche
694 2629 771 2693 heri
795 2650 875 2692 sero
901 2650 956 2692 me
980 2629 1018 2691 fu
1043 2640 1234 2711 apportato
1259 2633 1304 2693 da
1320 2631 1477 2697 Franch-

191 2738 281 2800 ford.
324 2737 467 2816 Luther,
492 2757 592 2799 come
616 2737 634 2800 ὲ
659 2757 801 2818 sempre
822 2736 1020 2800 incestante
1045 2747 1081 2800 et
1097 2738 1362 2819 contraditorio,
1387 2738 1425 2802 in
1441 2743 1479 2804 la

191 2843 369 2926 prefation
396 2844 502 2905 lauda
526 2843 568 2906 N.
594 2841 630 2906 S.
655 2843 715 2925 poi
740 2845 878 2906 altrove
903 2842 1062 2925 deprime
1086 2843 1111 2906 il
1134 2855 1268 2928 papato
1298 2855 1333 2908 et
1356 2845 1391 2909 in
1417 2868 1477 2910 eo-

192 2952 272 3012 dem
303 2950 379 3012 fere
411 2951 490 3012 loco
521 2951 642 3012 laudat
671 2959 707 3012 et
731 2949 920 3031 vituperat.
967 2947 1015 3012 Se
1040 2950 1121 3013 sara
1151 2959 1250 3013 tanto
1275 2953 1384 3034 longo
1416 2957 1480 3017 nel

192 3068 287 3120 resto
312 3057 392 3119 sara
416 3056 748 3138 uno'grandissimo
773 3056 925 3118 librazzo
949 3055 1057 3137 pieno
1082 3057 1117 3118 di
1140 3058 1291 3123 bezarie.

283 3163 444 3226 Sarebbe
469 3166 587 3226 buono
612 3166 677 3226 che
701 3184 767 3245 per
791 3164 848 3225 via
873 3163 907 3224 di
932 3163 1012 3244 capi
1045 3165 1089 3226 de
1115 3163 1270 3227 Svizzari
1293 3186 1332 3228 se
1356 3167 1478 3247 prohi-

193 3271 287 3333 bisse
312 3272 383 3333 tale
407 3269 629 3351 impressioni
653 3270 687 3332 in
713 3269 866 3348 Basilea‚
889 3270 1020 3351 perche
1045 3270 1070 3332 li
1095 3271 1263 3355 Episcopi
1287 3270 1322 3333 in
1347 3283 1480 3353 queste

193 3388 286 3440 terre
311 3377 346 3439 di
371 3376 564 3439 Germania
588 3397 658 3439 non
683 3378 801 3439 hanno
827 3376 1011 3456 auttoritzi,
1036 3377 1222 3458 presertim
1246 3378 1339 3441 dove
1363 3378 1388 3441 li
1412 3399 1479 3460 po·

173 3484 267 3566 ,puli
291 3504 329 3546 se
354 3486 564 3566 gubernano
589 3504 654 3565 per
677 3482 873 3565 plebiscita.

281 3590 350 3652 Noi
381 3592 625 3652 attenderemo
656 3611 678 3652 a
701 3589 757 3652 far
786 3589 811 3651 il
835 3599 948 3668 rest0‚
980 3610 1019 3652 se
1047 3590 1160 3652 costui
1184 3610 1255 3653 non
1285 3590 1406 3664 viene;
1440 3605 1481 3656 et

195 3719 233 3759 se
257 3697 361 3759 viene
386 3696 495 3759 farasi
518 3706 610 3759 tutto
635 3698 670 3759 lo
695 3698 760 3760 che
784 3695 914 3777 parera
938 3698 972 3758 al
995 3697 1193 3778 proposit0,
1217 3698 1260 3761 ne
1285 3696 1314 3760 si
1335 3699 1480 3763 dubbiti

193 3804 237 3866 V.
263 3803 299 3866 S.
324 3804 400 3865 R¹¹¹⁸
423 3824 462 3866 se
493 3803 535 3866 sii
559 3824 623 3885 per
647 3824 824 3867 mancare.
871 3803 987 3886 Spero
1019 3805 1169 3885 qualche
1193 3807 1289 3867 buon
1314 3803 1411 3867 exito
1437 3828 1480 3871 se

193 3919 361 3991 questoro
395 3909 720 3992 impudentemente
755 3931 824 3972 non
857 3910 888 3972 ci
912 3910 1126 3990 ingenuano.
1175 3911 1225 3972 Le
1257 3912 1479 3975 demonstra·

193 4016 280 4080 tioni
312 4018 377 4079 che
406 4017 442 4079 fa
467 4018 510 4080 V.
535 4015 571 4080 S.
597 4017 673 4080 R¹¹¹²
695 4017 731 4078 in
761 4038 822 4080 sue
847 4019 972 4080 lettere
1005 4019 1086 4081 hole
1111 4019 1196 4080 lette
1221 4017 1407 4082 volentieri
1440 4029 1481 4083 et

194 4145 260 4187 con
294 4125 329 4186 la
353 4124 474 4186 debita
498 4125 715 4196 reverentia;
746 4145 834 4187 sono
860 4124 993 4206 optime
1024 4135 1060 4187 et
1083 4125 1172 4188 fatte
1196 4146 1261 4208 per
1285 4123 1345 4187 noi
1368 4133 1479 4190 cento

194 4232 292 4294 volte
324 4252 389 4312 per
420 4231 542 4294 avanti
573 4240 608 4294 et
631 4234 739 4294 molte
764 4233 853 4294 altre
886 4233 952 4294 che
976 4252 1047 4293 non
1077 4252 1186 4313 posso
1219 4232 1370 4311 scriver,
1407 4232 1479 4297 che

195 4340 450 4401 deverebbeuo
474 4338 529 4401 far
553 4339 704 4402 resentir
728 4339 752 4400 li
778 4338 871 4409 saxi;
898 4340 960 4400 sed
985 4338 1142 4401 canimus
1166 4340 1322 4416 fabulam
1346 4338 1477 4404 surdis

194 4444 288 4508 Loro
320 4443 448 4507 dicono
481 4465 546 4527 per
569 4444 630 4526 piu
662 4445 876 4526 expediente
908 4465 1007 4507 esser
1029 4454 1123 4507 stato
1155 4448 1200 4508 de
1223 4448 1385 4527 besogno
1417 4444 1478 4509 far

194 4553 279 4631 cosi,
304 4553 513 4614 altramente
537 4551 672 4613 irritum
696 4553 855 4613 laborem
880 4551 968 4614 fore.
1008 4552 1209 4615 Vederemo
1233 4555 1267 4615 lo
1292 4553 1358 4616 che
1381 4551 1476 4619 sara.

222 4692 226 4699 ·
283 4657 385 4719 Molti
410 4657 537 4720 dicono
554 4657 717 4725 Martino
733 4679 803 4721 non
828 4679 948 4722 essere
971 4680 1036 4741 per
1052 4659 1185 4722 venire.
1221 4659 1263 4720 Li
1280 4658 1476 4741 Cesariani,

195 4764 290 4844 quali
315 4765 426 4842 (come
450 4763 509 4846 gia
531 4763 663 4844 scrissi)
686 4766 848 4829 haveano
873 4765 994 4829 scritto
1020 4766 1055 4828 di
1073 4774 1167 4828 sorte
1192 4767 1257 4827 che
1273 4786 1383 4847 parea
1406 4766 1475 4831 che
