3330 5580
629 451 687 507 eo
726 422 807 506 1'1v11'
846 421 904 506 ew

107 610 139 656 tu
168 588 263 657 Sedi
299 592 538 677 Apostolicae
571 596 758 659 veritatem
797 598 1006 679 patefacere
1048 596 1093 659 de
1133 594 1211 679 ipso
1245 572 1402 660 auderet.

106 700 223 765 Testis
248 700 394 765 Eckius
426 701 514 784 ipse,
546 723 616 766 non
648 704 792 767 timidus
821 704 984 767 veritatis
1013 714 1168 785 amator,
1192 704 1253 785 qui
1284 712 1402 767 tamen

102 808 270 889 pontifici
298 809 410 872 anxie
443 810 622 872 scribebat
645 831 751 874 orans
775 822 882 892 atque
907 814 1093 873 obtestans
1121 821 1160 872 ut
1183 810 1269 874 nulli
1293 810 1401 874 homi·

102 934 185 977 num
212 936 316 997 quae
341 918 387 978 de
412 915 558 979 Erasmo
582 929 720 980 secrete
744 918 937 999 scripserat
960 917 1234 985 innotescerent.

193 1022 376 1085 Attamen
389 1022 571 1086 Erasmum
589 1023 778 1087 maximum
795 1022 1009 1087 Germaniae
1024 1026 1242 1087 turbatorem
1260 1023 1401 1086 dixerat

102 1126 349 1211 Aleauder¹);
383 1128 568 1211 ipsumque
607 1131 763 1194 luthero
797 1131 1088 1213 periculosiorem
1119 1130 1401 1212 praedicaverat,

100 1246 334 1317 conquestus
363 1255 435 1298 non
470 1240 578 1300 semel
603 1238 735 1301 Brevia
769 1239 967 1320 apostolica
991 1237 1139 1301 Erasmo
1171 1236 1295 1316 scribi,
1329 1237 1400 1318 qui·

99 1344 173 1403 bus
202 1342 272 1405 ille
306 1341 531 1424 impudenter
566 1346 708 1423 abusus,
742 1346 925 1407 doctrinas
956 1365 1039 1408 suas
1076 1346 1278 1423 tutabatur,
1317 1345 1399 1406 dum

100 1450 239 1511 eadem
272 1449 455 1512 scribebat
484 1471 576 1531 quae
608 1451 677 1514 iam
709 1453 902 1534 scripserat
937 1451 1113 1514 Lutherus
1150 1451 1263 1533 „circa
1293 1461 1398 1513 mate·

99 1556 196 1619 riam
217 1554 467 1636 confessionis,
490 1557 802 1639 indulgentiarum,
829 1557 1220 1638 excommunicationis,
1246 1557 1400 1637 divortii,

99 1661 307 1748 potestatis
330 1662 464 1743 Papae,
487 1664 550 1725 sed
576 1684 655 1727 cum
678 1666 935 1747 periculosiore
959 1685 1099 1728 veneno
1123 1664 1205 1747 quia
1222 1664 1399 1727 Lutherus

99 1780 265 1854 propter
288 1788 389 1832 acres
420 1778 456 1832 et
490 1769 646 1833 famosos
678 1772 818 1835 libellos
849 1773 964 1835 minus
993 1784 1070 1835 erat
1100 1770 1171 1834 fide
1202 1771 1397 1854 dignus“²).

100 1876 153 1941 Et
177 1897 312 1941 revera
335 1876 371 1939 in
396 1876 587 1940 Hollandia
611 1879 754 1961 publice
779 1880 926 1942 Lutheri
943 1879 1105 1943 doctrina
1122 1878 1400 1961 praedicabatur

100 1986 177 2047 sub
201 1983 418 2046 auctoritate
446 1982 591 2066 Erasmi,
627 1996 662 2049 et
690 1986 856 2049 Saxones
887 1986 955 2068 ipsi
986 1986 1179 2050 veridicum
1204 2006 1282 2049 esse
1306 1986 1397 2048 Mar·

101 2090 226 2154 tinum
262 2089 492 2171 dictitabant,
525 2092 609 2174 quia
638 2093 804 2156 Erasmus
828 2115 905 2156 cum
939 2094 1018 2175 ipso
1056 2095 1241 2156 sentiebat.
1295 2092 1397 2157 Flan-

102 2196 191 2260 dria
229 2196 397 2260 universa
432 2198 566 2262 Erasmi
601 2202 707 2281 culpa
748 2200 882 2263 infecta
914 2200 1163 2281 habebatur³);
1204 2198 1314 2262 dubia
1352 2201 1397 2262 de

100 2304 269 2367 falsitate
293 2304 420 2367 Bullae
456 2304 585 2369 Leonis
609 2306 675 2385 X.,
720 2308 836 2389 deque
879 2306 1108 2371 damnatione
1144 2306 1290 2369 Lutheri
1322 2306 1396 2368 ubi-

101 2432 181 2494 que
215 2413 261 2473 ab
297 2411 444 2473 Erasmo
483 2412 846 2493 disseminabantur⁴).
901 2415 950 2476 At
981 2414 1062 2475 dum
1094 2413 1184 2475 haec
1214 2414 1397 2476 Aleander

105 2520 303 2581 Romanae
328 2518 510 2581 Ecclesiae
535 2519 840 2584 Vicecancellano
865 2518 1101 2600 significabat,
1126 2518 1293 2582 Erasmus
1317 2539 1395 2600 gra-

105 2626 206 2687 viter
237 2626 281 2688 de
314 2626 499 2689 Alcandro
532 2627 626 2707 apud
660 2625 868 2689 Pontificem
906 2629 1122 2709 querebatur
1163 2628 1315 2690 eundem
1357 2638 1396 2689 ut

106 2732 323 2795 maledicum
361 2743 396 2794 et
432 2733 720 2796 calumniatorem
757 2753 948 2812 accusem,
984 2733 1034 2796 ita
1069 2744 1108 2795 ut
1136 2734 1211 2796 Leo
1236 2732 1396 2813 graviter

106 2850 397 2903 commoveretur
421 2852 457 2903 et
481 2840 663 2903 Aleander
696 2840 939 2903 vehementius
972 2841 1112 2903 doleret
1139 2842 1219 2922 plus
1247 2839 1394 2903 Erasmo

106 2946 197 3010 fidei
227 2946 305 3010 dari
336 2968 440 3028 quam
478 2947 545 3010 sibi
578 2948 761 3027 religionis
792 2946 1011 3021 defensorif’).
1066 2948 1151 3028 Leo,
1177 2946 1394 3009 eruditorum

106 3054 268 3115 virorum
296 3064 331 3116 et
356 3054 699 3135 elegantissimorum
723 3054 935 3136 scriptorum
964 3054 1000 3115 in
1033 3052 1155 3135 primis
1179 3052 1393 3136 amplissime

107 3160 243 3240 fautor,
267 3158 420 3223 fortasse
445 3169 481 3223 et
503 3160 650 3223 Erasmo
674 3162 755 3242 plus
779 3180 893 3242 aequo
918 3160 1145 3241 indulgebat:
1171 3170 1208 3222 at
1234 3159 1395 3222 virilibus

108 3266 316 3349 apertisque
332 3267 504 3331 Aleandri
520 3267 639 3329 verbis
660 3267 835 3330 excitatus
860 3267 1045 3348 pristinum
1060 3266 1218 3329 favorem
1237 3265 1392 3347 aliquan·

109 3374 226 3456 tisper
248 3373 467 3454 imminuenS,
492 3376 695 3438 recentibus
719 3375 875 3439 eiusdem
900 3374 1037 3437 Erasini
1060 3373 1187 3436 litteris
1211 3374 1393 3455 rescripsit

108 3483 394 3561 gratulabundus
432 3483 477 3544 de
513 3481 719 3545 confirmata
753 3483 864 3564 ipsius
896 3481 982 3545 fide:
1019 3482 1264 3563 „declararunt
1300 3481 1392 3543 enim

108 3588 252 3651 litterae
289 3599 371 3652 tuae
403 3589 439 3651 id
472 3592 518 3652 de
549 3609 619 3671 quo
660 3589 872 3652 addubitare
909 3589 1125 3670 aliquantum
1150 3607 1392 3669 coeperamus,

109 3714 229 3777 neque
253 3704 386 3758 tantum
413 3717 457 3759 ex
483 3697 705 3777 quorundam
730 3696 890 3776 quamvis
906 3694 1129 3777 prudentium
1148 3705 1182 3757 et
1199 3697 1392 3775 proborum

106 3802 328 3881 testimonio,
360 3814 528 3885 quantum
558 3824 604 3865 ex
647 3803 790 3884 scriptis
824 3802 1001 3865 nonnullis
1032 3804 1100 3863 tuis
1130 3821 1223 3881 quae
1247 3805 1390 3864 circum·

106 3910 303 3973 feruntur“.
350 3910 434 3993 Nos,
459 3910 509 3972 ait
533 3910 718 3989 Pontifex,
746 3910 947 3991 „paulisper
976 3929 1022 3971 ex
1055 3929 1099 3970 ea
1130 3908 1298 3989 opinione
1332 3910 1390 3972 de·

105 4017 245 4081 turbati
269 4018 374 4081 valde
398 4017 550 4080 iucunde
575 4017 767 4099 accipimus
792 4017 989 4080 restitutam
1015 4016 1049 4078 in
1074 4017 1178 4079 nobis
1203 4036 1281 4079 esse
1296 4038 1389 4079 men·

105 4136 180 4187 tem
205 4124 387 4206 pristinam
413 4125 585 4205 diligendi
609 4125 722 4204 tui“¹'·).
770 4124 903 4186 Tamen
939 4124 1082 4186 dubium
1110 4124 1144 4186 in
1170 4124 1277 4186 corde
1301 4122 1387 4186 Leo·

105 4231 162 4295 nis
199 4230 315 4293 haesit
338 4243 384 4311 et,
418 4232 601 4294 Alcandro
638 4232 771 4293 maiore
807 4230 934 4293 exhinc
972 4230 1043 4292 fide
1077 4230 1253 4310 adhibita,
1283 4230 1390 4293 enixe

104 4339 390 4402 commendatum
404 4350 468 4417 est,
485 4338 668 4402 Erasmum
683 4338 839 4400 suaviter
856 4339 901 4399 ad
917 4337 1009 4400 viam
1025 4348 1158 4401 rectam
1175 4335 1387 4420 reducere²).

182 4552 202 4621 ¹)
221 4556 289 4606 Doc.
309 4565 352 4604 21.
371 4568 432 4617 pag.
453 4562 494 4615 35.
832 4550 856 4617 ²)
875 4554 942 4605 Doc.
962 4564 1005 4612 32.
1024 4568 1085 4617 pag.
1105 4554 1147 4601 80.

179 4631 201 4700 ³)
221 4634 290 4685 lbid.
310 4649 368 4698 pag.
391 4645 424 4696 79
443 4642 469 4680 ct
488 4634 531 4686 81.
833 4633 853 4697 ⁴)
874 4636 941 4681 Duc.
961 4635 1004 4692 36,
1023 4649 1049 4697 p.
1073 4644 1129 4684 101.

180 4714 202 4775 ι)
221 4717 288 4762 Doc.
308 4714 352 4773 36.
371 4729 395 4777 p.
422 4724 477 4762 100.
832 4711 852 4774 ⁶)
874 4716 938 4761 lloc.
962 4724 1003 4774 53.
1022 4714 1047 4761 d.
1071 4726 1130 4770 129.

179 4791 201 4859 1)
220 4796 288 4847 Duc.
312 4805 368 4856 117.
388 4808 414 4857 p.
434 4794 493 4842 281.

131 4899 214 4949 Balnu,
228 4900 371 4939 Documenta
382 4899 517 4938 nouenae
