3330 5580
606 477 834 532 estates

76 623 273 687 residentia
297 623 358 686 ubi
383 622 597 685 clarissimus
621 642 663 684 ac
688 623 858 704 egregius
882 623 948 686 Vir
964 625 1130 690 Andreas
1154 629 1271 695 Harer
1294 634 1359 696 Ar·

76 732 162 794 tium
187 742 224 794 et
249 731 344 810 Juris
369 730 551 809 utriusque
580 730 714 791 Doctor
747 729 782 791 in
815 730 976 794 manibus
1007 734 1079 796 suis
1104 745 1229 799 tenens
1254 760 1358 820 quen·

76 841 157 902 dam
183 838 303 920 papiri
328 839 496 900 schedam
513 836 630 899 animo
656 847 691 898 et
715 836 910 901 intentione
927 844 1150 920 protestandi
1172 865 1279 926 super
1303 869 1359 911 ne·

76 946 183 1029 gocio
208 946 244 1007 in
263 946 359 1007 dicta
374 943 643 1026 protestationis
658 945 790 1005 scheda
806 947 1074 1026 comprehens0‚
1098 970 1204 1030 quam
1219 954 1361 1033 quidem

78 1054 250 1116 schedam
276 1053 391 1114 dictus
408 1051 580 1113 Dominus
596 1052 721 1112 doctor
737 1051 902 1114 Andreas
926 1053 971 1115 de
996 1058 1162 1120 mandato
1188 1059 1361 1124 dictorum

82 1161 312 1224 Dominorum
328 1159 495 1222 Rectoris
512 1157 706 1239 Magnifici,
725 1159 959 1239 Decanorurr.,
985 1174 1264 1244 procuratorum,
1283 1189 1361 1231 con-

79 1267 293 1330 siliariorum
328 1276 364 1328 et
388 1285 606 1329 assessorum
630 1266 891 1347 predictorum,
923 1288 1041 1331 coram
1076 1291 1130 1334 me
1160 1274 1298 1338 notario
1328 1290 1362 1338 et

79 1375 233 1437 testibus
257 1372 495 1454 infrascriptis
520 1373 663 1455 publice
695 1386 730 1434 et
754 1376 826 1434 alta
850 1394 939 1436 voce
964 1385 1000 1436 et
1024 1376 1238 1462 intelligibili
1263 1384 1362 1464 legit,

78 1483 178 1563 cujus
203 1493 309 1544 tenor
325 1481 483 1562 sequitur
501 1481 535 1542 in
552 1482 641 1542 haec
661 1483 786 1542 verba:
814 1479 887 1543 Nos
902 1480 1059 1559 Joannes
1078 1485 1243 1550 Ubeulhe
1261 1490 1359 1552 Heir-

78 1610 134 1651 ser
158 1589 290 1650 artium
320 1598 355 1649 et
380 1587 635 1650 saluberrimae
669 1588 866 1650 medicinae
899 1590 1024 1652 doctor
1056 1612 1096 1653 ac
1130 1595 1243 1658 almae
1281 1598 1360 1660 Uni-

78 1696 261 1759 versitatis
291 1693 398 1756 studii
425 1694 586 1755 Viennae
611 1694 761 1771 Rector,
788 1694 932 1776 Nosque
952 1697 1088 1760 Decani
1114 1716 1364 1781 procuratores

80 1801 286 1865 Consiliarii
320 1811 356 1863 et
380 1820 580 1863 assessores
610 1801 741 1863 dictam
766 1801 1043 1867 Universitatem
1075 1821 1364 1889 representantes

80 1909 239 1986 nomine,
266 1909 356 1988 vice,
381 1928 421 1970 ac
447 1908 491 1970 de
516 1907 762 1971 commissione
786 1910 894 1971 totius
918 1911 1157 1975 universitatis
1186 1927 1222 1977 et
1247 1918 1362 2000 singu·

79 2019 192 2079 larum
218 2036 452 2097 personarum
483 2026 519 2078 et
550 2018 786 2078 membrorum
819 2017 974 2099 ejusdem
1006 2039 1125 2082 coram
1161 2025 1264 2086 vobis
1296 2026 1360 2087 No·

79 2125 172 2187 tario
192 2123 338 2206 publico
363 2133 398 2184 et
422 2122 571 2184 testibus
586 2122 811 2204 presentibus
836 2123 927 2185 infra
953 2136 1073 2188 notata
1097 2129 1304 2193 deducimus
1329 2143 1363 2194 et

81 2244 341 2314 protestamur:
364 2234 478 2310 Quum
495 2249 609 2310 nuper
623 2249 689 2312 per
705 2231 881 2311 quendam
899 2231 1071 2309 Joannem
1089 2235 1233 2299 Echium
1251 2240 1363 2302 Theo·

81 2341 204 2420 logum
223 2349 260 2399 ut
285 2337 474 2399 videbatur
496 2347 614 2399 certae
636 2336 774 2399 litterae
795 2338 961 2401 missit-'ae
978 2340 1022 2401 ad
1048 2361 1113 2404 nos
1138 2353 1173 2405 et
1197 2344 1364 2407 universi·

82 2457 191 2508 tatem
222 2443 418 2526 predictam
450 2443 638 2523 negocium
664 2445 805 2506 Domini
832 2445 975 2509 Martini
1001 2447 1146 2511 Lutheri
1176 2462 1364 2533 tangentes

83 2554 210 2615 missae
244 2551 409 2613 fuissent:
459 2549 533 2612 Nos
563 2551 701 2613 Rector
732 2562 814 2614 ante
846 2553 1046 2615 nominatus
1078 2568 1115 2618 ut
1146 2558 1365 2622 debebamus

86 2662 205 2723 literas
232 2657 497 2740 prenominatas
521 2660 567 2719 ad
592 2668 758 2737 quattuor
782 2659 970 2721 facultates
996 2662 1250 2726 transmisimus
1274 2687 1365 2746 quae

86 2788 205 2830 omnes
232 2776 268 2827 et
294 2765 454 2847 singulae
479 2765 666 2846 negocium
682 2777 817 2828 mature
834 2777 868 2828 et
886 2766 1025 2849 digeste
1043 2769 1283 2833 deliberantes
1299 2773 1365 2834 sin-

87 2877 166 2956 gula
191 2885 278 2935 vota
292 2893 355 2934 sua
368 2873 469 2952 juxta
485 2872 726 2935 universitatis
743 2873 1034 2936 consuetudinem
1052 2879 1264 2940 attulerunt:
1291 2880 1364 2940 Nos

87 2984 207 3066 itaque
232 2983 371 3044 Rector
395 2980 593 3062 praefatus,
618 2979 702 3040 visis
728 2979 933 3042 facultatum
958 2981 1060 3062 votis,
1085 2994 1209 3064 aperte
1234 2985 1366 3047 inveni-

88 3112 161 3153 mus
188 3101 262 3151 tres
289 3088 476 3150 facultates
501 3085 668 3148 concordi
693 3097 777 3149 voto
802 3107 876 3148 rem
901 3097 972 3149 tam
996 3089 1142 3151 arduam
1168 3091 1283 3153 causis
1298 3113 1367 3153 mo·

88 3196 254 3259 rentibus
288 3193 574 3275 suspendendam
611 3193 705 3264 fore;
737 3192 939 3255 considerat
973 3215 1124 3275 namque
1155 3199 1367 3261 universitas

88 3325 163 3367 esse
197 3304 231 3365 in
265 3301 456 3365 Germania
486 3300 837 3362 Reverendissimum
872 3301 914 3364 l).
941 3302 1260 3384 Archiepiscopum
1293 3307 1364 3367 lla-

88 3409 310 3487 guntinensis
331 3407 513 3471 Ecclesiae
538 3406 598 3488 qui
623 3416 660 3468 ut
676 3407 806 3488 primas
826 3405 1038 3471 Germaniae
1056 3410 1173 3472 extitit
1197 3424 1231 3472 et
1248 3414 1365 3474 Cardi-

89 3518 178 3581 nalis
209 3538 231 3579 a
270 3518 382 3579 latere
414 3513 591 3596 pontificis
625 3513 776 3575 romani:
812 3513 981 3576 Similiter
1012 3516 1365 3582 Reverendissimum

89 3637 225 3706 patrem
257 3634 293 3685 et
314 3624 503 3685 Dominum
530 3620 848 3702 Archiepiscopurn
873 3617 1162 3705 Saltzpurgensis
1184 3626 1366 3690 Ecclesiae

88 3733 220 3814 pariter
253 3753 274 3793 a
305 3733 417 3792 latere
449 3727 625 3810 pontificis
657 3728 780 3790 summi
815 3728 1044 3792 existentem:
1084 3741 1240 3794 tacemus
1274 3755 1366 3796 nunc

89 3839 130 3901 de
153 3837 301 3919 reliquis
327 3835 634 3917 Archiepiscopis‚
668 3834 873 3917 Episcopis,
907 3837 1093 3917 l’raelatis‚
1127 3839 1364 3921 Principibusy

91 3945 387 4022 universitatibus,
413 3943 722 4005 communitatibus
746 3928 895 4004 ubilibet
910 3963 976 4023 per
992 3944 1219 4008 Germaniam
1241 3949 1364 4010 consti·

91 4054 171 4115 tutis
195 4054 242 4114 ad
265 4073 355 4133 quos
379 4070 501 4113 omnes
525 4051 649 4132 procul
674 4049 781 4111 dubio
799 4051 995 4130 hujusmodi
1020 4062 1223 4136 tansumpta
1249 4058 1368 4117 bullae

91 4160 321 4242 Apostolicae
353 4169 610 4241 pervenerunt,
649 4157 709 4238 qui
741 4159 809 4218 huc
842 4178 952 4238 usque
984 4180 1054 4221 non
1086 4161 1368 4240 publicaverunt,

92 4289 152 4330 nec
178 4269 350 4348 opuscula
376 4266 520 4329 Lutheri
545 4265 618 4347 igni
643 4263 883 4326 tradiderunt:
916 4276 1104 4345 praeterea
1129 4289 1206 4330 cum
1231 4270 1366 4331 unirer-

91 4376 173 4436 sitas
202 4373 437 4436 famosissima
471 4372 576 4435 studii
601 4369 804 4452 parisiensis
833 4391 924 4451 quae
949 4384 1069 4434 nostra
1094 4385 1207 4436 mater
1231 4387 1297 4447 est,
1323 4379 1367 4437 ad

91 4483 185 4562 cujus
209 4481 322 4543 instar
347 4493 503 4542 nostram
538 4478 792 4541 universitaten
818 4477 1000 4540 fundatam
1027 4502 1105 4543 esse
1130 4482 1269 4543 litterae
1294 4483 1367 4543 fun-

58 4589 244 4650 .‹lati0nis
277 4599 401 4669 aperte
439 4589 585 4664 docent,
618 4604 709 4665 quae
734 4585 886 4664 denique
917 4586 1123 4665 parisiensis
1158 4589 1368 4651 universitas

90 4715 154 4776 per
178 4695 372 4757 Martinum
407 4695 597 4755 lutherum
630 4702 664 4752 et
689 4690 861 4769 Joannem
888 4692 1032 4754 lichium
1064 4695 1098 4755 in
1131 4696 1368 4775 disputatione

89 4802 248 4883 lipsiensi
279 4822 421 4863 suarum
447 4800 703 4862 dissensionum
728 4798 844 4877 Judex
871 4801 985 4862 electa
1015 4822 1124 4882 usque
1157 4803 1190 4863 in
1223 4823 1369 4883 presens
