3330 5580
644 515 891 573 043511ῢο

340 662 608 742 Gleichenberg
983 663 1243 740 Reussenberg

341 769 518 832 Pondorff
983 769 1187 849 Leumpach

342 877 521 958 Walpach
982 874 1215 937 Rottenheim

341 982 526 1046 Suntheim
983 980 1200 1063 Sugenheim

342 1089 547 1153 Rottenfels
984 1089 1195 1151 Neunhausz

342 1197 521 1277 Turwang
983 1196 1080 1258 Sultz

341 1301 500 1365 Stubach
983 1301 1189 1383 Kirchberg

343 1408 446 1473 Giich
983 1409 1226 1472 Westerdorff

344 1516 577 1578 Arnolffstein
984 1514 1163 1579 Gibelstat

343 1624 450 1685 Prum
983 1623 1263 1687 Hindenhausen

343 1730 597 1793 Tasthendorff
985 1730 1194 1793 Burchstein

342 1837 497 1900 Rednitz
984 1837 1161 1900 Gnimden

259 1946 265 1958 '
341 1945 580 2026 Willemberg
984 1941 1131 2006 Satzsen

341 2051 501 2112 Turnaro
985 2051 1141 2115 Neusesz

342 2157 540 2220 Freienfels
983 2158 1118 2220 'slisten

343 2264 467 2326 Weier
983 2265 1102 2328 Ellern

345 2371 599 2433 Planckenfels
618 2446 625 2457 ‚
986 2371 1200 2454 Leiterpaeh

345 2477 588 2541 Weicsenfeld
985 2477 1231 2541 Storsendorff

346 2586 545 2666 Rapeneck
984 2585 1224 2649 Weisenbrun

343 2693 524 2754 Lunrennt
984 2693 1221 2756 Wartenfelsz

343 2801 484 2863 Kutzhe
982 2800 1200 2863 Weisenfels

345 2906 541 2969 Bittenfeld
987 2907 1149 2970 Auffsasz

349 3012 543 3095 Waltburg
988 3015 1151 3077 Keinach

346 3120 546 3182 Altenstein
983 3120 1240 3184 Sachsendorff

344 3226 590 3309 Schwanberg
986 3229 1201 3290 Rusenbach

341 3335 460 3397 Castel
986 3334 1223 3397 Wadendorff

342 3441 505 3522 Ninburg
984 3441 1205 3504 Hallerdorff

342 3547 540 3628 Speckfeld
983 3547 1083 3611 Grub

344 3653 593 3735 Steffansberg
984 3655 1168 3737 ingolstat.

220 3761 262 3823 Et
304 3762 420 3824 adhuc
456 3762 604 3823 totidem
641 3761 805 3823 dicuntur
840 3761 1011 3843 diruisse,
1045 3764 1101 3825 vel
1138 3763 1221 3844 quia
1254 3775 1338 3825 tunc
1373 3763 1408 3825 in

129 3868 323 3950 scriptione
348 3871 501 3933 schedae
533 3869 636 3932 huius
667 3871 821 3932 nondum
852 3871 897 3932 de
926 3870 1087 3933 omnibus
1115 3869 1181 3932 fuit
1217 3869 1408 3951 cognitum,

131 3987 166 4038 et
190 3976 270 4056 quia
295 3979 416 4057 plures
433 3997 534 4039 arces
551 3986 762 4038 exusserunt
778 3989 860 4057 post
876 3979 967 4037 hanc
985 3976 1250 4039 annotationem
1265 3975 1407 4040 factam.

218 4082 530 4165 Vigesimaquarta
563 4083 648 4144 Maii
687 4084 903 4145 rebellarunt
941 4083 1049 4164 aliqui
1089 4084 1219 4147 subditi
1261 4082 1408 4147 Casniiri

130 4189 345 4252 Marchionis
359 4189 726 4271 BrandenburgensiS,
751 4204 786 4252 et
800 4190 866 4252 tria
887 4190 994 4252 millia
1008 4191 1161 4254 virorum
1186 4193 1404 4254 obsederunt

130 4297 299 4380 oppidum
333 4296 547 4375 Nevenstat‚
584 4298 628 4358 ad
660 4295 801 4359 fluvium
827 4298 929 4359 Asth.
974 4297 1097 4378 Itaque
1132 4296 1290 4360 Marehio
1329 4317 1406 4359 curn

131 4403 308 4466 sexcentis
342 4403 536 4483 equitibus,
573 4413 607 4464 et
641 4402 868 4484 noningentis
898 4404 1080 4485 peditibus
1113 4423 1150 4482 ²7
1184 4403 1268 4466 Maii
1298 4403 1410 4466 exivit

131 4510 416 4591 Marchtelspach
442 4512 487 4572 ad
513 4512 618 4592 Ipsan
659 4520 694 4572 et
725 4509 760 4571 in
788 4510 914 4574 itinere
947 4511 1105 4574 incendit
1136 4510 1272 4592 aliquas
1306 4511 1408 4572 villas

132 4617 395 4697 seditiosorum,
421 4630 456 4681 et
480 4619 588 4700 aliqui
613 4621 658 4680 ab
684 4616 861 4698 equitibus
886 4618 1054 4700 deprensi
1078 4618 1347 4700 iugulabantur:
1372 4616 1407 4679 in

133 4724 190 4806 [ps
215 4724 338 4786 decem
362 4727 516 4788 rebelles
541 4726 640 4788 iussit
664 4723 850 4797 decollari;
882 4738 917 4786 et
941 4725 976 4787 in
1000 4725 1126 4787 itinere
1151 4743 1274 4786 versus
1299 4724 1406 4786 Bern-

131 4831 222 4894 heim
249 4831 397 4894 trecenti
422 4832 544 4894 rustici
568 4832 767 4895 inciderunt
790 4831 825 4894 in
851 4831 988 4914 equites
1011 4832 1195 4914 praevios,
1220 4836 1408 4913 sexaginta
