3330 5580
664 510 879 569 *disp-0

114 670 231 722 tamen
257 662 315 722 vel
349 659 470 722 mutila
501 661 559 721 vel
593 658 809 739 interpolata
837 658 872 721 in
898 659 990 722 notis
1015 659 1245 740 editionibus,
1270 662 1396 724 iterum

114 767 277 830 dedimus
303 787 496 848 veramque
520 787 640 830 eorum
666 766 854 830 lectionem
879 766 1048 830 eudimus.

204 882 387 946 Auxilium
424 882 598 945 voluimus
638 886 823 945 veritatem
858 884 1112 964 quaerentibus
1148 883 1396 966 suppeditare;

114 990 348 1052 monumentis
371 989 554 1052 historiam
577 989 770 1062 illustrare;
801 1011 866 1052 nec
896 990 1018 1052 inutile
1044 991 1089 1051 ad
1114 994 1180 1053 hoc
1206 1012 1295 1072 opus
1320 1013 1397 1055 nos·

114 1109 224 1176 trum,
258 1096 323 1159 nisi
348 1112 471 1159 nostra
495 1116 560 1159 nos
584 1096 675 1159 fallit
699 1096 836 1178 opinio,
861 1099 1000 1160 evadet.
1048 1098 1103 1160 Ac
1128 1109 1320 1180 propterea
1343 1120 1396 1162 us·

113 1224 183 1286 que
216 1207 263 1266 ab
295 1203 395 1266 initio
424 1202 645 1266 collectionis
670 1214 812 1266 nostrae
837 1203 1024 1285 epistolam
1059 1205 1179 1286 Papae
1205 1205 1335 1267 Leonis
1359 1205 1395 1266 X

112 1312 158 1373 ad
184 1310 403 1374 Fridericum
429 1311 553 1373 ducem
578 1309 759 1372 Saxoniae
785 1312 903 1373 datam
929 1310 1071 1373 omnino
1095 1313 1141 1372 ab
1166 1312 1225 1374 illa
1247 1333 1337 1392 quae
1362 1312 1396 1374 in

112 1418 260 1497 lenensi
285 1417 443 1481 editione
467 1438 615 1499 operum
644 1416 790 1479 Lutheri
821 1416 995 1498 impressa
1026 1428 1096 1497 est,
1131 1417 1307 1481 diversam
1336 1439 1396 1501 po·

113 1523 254 1589 suimus.
1061 1601 1070 1619 ·

202 1634 270 1694 Die
296 1636 314 1692 8
342 1632 426 1711 Julii
452 1630 533 1693 anni
564 1651 645 1711 15²0
670 1631 742 1693 Leo
768 1630 806 1692 X
836 1630 1023 1712 epistolam
1055 1631 1299 1723 gravissimam
1325 1632 1395 1694 Fri-

113 1738 234 1801 derico
259 1739 350 1802 Duci
382 1737 564 1802 Saxoniae
597 1737 747 1820 scripsit.
801 1736 995 1819 Epistolam
1026 1740 1117 1800 hanc
1150 1739 1241 1802 inter
1277 1737 1397 1821 Opera

115 1847 262 1909 lutheri
287 1845 369 1908 Vol.
395 1846 437 1910 ll.
473 1843 687 1917 invenimus;
726 1844 923 1907 invenimus
963 1843 1068 1906 etiam
1107 1844 1142 1906 in
1183 1847 1397 1909 collectioni·

112 1955 179 2015 bus
220 1952 497 2032 recentioribus,
536 1972 604 2014 non
646 1952 909 2014 lutheranorum
950 1961 1083 2013 tantum
1116 1953 1178 2014 sed
1215 1964 1249 2015 et
1281 1954 1397 2016 catho-

113 2059 275 2139 licorum,
301 2070 338 2122 ut
362 2060 397 2121 in
423 2060 551 2141 Leplat
575 2071 610 2121 et
634 2059 729 2122 alibi.
783 2058 960 2140 Numquid
985 2059 1053 2121 ista
1078 2057 1227 2141 epistola
1254 2062 1396 2124 authen-

112 2165 193 2247 tica,
218 2167 367 2245 sincera,
392 2186 562 2248 germana
587 2168 664 2229 est?

202 2275 286 2356 Ipsa
309 2273 434 2355 incipit
458 2274 527 2337 illis
551 2274 687 2337 verbis:
730 2273 831 2354 Quod
854 2275 900 2335 ad
930 2295 991 2336 nos
1021 2285 1056 2335 et
1081 2274 1150 2337 ait:
1187 2274 1396 2339 Pontificem

112 2381 403 2461 gravissimorum
437 2381 591 2443 virorum
625 2381 828 2444 testimonio
861 2380 951 2442 scire
984 2382 1119 2444 llucem
1152 2401 1286 2445 summa
1317 2404 1395 2464 pru·

114 2489 238 2552 dentia
270 2509 475 2570 summaque
504 2488 538 2551 in
566 2490 679 2551 lleum
711 2499 746 2550 et
770 2488 1008 2550 orthodoxam
1032 2486 1137 2550 fidem
1161 2488 1311 2570 pietate,
1337 2511 1394 2552 no-

112 2595 249 2658 bilitate
275 2597 380 2659 etiam
405 2594 510 2657 animi
536 2606 571 2658 et
596 2596 765 2658 maiorum
798 2605 972 2676 perpetuo
1002 2595 1224 2658 Christianae
1255 2595 1395 2680 reipub·

112 2704 203 2767 licae
229 2714 265 2766 et
290 2703 445 2766 Sanctae
477 2701 563 2766 Sedi
592 2702 786 2764 faventium
819 2701 1005 2781 memoria,
1038 2723 1178 2784 semper
1207 2702 1394 2766 conatibus

110 2809 255 2872 Martini
281 2809 427 2872 Lutheri
451 2808 646 2890 iniquitatis
671 2808 730 2869 filii
755 2808 944 2887 obstitisse,
969 2830 1084 2891 neque
1109 2811 1216 2872 ullum
1242 2831 1393 2891 unquam

110 2915 280 2979 auxilium
305 2927 365 2978 aut
381 2917 540 2979 favorem
564 2916 644 2979 huic
670 2915 800 2978 homini
825 2916 1055 2997 praestitisse,
1080 2916 1129 2979 ita
1153 2928 1190 2979 ut
1203 2928 1394 2998 augeretur

111 3022 264 3086 maxime
293 3023 544 3085 benevolentia
575 3043 645 3103 qua
669 3022 831 3103 pontifex
857 3025 982 3085 ducem
1006 3027 1307 3105 prosequebatur,
1343 3023 1391 3104 ip-

109 3131 182 3192 sius
214 3129 396 3212 egregiam
431 3129 594 3192 virtutem
634 3150 774 3212 semper
812 3130 1014 3192 admiratus.
1078 3130 1163 3193 Post
1187 3132 1276 3194 haec
1314 3151 1391 3213 pro-

109 3237 271 3320 sequitur
295 3237 385 3300 I.e0:
414 3235 702 3318 „Sapientissime
727 3236 830 3299 huius
854 3236 1052 3318 pestilentis
1077 3258 1118 3300 ac
1144 3238 1308 3301 venenati
1334 3239 1392 3301 ho·

109 3342 214 3407 minis
250 3342 523 3407 familiaritatem
561 3353 769 3425 aspernatus
803 3365 841 3406 es
872 3392 912 3406 ..
969 3344 1059 3407 lllud
1103 3365 1189 3407 vero
1228 3343 1392 3428 religioni

110 3451 337 3513 tribuendum
362 3452 535 3531 estquod
560 3471 737 3532 nunquam
764 3451 798 3513 in
824 3472 1024 3532 quenquam
1041 3461 1217 3516 tantorum
1234 3474 1392 3516 errorum

109 3557 321 3621 consensisti
347 3569 381 3619 et
406 3557 456 3625 eis
480 3557 600 3638 potius
628 3557 804 3620 obstitisti.
867 3558 939 3620 Nec
976 3579 1040 3640 per
1075 3568 1111 3621 te
1147 3559 1288 3622 occasio
1321 3561 1391 3623 ulla

109 3667 194 3729 data
223 3673 277 3727 est
307 3686 329 3727 a
360 3674 481 3726 vetere
514 3673 549 3726 et
586 3664 751 3727 diuturno
783 3685 847 3746 per
872 3665 1041 3747 Spiritum
1067 3665 1235 3729 Sanctum
1264 3676 1315 3729 tot
1339 3687 1389 3730 se-

109 3771 200 3834 culis
218 3781 431 3833 conservato
457 3768 582 3833 ordine
606 3770 687 3832 fidei
706 3773 927 3834 orthodoxae
946 3771 1129 3834 deficere.“
1186 3773 1230 3836 Et
1254 3794 1391 3835 rursus:

111 3877 295 3958 „Hominis
328 3876 490 3940 scelerati
522 3888 558 3941 et
587 3877 712 3940 nefarii
746 3877 863 3958 impiis
893 3878 1079 3942 conatibus
1119 3883 1208 3943 tales
1247 3879 1388 3944 obices“

109 3988 209 4049 Deus
226 3985 403 4067 opposuit.
422 4020 462 4029 -
479 3984 557 4047 Non
575 3984 661 4048 satis
678 3988 769 4047 bene
786 3996 913 4048 sonant
927 3986 1009 4048 talia
1025 3997 1061 4048 et
1077 3997 1176 4049 tanta
1192 4007 1286 4049 anno
1308 4008 1390 4066 ¹5²0

108 4094 259 4175 scripta,
291 4113 411 4155 mense
435 4091 539 4171 Juli0,
575 4091 688 4154 tribus
718 4091 778 4154 vix
812 4092 990 4157 mensibus
1021 4094 1210 4156 transactis
1242 4114 1287 4156 ex
1318 4114 1389 4174 quo

110 4199 323 4264 Valentinus
348 4221 367 4262 a
389 4199 578 4263 Deitleben
597 4200 706 4261 Ducis
729 4201 824 4279 apud
843 4199 1049 4263 Pontificem
1064 4200 1281 4278 administer,
1299 4200 1389 4265 lluci

107 4309 187 4391 ipso
212 4307 418 4389 scripserat:
458 4306 660 4387 „Publicam
697 4305 826 4368 famam
851 4305 1038 4369 adfirmare
1064 4308 1256 4370 Lutherani
1282 4329 1302 4369 a
1327 4306 1388 4370 Sa-

109 4436 204 4478 xone
229 4413 287 4493 ali,
311 4414 428 4477 foveri
453 4423 488 4476 et
512 4416 704 4476 clementer
727 4412 884 4476 haberi“.
922 4424 929 4439 ¹

199 4522 386 4602 Quomodo
422 4519 590 4583 Pontifex
624 4539 743 4582 mense
775 4518 868 4598 Julio
901 4520 1078 4601 publicam
1107 4541 1231 4583 vocem
1267 4542 1388 4584 mense

105 4629 240 4694 Martio
265 4631 497 4709 clamantem,
530 4627 720 4709 ignorabat
744 4640 805 4689 aut
829 4626 959 4690 oblitus
989 4630 1088 4690 erat?
1123 4630 1179 4690 vel
1209 4631 1387 4709 quomodo

106 4737 171 4802 tali
203 4738 374 4799 adversus
403 4735 539 4798 Ducem
571 4733 812 4797 assentatione
844 4732 1058 4797 vilescebat?
1107 4735 1298 4798 Praeterea
1329 4735 1386 4799 die

109 4867 122 4909 1
152 4843 290 4926 Aprilis
314 4843 397 4904 Dux
420 4842 514 4924 ipse,
546 4852 583 4904 ut
607 4861 645 4903 se
674 4852 797 4905 contra
821 4839 1056 4903 accusationis
1080 4861 1205 4904 vocem
1229 4852 1386 4905 tueretur
