3330 5580
640 463 887 520 &assu-³

115 612 359 697 perpetratis,
389 610 602 694 commissis,
639 621 675 674 et
699 611 867 692 incursis,
903 613 1081 690 rebusque
1106 609 1200 688 aliis,
1236 608 1270 670 in
1307 609 1406 686 actiS,

116 742 229 784 cause
263 730 297 783 et
322 739 508 782 causarum
539 718 758 799 huiusmodi,
792 738 911 782 coram
940 717 1061 797 nobiS,
1095 716 1199 778 latius
1234 716 1405 795 deductis,

117 838 158 892 et
182 827 290 890 etiam
314 846 379 908 per
400 826 543 888 eosdem
560 825 721 911 singulos
738 824 974 901 adversarios,
1000 823 1200 907 respective
1222 823 1406 903 confessis,

118 946 159 997 et
181 934 323 995 illorum
355 930 543 996 occasione
578 931 740 1013 partibus
771 952 816 994 ex
849 930 919 993 alia
951 950 1016 1012 per
1049 930 1228 1011 predictos
1259 929 1406 1012 Georgi-

119 1061 182 1103 um
206 1049 242 1103 et
268 1039 459 1101 Hectorem
484 1048 651 1117 rectores,
677 1057 718 1100 ac
739 1038 985 1120 Volfgangum
1009 1037 1180 1118 priorem,
1206 1038 1407 1099 exadverso

119 1146 363 1229 principales,
388 1154 423 1207 et
448 1165 568 1207 eorum
593 1145 806 1227 quemlibet,
840 1144 875 1207 in
901 1155 937 1207 et
961 1145 1056 1206 circa
1080 1143 1271 1225 premisssa
1296 1143 1407 1205 multi-

121 1252 266 1335 pliciter
290 1251 401 1317 fuisse
424 1260 461 1315 et
484 1272 563 1314 esse
588 1260 761 1333 erratum,
793 1272 835 1315 ac
868 1271 1057 1332 perperam
1090 1260 1125 1313 et
1156 1251 1247 1315 male
1276 1249 1408 1313 factum

122 1369 163 1425 et
190 1359 375 1435 delictum
412 1361 556 1423 eosdem
589 1379 731 1440 quoque
756 1357 971 1439 Georgium,
1005 1357 1216 1435 Hectorem,
1250 1367 1286 1417 et
1311 1355 1409 1417 Vols-

121 1487 301 1550 gangum,
326 1467 527 1530 exadverso
560 1464 796 1548 principales,
828 1474 864 1528 et
895 1464 1089 1547 quemlibet
1121 1483 1241 1529 eorum
1267 1474 1408 1544 propte·

122 1595 188 1651 rea
211 1572 466 1652 inobedientie,
491 1583 527 1637 et
550 1571 755 1637 rebellionis
779 1569 911 1635 Sancte
936 1571 1096 1635 Ecclesia
1121 1569 1277 1651 prefate,
1302 1580 1409 1651 atque

123 1691 260 1761 nostre,
284 1700 326 1743 ac
342 1678 517 1745 scismatis
534 1678 690 1760 crimina,
712 1698 851 1743 necnon
868 1676 1243 1745 excommunicationis
1266 1677 1408 1741 maioris

123 1786 352 1867 sententiam,
376 1797 413 1857 et
426 1807 569 1853 suarum
585 1785 862 1867 parrochialium
879 1805 920 1848 ac
938 1783 1040 1849 offitii
1056 1784 1246 1866 prioratus,
1271 1805 1408 1865 respec-

123 1895 202 1959 tive
215 1894 427 1978 privationis
439 1914 562 1975 penas,
576 1892 827 1959 damnabiliter
839 1892 1005 1956 incidisse
1031 1901 1066 1957 et
1090 1890 1290 1970 incurrisse,
1316 1902 1411 1954 aeut

121 2003 219 2067 tales
242 1999 398 2067 Sanctae
418 2000 578 2065 Ecclesia
596 2012 630 2063 et
649 2009 789 2063 nostros
805 1998 1051 2063 inobedientes
1069 2010 1104 2061 et
1126 2000 1280 2065 rebelles
1305 2010 1411 2080 atque

123 2108 350 2175 scismaticos
391 2128 457 2173 nec
493 2127 562 2173 non
601 2106 943 2185 excommunicatos,
978 2125 1020 2169 ac
1058 2105 1341 2186 parrochialibus
1376 2115 1412 2170 et

125 2216 292 2303 prioratu
327 2213 498 2296 predictis
531 2212 731 2294 respective
763 2212 923 2295 privatos
947 2211 1091 2293 publice
1119 2212 1410 2291 denunctiandos,

126 2333 167 2389 et
189 2326 238 2386 ab
262 2322 426 2387 omnibus
449 2320 579 2384 Christi
602 2319 778 2400 fidelibus,
804 2319 935 2385 arctius
959 2319 1158 2398 evitandos,
1176 2319 1254 2382 fore
1270 2329 1305 2383 et
1322 2341 1411 2397 esse,

127 2432 356 2497 declaramus
376 2441 483 2510 atque
507 2429 723 2507 mandamus,
748 2429 885 2491 litteras
909 2427 1014 2492 etiam
1039 2428 1194 2507 desuper
1218 2436 1413 2508 oportunas

127 2537 365 2618 deceruimus,
382 2536 569 2601 ulteriores
584 2555 726 2617 quoque
744 2533 1068 2597 administrationes
1083 2533 1412 2597 Ecclesiasticorum

128 2641 454 2722 Sacramentorum,
480 2663 545 2705 nec
570 2663 640 2706 non
665 2641 946 2705 ceremoniarum
971 2651 1007 2703 et
1031 2639 1268 2704 sacerdotalia
1287 2639 1412 2721 quevis

129 2749 259 2829 offitia,
282 2749 416 2813 eisdem
441 2748 613 2830 Georgio,
643 2747 800 2825 Hectori,
826 2757 862 2812 et
885 2744 1111 2829 Voligango,
1144 2745 1285 2826 penitus
1309 2746 1413 2809 inter-

129 2855 293 2921 dicimus.
339 2856 521 2921 Novorum
546 2875 632 2919 vero
656 2863 844 2933 rectorum,
868 2852 1048 2916 addictas
1071 2851 1313 2933 parrochiales
1336 2872 1412 2933 pre-

130 2963 365 3045 sentationes,
389 2975 425 3029 et
449 2965 698 3046 institutiones,
721 2985 764 3028 ac
789 2964 918 3046 prioris
944 2962 1148 3027 monasterii
1172 2959 1301 3043 prefati
1326 2960 1413 3023 elec·

130 3071 279 3153 tionem,
304 3082 339 3137 et
354 3072 655 3155 subrogationem,
679 3071 730 3137 illi
754 3073 811 3133 vel
835 3071 904 3133 illis
928 3069 1101 3153 personis,
1125 3068 1252 3149 quibus
1277 3067 1322 3127 de
1339 3065 1414 3128 iure

132 3180 290 3243 debetur
312 3188 348 3243 et
367 3180 547 3260 competit,
571 3180 683 3243 libere
707 3180 832 3246 damus
857 3187 892 3241 et
906 3176 1134 3241 concedimus
1182 3172 1300 3237 Salvis
1316 3171 1414 3234 nihil-

133 3285 275 3349 ominus
299 3285 403 3353 etiam
428 3287 506 3350 aliis
530 3287 689 3351 censuris
714 3296 749 3349 et
768 3286 881 3368 penis,
897 3298 968 3349 tam
986 3282 1285 3365 Apostolicarum,
1310 3300 1415 3361 quam

133 3392 376 3474 Imperialium
388 3395 594 3475 litterarum,
614 3405 739 3462 contra
755 3392 887 3459 similes
903 3392 1150 3472 delinquentes
1167 3406 1416 3451 concessarum

134 3512 174 3565 et
199 3510 440 3565 emanaturum
464 3503 597 3584 vigere,
622 3511 683 3565 aut
706 3500 795 3564 alias
818 3497 1101 3581 quomodolibet,
1131 3516 1152 3558 a
1168 3495 1242 3557 iure
1257 3491 1418 3575 prolatis,

135 3616 175 3673 et
198 3606 350 3690 inflictis,
374 3610 518 3673 easdem
543 3608 672 3673 debitis
696 3605 949 3671 executoribus
973 3602 1224 3683 relinquentes.

228 3735 284 3799 Ita
307 3733 611 3819 pronuntiavimus
640 3752 705 3795 nos
729 3731 946 3814 Wygandus
970 3726 1170 3810 Episcopus
1202 3723 1320 3803 Judex
1352 3732 1419 3784 ete.
