3330 5580
617 453 864 513 &ilites

90 598 205 673 fatto:
230 602 298 664 che
322 601 392 665 Dio
415 603 565 683 perdoni
590 625 610 666 a
634 604 690 665 chi
714 605 749 667 lo
774 607 936 683 goberna
961 603 996 666 di
1021 605 1070 667 tal
1095 615 1210 679 sorte;
1243 605 1313 668 imo
1346 608 1380 668 lo

93 711 316 772 subverteno
351 719 387 772 et
418 711 672 792 destruggeno
728 710 803 774 Che
835 732 873 774 se
906 711 949 774 V.
988 709 1025 775 S.
1056 711 1132 773 R¹¹¹⁸
1164 714 1314 775 vedesse
1348 716 1382 775 le

93 837 180 880 cose
205 837 307 880 come
331 837 450 881 vanno
475 820 683 881 restarebbe
709 817 877 898 attonita,
911 839 982 880 non
1014 821 1080 881 che
1114 820 1381 900 maravigliosa:

96 926 140 986 ne
172 945 212 987 se
236 923 446 1007 meraveglii
476 925 533 987 del
558 926 627 989 mal
652 926 749 988 exito
774 926 870 987 della
894 946 978 988 cosa
1002 936 1122 988 nostra
1155 928 1285 1007 perche
1311 948 1380 990 non

96 1051 136 1093 se
163 1033 392 1112 potrebbeno
423 1031 513 1095 tenir
547 1053 611 1114 per
648 1043 815 1114 questoro
846 1033 1011 1114 peggiori
1044 1034 1179 1113 meggi‚
1213 1047 1380 1115 quantum

96 1138 239 1201 interim
256 1139 377 1202 dicant
393 1160 431 1201 se
448 1139 609 1202 miranda
629 1139 760 1219 facere,
785 1141 876 1202 adeo
901 1151 939 1202 ut
954 1140 1018 1203 nisi
1046 1140 1163 1202 omnia
1188 1143 1280 1203 malo
1298 1144 1381 1204 dolo

96 1244 233 1309 saciant
256 1246 363 1308 facile
386 1249 605 1328 persuadear
636 1255 672 1310 et
696 1257 734 1308 ut
758 1247 901 1309 credam
933 1247 1031 1327 ipsos
1062 1267 1141 1308 esse
1173 1269 1242 1311 non
1268 1253 1381 1312 solum

96 1352 241 1415 timidos
264 1372 388 1415 verum
411 1352 516 1415 etiam
532 1353 703 1434 stupidos.
742 1351 811 1415 Gi‘a
834 1356 866 1415 el
887 1353 989 1415 Duca
1013 1351 1157 1416 Saxone
1178 1355 1381 1437 triumphat,

98 1468 237 1541 regnat,
261 1458 413 1541 imperat
438 1471 473 1522 et
496 1458 533 1522 fa
558 1480 658 1522 come
682 1460 730 1523 lui
752 1462 834 1522 vole
849 1470 972 1523 contra
986 1460 1055 1523 Dio
1073 1469 1107 1522 et
1124 1471 1248 1524 contra
1264 1485 1381 1542 rason,

98 1577 134 1629 et
159 1575 258 1629 tanto
283 1562 342 1650 piir
369 1567 476 1648 dopoi
502 1568 567 1629 che
592 1567 636 1630 lo’
654 1569 781 1630 elletor
806 1568 1105 1648 Brandemburgh
1130 1589 1150 1629 a
1176 1570 1381 1633 dechiarato

97 1695 120 1736 a
143 1673 254 1737 Cesar
278 1674 314 1736 di
339 1674 439 1737 voler
463 1673 517 1736 far
541 1675 741 1755 parentado
770 1675 828 1737 del
852 1674 1091 1755 primogenito
1116 1696 1179 1737 suo
1205 1697 1282 1738 curn
1308 1678 1380 1740 Ma-

97 1782 201 1844 dame
234 1779 363 1843 Renee
406 1782 536 1860 sorella
575 1782 669 1844 della
710 1781 836 1864 regina
875 1781 1181 1861 christianissima,
1222 1784 1380 1864 perilchd

95 1888 156 1970 qui
183 1909 221 1951 se
246 1888 341 1950 tiene
366 1908 496 1951 ancora
519 1888 579 1969 piir
605 1897 711 1951 conto
734 1888 795 1951 del
822 1886 969 1951 Saxone
994 1890 1059 1951 che
1084 1889 1215 1971 prima;
1242 1894 1297 1953 ma
1328 1913 1380 1954 sa-

94 1996 214 2079 piino,
245 2007 284 2057 ut
307 2015 377 2077 ego
401 1994 477 2057 dixi
507 1994 672 2076 privatim
697 1994 851 2057 Domino
881 1996 925 2057 de
951 1995 1122 2058 Chievres
1153 1997 1221 2059 iam
1252 2002 1380 2061 multos

96 2104 195 2183 dies,
226 2104 293 2165 che
317 2102 346 2164 si
371 2104 635 2165 troverabbeno
659 2102 808 2184 gabbati
833 2101 868 2164 di
893 2112 1017 2183 questo
1044 2103 1146 2166 Duca
1171 2115 1205 2166 et
1230 2105 1379 2187 principi

95 2211 133 2274 di
159 2211 370 2290 Alemagna,
396 2220 433 2272 et
457 2209 548 2271 sicut
572 2209 646 2271 dixi
679 2209 810 2271 factum
843 2211 1016 2271 hactenus
1048 2220 1118 2288 est,
1152 2221 1187 2272 et
1211 2211 1239 2272 si
1265 2221 1378 2274 trova-

94 2337 212 2382 ranno
236 2317 322 2397 ogni
346 2317 380 2378 dl
405 2315 540 2399 peggio
565 2313 594 2377 si
625 2336 690 2397 per
723 2337 819 2380 esser
852 2319 924 2378 tale
954 2315 979 2378 il
1004 2318 1108 2379 modo
1134 2318 1169 2379 di
1193 2318 1310 2380 diaete
1345 2319 1380 2380 di

93 2427 318 2506 Alemagna,
343 2421 372 2487 si
395 2424 528 2505 perche
564 2433 732 2506 questoro
755 2425 875 2487 hanno
907 2433 1031 2486 tenuto
1066 2424 1125 2505 pili
1157 2437 1262 2489 conto
1296 2427 1380 2489 delli

91 2532 230 2596 homini
254 2533 322 2594 che
347 2532 392 2594 de
416 2531 485 2594 Dio
517 2541 553 2594 et
581 2531 668 2612 perd
698 2530 872 2594 Dominus
902 2531 938 2593 in
971 2530 1080 2593 coelis
1114 2532 1274 2595 irridebit
1307 2555 1379 2596 eos.

92 2641 193 2703 Baso
215 2640 267 2721 gli
291 2636 379 2702 SS¹¹¹¹
399 2637 496 2720 piedi
520 2639 556 2700 di
580 2637 622 2700 N.
648 2636 684 2700 S.
710 2647 745 2701 et
769 2639 804 2700 (11
831 2637 925 2702 V.S
963 2638 1056 2700 Rma
1081 2640 1114 2700 le
1138 2661 1238 2702 sacre
1274 2640 1377 2704 mani.

92 2747 320 2811 Wormatiae
346 2746 437 2808 XVI
463 2745 597 2827 Aprilis
622 2743 804 2809 MDXXI.

707 3269 759 3338 65.

350 3397 529 3478 lleauder
557 3396 688 3500 Magno
717 3394 938 3478 cancellario
965 3397 1123 3500 Imperii.

564 3544 664 3616 (dunt
684 3545 774 3605 dem.
791 3543 823 3602 ll.
842 3543 913 3616 tot)

501 3664 591 3733 (Circa
611 3667 680 3715 diem
704 3666 742 3714 1⁶.
763 3664 866 3730 Aprilis
890 3665 975 3730 1521.)

182 3812 263 3875 Illm
277 3812 357 3874 Dne
370 3809 549 3872 Commen.
575 3807 684 3889 Quasi
699 3806 930 3889 presagiebat
950 3806 1033 3869 milri
1057 3807 1192 3869 animus
1205 3806 1282 3870 fore
1296 3819 1333 3870 ut
1347 3809 1376 3870 si

88 3941 150 3985 res
173 3927 298 3982 nostra
328 3916 405 3979 istis
432 3915 653 3997 principibus
685 3923 720 3976 et
744 3915 887 3996 populis
918 3925 1177 3994 proponeretur
1210 3917 1268 3976 vel
1305 3936 1375 3977 non

88 4026 308 4091 assentirent
333 4022 510 4087 Caesarae
535 4021 733 4102 Maiestati,
765 4023 822 4083 vel
847 4021 1034 4100 negocium
1059 4021 1376 4101 procrastinarent,

89 4136 190 4217 quod
221 4130 401 4215 posterius
431 4134 478 4193 ab
508 4130 596 4212 ipsis
628 4128 759 4192 tentari
792 4128 861 4192 iam
897 4129 966 4191 iarn
1002 4150 1023 4191 a
1056 4149 1186 4209 magno
1223 4131 1376 4209 quodam

92 4240 260 4321 Principe
283 4237 456 4300 intellexi.
495 4235 609 4317 Quum
625 4247 744 4298 tamen
770 4235 920 4298 subinde
942 4255 1077 4297 mecum
1094 4247 1220 4315 reputo
1245 4246 1376 4316 quanta

92 4346 282 4430 prudentia
312 4356 348 4407 et
372 4345 520 4407 consilio
545 4343 784 4407 Illustrissima
801 4342 1006 4405 Dominatio
1020 4343 1049 4404 T
1052 4362 1096 4403 ua
1121 4363 1177 4404 res
1202 4355 1237 4404 et
1262 4363 1375 4424 regna

93 4454 146 4516 sui
177 4451 354 4534 Principis
383 4460 514 4515 tractet
546 4460 582 4514 et
612 4452 825 4530 moderetur,
857 4449 892 4511 in
925 4468 1090 4530 magnam
1122 4470 1221 4531 spem
1255 4450 1375 4530 erigor

95 4581 164 4624 oon
189 4578 375 4641 passuram
399 4572 477 4622 eam
501 4559 574 4621 ullo
597 4566 705 4639 pacto
729 4565 769 4618 ut
792 4554 946 4619 Cesarea
970 4555 1163 4618 auctoritas
1187 4556 1272 4617 nihil
1298 4577 1373 4619 sen-

96 4667 282 4730 tentiarum
304 4674 368 4729 aut
386 4674 549 4729 votorum
567 4665 788 4729 subditorum
813 4663 1012 4745 principum
1027 4663 1204 4743 indigens,
1230 4663 1372 4724 diminu-

100 4787 175 4836 atur
197 4784 232 4837 et
257 4777 364 4839 rebus
387 4772 572 4837 Pontificis
594 4773 664 4835 imo
683 4771 800 4834 verius
824 4771 1048 4833 orthodoxae
1072 4769 1155 4831 fidei
1181 4780 1217 4833 et
1241 4770 1372 4833 christi·
