3344 5564
722 448 950 505 *oenc*

198 593 280 656 tiam
306 605 341 657 et
366 593 651 657 benedictionem
675 595 835 675 predicte
860 571 957 658 sedis
979 596 1188 659 restituendi
1220 606 1255 658 et
1279 597 1476 678 reponendi

197 722 238 763 ac
264 705 358 764 bona
384 707 489 764 etiarn
514 721 736 782 quecumque
760 701 904 764 mobilia
935 702 992 766 vel
1015 703 1210 766 immobilia
1241 704 1477 766 hereticorum

197 808 435 889 predictorum
470 807 498 869 si
530 808 564 869 in
589 807 787 888 pertinacia
821 830 883 870 sua
916 810 1108 891 persistere
1134 811 1319 873 maluerint
1349 811 1476 891 quibus

197 934 346 996 cumque
371 914 528 994 legitime
559 915 768 996 accipienda
792 916 1012 978 concedendi
1046 928 1082 979 et
1117 917 1225 980 dandi
1257 937 1298 980 ac
1331 937 1373 979 ea
1407 936 1476 997 que

196 1022 343 1084 heretici
368 1021 436 1102 ipsi
460 1023 505 1082 ad
531 1021 656 1103 quevis
680 1024 758 1084 loca
776 1023 949 1085 ducerent
973 1044 1036 1085 seu
1053 1023 1134 1085 duci
1158 1023 1319 1087 facerent
1342 1024 1376 1086 in
1399 1045 1475 1106 pre-

197 1129 278 1190 dam
295 1128 414 1205 dandi,
439 1128 602 1190 omnibus
623 1148 765 1209 quoque
789 1129 834 1190 ad
860 1129 1005 1191 servitia
1030 1129 1078 1193 M.
1095 1130 1154 1192 W.
1167 1131 1225 1194 Ul.
1251 1141 1286 1194 et
1309 1131 1363 1210 J0.
1381 1132 1474 1193 dam·

197 1247 357 1298 natorum
383 1246 418 1297 et
440 1235 679 1297 hereticorum
702 1234 901 1298 huiusmodi
926 1236 1077 1299 ubilibet
1101 1237 1337 1300 existentibus
1361 1248 1399 1300 ut
1427 1238 1474 1299 in-

198 1342 252 1405 fra
277 1342 463 1405 terminum
487 1363 552 1423 per
576 1362 640 1404 vos
663 1341 911 1424 prefigendum
940 1343 1126 1406 discedant
1155 1347 1221 1407 sub
1252 1345 1384 1407 eisdem
1416 1364 1474 1424 pe-

199 1450 252 1511 nis
277 1449 405 1530 quibus
430 1449 498 1530 ipsi
522 1449 569 1511 M.
595 1448 639 1511 V.
661 1449 716 1514 Ul.
743 1461 778 1511 et
802 1449 854 1528 J0.
880 1470 1018 1512 necnon
1044 1451 1103 1514 alii
1132 1451 1280 1514 heretici
1312 1459 1347 1513 et
1380 1452 1473 1512 dam·

196 1556 294 1638 pnati
320 1556 471 1637 predicti
496 1555 621 1618 irretiti
646 1567 727 1618 sunt
751 1556 941 1618 mandandi
966 1557 1119 1639 illosque
1143 1577 1184 1620 ac
1213 1557 1475 1620 ecclesiasticos

196 1674 232 1726 et
256 1666 434 1726 seculares
459 1683 710 1744 quoscumque,
737 1664 987 1744 cuiuscumque
1013 1664 1199 1746 dignitatis
1223 1664 1327 1727 etatis
1344 1664 1473 1726 littera-

196 1781 273 1833 ture
315 1791 422 1833 sexus
460 1772 517 1832 vel
556 1770 690 1832 ordinis
721 1770 877 1832 existant
910 1774 976 1833 sub
1012 1771 1386 1834 excommunicationis
1423 1792 1474 1832 su-

196 1878 396 1959 spensionis
422 1886 457 1939 et
481 1877 661 1939 interdicti
693 1897 734 1939 ac
767 1878 872 1939 etiam
897 1877 1107 1959 privationis
1131 1877 1233 1959 penis
1264 1877 1475 1940 auctoritate

198 1985 395 2066 apostolica
435 2005 500 2066 per
538 1984 692 2046 edietum
723 1984 888 2047 monendi
927 1999 962 2046 et
992 1985 1197 2066 requirendi
1229 1994 1266 2045 ut
1299 1985 1475 2047 mandatis

196 2092 401 2174 apostolicis
426 2102 633 2154 reverenter
656 2091 842 2154 intendant
866 2104 901 2153 et
926 2092 1104 2164 obediant,
1131 2112 1172 2154 ac
1197 2094 1242 2153 ab
1268 2093 1361 2154 omni
1384 2111 1474 2154 com-

196 2197 327 2262 mercio
352 2199 401 2261 M.
427 2198 486 2260 W.
512 2199 570 2260 Ul.
602 2209 638 2260 et
668 2198 721 2277 J0.
754 2218 795 2260 ac
824 2198 903 2260 aliis
934 2198 1101 2262 hereticis
1131 2198 1280 2279 prefatis
1311 2198 1473 2279 qualiter·

197 2327 336 2388 cunque
360 2315 566 2368 tenerentur
590 2306 647 2367 vel
673 2304 822 2386 obligati
846 2316 966 2367 essent
995 2306 1040 2367 ad
1073 2305 1191 2385 aliqua
1221 2304 1290 2366 illis
1321 2307 1476 2368 tenenda

197 2415 373 2476 servanda
398 2424 458 2475 aut
482 2413 723 2494 persolvenda
753 2413 953 2475 nullatenus
984 2412 1155 2493 deinceps
1188 2411 1367 2493 obligatos
1396 2431 1475 2473 esse

195 2542 260 2584 nec
300 2521 346 2582 ad
385 2541 427 2582 ea
460 2539 566 2600 posse
600 2519 765 2599 compelli
795 2521 920 2582 eadem
944 2518 1154 2581 auctoritate
1180 2517 1400 2594 declarandi,
1433 2537 1474 2579 ac

194 2641 343 2708 propter
367 2626 644 2689 inobedientiam
670 2637 705 2687 et
729 2626 962 2690 rebellionem
982 2644 1223 2707 quoscumque
1247 2623 1401 2686 cuiusvis
1427 2624 1474 2684 di-

195 2735 352 2815 gnitatis,
378 2733 686 2815 Archiepiscopali
713 2734 907 2815 episcopali
933 2745 969 2796 et
999 2733 1170 2795 abbatiali
1202 2732 1385 2793 dumtaxat
1416 2752 1475 2792 ex·

195 2842 317 2922 ceptis,
343 2851 454 2902 status
479 2842 612 2922 gradus
637 2840 770 2902 ordinis
795 2843 851 2903 vel
876 2840 1132 2922 praeminentie
1156 2839 1288 2901 fuerint
1312 2839 1340 2900 si
1365 2841 1475 2901 eccle·

195 2947 335 3010 siastice
360 2967 513 3028 persone
538 2947 788 3010 ecelesiasticis
813 2947 1047 3029 dignitatibus
1070 2946 1196 3009 officiis
1222 2957 1257 3008 et
1281 2944 1474 3024 beneficiis,

194 3055 222 3116 si
248 3075 333 3116 vero
359 3055 538 3117 seculares
561 3055 756 3116 honoribus
786 3054 895 3116 titulis
926 3054 1042 3116 feudis
1073 3053 1270 3134 privilegiis
1302 3053 1373 3114 suis
1406 3053 1473 3134 pri·

195 3162 301 3224 vandi
326 3172 362 3224 et
385 3160 561 3224 beneficia
584 3161 663 3222 aliis
687 3160 824 3223 idoneis
854 3159 1061 3223 conferendi
1095 3171 1130 3222 et
1163 3160 1208 3222 ad
1240 3181 1283 3222 ea
1314 3162 1370 3222 vel
1402 3159 1472 3221 alia

194 3268 423 3350 imposterum
455 3268 651 3330 obtinenda
683 3267 859 3329 inhabiles
892 3277 1067 3348 perpetuo
1107 3277 1143 3330 et
1174 3266 1324 3332 infames
1360 3268 1473 3328 decla-

197 3375 310 3451 randi,
335 3395 472 3438 necnon
499 3394 667 3437 censuras
692 3394 920 3455 quascunque
942 3373 1074 3454 justitia
1099 3373 1294 3435 rebellione
1319 3374 1377 3434 vel
1400 3372 1474 3434 ino·

193 3482 374 3545 bedientia
399 3481 568 3561 exigente
593 3491 699 3562 prout
723 3481 825 3543 vobis
849 3480 1029 3544 videbitur
1060 3480 1268 3542 fulminandi
1301 3489 1336 3542 et
1369 3479 1473 3541 inter-

194 3589 324 3651 dictum
349 3588 516 3669 ponendi,
542 3608 583 3649 ac
607 3588 760 3668 positum
786 3609 832 3650 ex
857 3587 961 3650 bonis
986 3587 1102 3650 causis
1127 3597 1163 3649 et
1186 3586 1407 3667 respectibus
1432 3587 1473 3648 si-

193 3705 251 3758 cut
275 3695 447 3776 expedire
483 3697 538 3756 vel
565 3695 649 3757 utile
680 3706 741 3756 aut
773 3695 1011 3757 necessarium
1042 3715 1119 3757 esse
1153 3693 1395 3776 cognoveritis
1428 3695 1474 3755 ad

192 3815 331 3883 tempus
357 3801 597 3883 suspendendi
623 3802 680 3863 vel
704 3812 879 3883 perpetuo
904 3801 1067 3879 tollendi,
1100 3821 1237 3862 necnon
1263 3810 1387 3861 contra
1412 3800 1471 3861 im·

192 3909 379 3990 pedientes
405 3918 440 3969 et
463 3911 714 3988 perturbantes
738 3908 841 3970 huius
864 3909 973 3970 vestri
999 3908 1163 3970 salutaris
1188 3907 1321 3987 negotii
1347 3927 1472 3968 execu-

193 4017 324 4078 tionem
349 4014 535 4077 summarie
551 4015 758 4096 simpliciter
775 4027 810 4077 et
834 4016 879 4077 de
905 4018 1011 4096 plano
1037 4015 1113 4076 sine
1131 4015 1279 4095 strepitu
1298 4026 1334 4076 et
1357 4012 1474 4094 figura

188 4121 310 4203 judicii
343 4123 419 4184 sola
443 4121 593 4184 veritate
617 4121 778 4203 inspecta
802 4121 1020 4203 procedendi
1053 4141 1093 4183 ac
1124 4121 1325 4202 penitentes
1356 4131 1392 4182 et
1423 4141 1473 4184 re·

191 4230 279 4291 verti
306 4230 480 4290 vollentes
506 4229 551 4290 ad
580 4228 751 4310 gremium
777 4228 938 4307 ecclesie,
963 4227 991 4288 si
1020 4227 1055 4290 id
1087 4228 1263 4290 humiliter
1296 4227 1472 4308 petierint,

192 4336 354 4417 exceptis
379 4335 591 4416 supradictis
615 4336 649 4397 in
674 4335 788 4398 forma
809 4335 971 4416 predicta
986 4335 1196 4397 absolvendi
1214 4344 1249 4396 et
1263 4334 1473 4396 habilitandi

192 4445 236 4505 ad
262 4445 488 4523 honoresque
514 4442 707 4524 dignitates
732 4442 851 4504 officia
875 4441 1048 4505 beneficia
1073 4442 1181 4504 feuda
1205 4444 1300 4503 bona
1331 4461 1373 4503 ac
1395 4442 1474 4522 jura

192 4571 254 4612 sua
286 4550 403 4612 omnia
434 4550 593 4631 aliasque
632 4550 665 4611 in
700 4548 886 4631 pristinum
910 4559 1038 4610 statum
1064 4548 1274 4610 restituendi
1305 4568 1346 4609 ac
1372 4567 1472 4628 repo-

192 4658 300 4718 nendi
325 4677 464 4719 necnon
489 4677 568 4719 cum
601 4656 653 4719 eis
684 4657 713 4719 si
747 4668 985 4737 opportunum
1020 4655 1198 4717 videbitur
1233 4665 1268 4717 et
1300 4653 1473 4734 expedire

191 4763 433 4844 cognoveritis
458 4763 699 4845 dispensandi,
724 4763 896 4825 officiales
922 4763 1075 4842 denique
1101 4775 1136 4823 et
1161 4761 1388 4841 magistratus
1412 4764 1471 4822 ba-
