3330 5580
719 473 964 538 obtrita

195 629 248 697 ad
272 627 402 697 seriem
425 626 488 696 rei.
544 625 822 696 Nonobstante
852 630 914 692 tali
946 651 1037 693 nove
1070 628 1114 693 de
1146 625 1280 694 Luther
1310 647 1398 695 sono
1423 623 1482 714 qui

192 741 362 804 huomini
388 740 496 821 degni
515 739 549 801 di
575 738 656 801 fede
682 739 747 801 che
772 737 899 799 dicono
925 752 958 800 et
984 739 1112 800 voleno
1136 739 1192 800 lar
1216 759 1393 802 scomesse
1418 741 1483 802 che

191 848 339 911 Luther
362 850 381 911 cl
406 848 440 909 in
467 850 500 909 la
524 846 678 909 fortezza
703 845 738 907 di
763 843 983 925 Sichinghen
1009 846 1075 907 che
1092 845 1111 907 ὲ
1128 866 1149 907 6
1164 845 1485 927 meggiagiornata

189 956 239 1017 di
263 961 341 1037 qul:
367 969 401 1017 et
426 956 471 1015 de
496 953 555 1035 gia
579 954 722 1033 quando
738 953 871 1016 Lutber
887 953 1057 1016 remando
1074 952 1096 1014 l’
1112 953 1314 1016 heraldoiu
1329 953 1484 1034 giudicio

189 1061 290 1123 delli
315 1060 496 1124 Ceseriani
522 1071 557 1121 et
582 1059 768 1140 presertim
799 1059 857 1121 del
883 1058 1067 1122 confessor
1091 1061 1157 1122 che
1180 1060 1277 1122 fusse
1303 1071 1486 1143 composte

190 1170 240 1229 di
265 1166 485 1249 Sichinghen
512 1179 546 1229 et
571 1168 636 1229 che
662 1169 694 1229 el
718 1166 859 1228 venisse
885 1187 905 1227 a
922 1168 1130 1231 retrovarlo.
1178 1167 1240 1229 Ma
1264 1178 1390 1248 questo
1416 1189 1485 1231 non

189 1296 262 1340 nte
293 1295 361 1357 par
391 1274 580 1337 verisimile
612 1274 742 1357 perche
776 1282 874 1335 certo
908 1274 925 1335 ἐ
960 1275 1026 1335 che
1058 1273 1086 1335 si
1119 1274 1198 1336 dice
1227 1274 1357 1337 Martin
1389 1296 1487 1338 esser

191 1392 300 1445 stato
326 1403 432 1465 preso
456 1403 477 1444 a
502 1381 602 1463 quasi
628 1381 727 1443 diece
752 1380 916 1461 giornate
942 1381 978 1442 di
1002 1381 1079 1462 qui,
1104 1383 1169 1442 che
1194 1381 1385 1444 Francisco
1416 1403 1485 1445 non

191 1489 405 1552 l'barebbe
430 1490 562 1551 lassato
587 1488 699 1550 ander
723 1488 750 1549 si
776 1488 884 1568 longi.

824 1950 876 2014 tro.

478 2077 735 2158 Aleander
773 2074 1211 2160 lliceranoellurio.

557 2215 610 2285 (Ex
628 2215 766 2287 origlnm
785 2214 845 2273 dod.
865 2214 955 2274 Vallo.
976 2215 1105 2275 astarot
1124 2218 1159 2289 5.)

727 2327 780 2390 (25.
801 2327 865 2374 Mali
889 2327 974 2388 ¹5²¹·l

300 2457 422 2519 Rev¹¹¹⁰
446 2453 584 2516 61111Ιιὶθ
608 2452 688 2514 Dne
713 2470 784 2512 ecc.
834 2450 955 2514 Ancor
980 2454 1045 2515 che
1071 2473 1140 2517 non
1166 2453 1195 2516 si
1219 2456 1309 2538 sapii
1334 2467 1431 2520 certo
1457 2468 1492 2520 et

198 2560 249 2626 ἰο
279 2584 351 2627 non
376 2561 474 2624 credi
510 2560 588 2621 chel
619 2577 738 2620 correr
775 2557 868 2638 parti
898 2559 1028 2640 hoggi,
1064 2569 1140 2622 tuta
1164 2564 1261 2624 volta
1296 2564 1429 2644 perche
1460 2567 1493 2627 el

200 2681 344 2733 rnastro
376 2668 421 2730 de
446 2676 550 2749 posta
580 2666 657 2728 dice
689 2664 754 2725 che
779 2683 885 2746 spera
916 2665 944 2728 si
969 2666 1089 2747 spacci
1121 2669 1205 2749 ogni
1230 2672 1335 2732 rnodo
1367 2684 1493 2753 questa

200 2789 326 2856 trotte,
352 2796 421 2838 non
447 2777 493 2836 ho
518 2776 640 2835 voluto
664 2772 928 2835 adventurarmi
953 2775 1019 2835 che
1037 2773 1059 2835 'l
1082 2775 1237 2838 corriere
1261 2787 1364 2858 parta
1388 2800 1493 2841 senza

200 2886 281 2947 tnie
304 2887 442 2962 lettere,
467 2902 533 2963 per
556 2882 589 2942 le
613 2881 709 2961 quali
732 2879 893 2960 significo
919 2901 940 2942 6
957 2880 998 2942 V.
1016 2879 1052 2942 S.
1070 2881 1165 2943 Rma
1189 2883 1380 2947 bonissime
1401 2907 1493 2949 nove

203 2995 317 3055 dela
342 3011 426 3053 cosa
450 2998 581 3053 nostra.
629 2987 703 3051 Che
734 3007 822 3049 sono
847 2988 913 3048 che
944 2987 1055 3067 hoggi
1081 2988 1206 3068 Cesar,
1242 2991 1302 3072 poi
1327 2995 1494 3055 conclusa

201 3101 249 3164 la
271 3101 368 3163 dieta
392 3107 428 3161 et
452 3095 671 3178 rengratiato
696 3095 720 3156 li
744 3094 896 3175 principi
921 3104 956 3156 et
980 3094 1132 3156 vicissim
1156 3096 1351 3177 regratiato
1376 3099 1423 3160 lui
1448 3101 1494 3162 da

205 3209 309 3287 loro,
345 3203 540 3269 retornossi
575 3205 607 3265 al
643 3203 768 3283 palazo
794 3221 856 3263 suo
882 3214 1164 3284 accompagnato
1195 3204 1239 3266 de
1263 3214 1317 3266 tre
1354 3207 1494 3269 elettori

206 3313 447 3379 ecclesiastici
479 3321 515 3373 et
539 3313 571 3373 el
604 3319 730 3391 quarto
755 3309 993 3390 Brandeburg
1025 3319 1060 3370 et
1085 3310 1201 3371 alcuni
1233 3311 1312 3372 altri
1343 3313 1494 3395 principi

206 3443 282 3485 con
315 3421 338 3483 li
364 3418 496 3482 oratori
528 3419 572 3478 de
601 3417 651 3499 gli
677 3415 736 3478 doi
761 3416 906 3478 electori
939 3428 974 3479 et
998 3416 1078 3479 altri
1102 3417 1253 3499 principi
1284 3419 1344 3499 gia
1375 3420 1497 3501 partiti

207 3526 355 3610 (reliqui
387 3527 457 3588 duo
482 3531 707 3587 recesserunt
732 3520 830 3584 Saxo
864 3533 900 3584 et
923 3522 1120 3604 Palatinus)
1152 3525 1245 3587 dove
1270 3525 1328 3588 noi
1352 3547 1496 3607 presen-

210 3646 311 3699 tamo
344 3636 376 3696 el
406 3635 515 3695 breve
547 3628 695 3693 (1618ιυο
719 3651 741 3692 a
765 3629 839 3691 Sua
862 3629 999 3692 Maesta
1032 3640 1067 3693 et
1098 3631 1158 3713 poi
1190 3634 1307 3713 quello
1332 3635 1436 3714 letto,
1472 3635 1496 3698 li

212 3744 293 3806 suoi
308 3741 369 3806 alli
394 3739 551 3809 elettori;
578 3747 624 3814 et,
648 3737 776 3800 seclusi
800 3735 859 3798 noi
884 3736 974 3817 altri,
1000 3736 1036 3798 fu
1062 3739 1148 3800 letto
1173 3738 1207 3800 in
1223 3741 1403 3821 presentia
1420 3743 1496 3805 loro

212 3847 243 3912 il
266 3850 433 3913 mandato
458 3854 583 3908 contro
606 3843 761 3906 Martino
786 3843 934 3922 Luther,
960 3844 983 3904 li
1008 3844 1084 3906 suoi
1108 3844 1188 3906 libri
1213 3856 1249 3908 et
1273 3848 1448 3928 complici,
1473 3849 1496 3910 li

212 3957 328 4020 libelli
352 3952 497 4032 famosi,
531 3962 565 4014 et
589 3951 626 4013 fu
651 3952 852 4032 approbato
885 3950 929 4010 (16
953 3950 1034 4011 tutti
1058 3952 1213 4014 unanimi
1237 3973 1327 4017 voce
1359 3965 1394 4017 et
1417 3976 1496 4018 con-

214 4084 323 4128 sensu
355 4064 422 4124 che
456 4060 484 4122 si
510 4058 700 4140 expedisse
732 4066 768 4119 et
799 4055 916 4117 mandi
949 4056 996 4117 ad
1028 4058 1215 4122 execution
1248 4081 1353 4123 senza
1384 4072 1498 4125 mutar

215 4189 287 4234 una
311 4169 467 4252 parolla;
503 4166 549 4229 de
573 4164 628 4227 chi
653 4163 722 4227 Dio
754 4162 794 4224 sii
820 4164 965 4225 laudato
1000 4174 1035 4226 et
1059 4166 1279 4246 rengratiato
1312 4188 1378 4249 pur
1403 4169 1497 4231 mille
1587 4162 1590 4170 ’

217 4279 331 4357 volte,
368 4274 499 4358 perche
522 4273 588 4335 tuti
619 4272 644 4333 li
668 4270 815 4334 remedii
839 4271 981 4362 humani
1007 4272 1124 4334 chesi
1149 4284 1306 4354 poteano
1338 4274 1496 4339 161606-

218 4386 350 4449 sistono
381 4384 417 4445 in
442 4391 585 4464 questo,
620 4379 646 4441 il
677 4380 742 4440 che
774 4398 880 4458 spero
912 4379 977 4440 che
1011 4380 1045 4441 la
1069 4379 1190 4441 divina
1221 4381 1336 4461 gratia
1368 4402 1498 4446 ancora

221 4491 425 4556 secunderd.
465 4488 533 4551 Noi
557 4488 800 4550 attenderemo
825 4486 871 4546 ad
896 4485 1047 4566 expedir
1071 4488 1169 4549 detto
1194 4487 1360 4550 mandato
1386 4499 1422 4552 et
1438 4490 1499 4571 poi

221 4615 284 4678 per
307 4597 473 4679 exempio
498 4594 533 4657 di
558 4602 648 4657 tutto
680 4593 704 4656 il
728 4592 859 4655 mundo
884 4593 1041 4655 secundo
1074 4594 1107 4654 le
1131 4614 1232 4657 sacre
1255 4595 1354 4676 leggi
1378 4596 1498 4659 divine

226 4714 260 4765 et
279 4706 430 4768 humane
454 4702 510 4765 far
532 4701 693 4765 brusciar
715 4699 740 4763 li
764 4698 844 4761 libri
870 4698 929 4780 qui
953 4699 987 4762 in
1009 4699 1114 4778 dieta,
1138 4701 1200 4782 poi
1215 4723 1280 4783 per
1297 4712 1388 4765 tutto
1406 4705 1498 4766 dove

226 4814 411 4875 anderemo
444 4811 473 4872 si
505 4811 711 4892 publicherb
744 4810 843 4870 detto
877 4806 987 4868 editto
1020 4817 1054 4867 et
1078 4807 1204 4870 sarassi
1236 4809 1291 4871 far
1320 4811 1355 4871 16
1378 4811 1499 4874 debita
