3330 5580
706 487 854 544 estat
892 487 951 541 &⁰

194 650 211 695 a
233 629 415 714 quibustis
439 633 824 711 excommunicationis,
849 634 1090 715 suspensionis
1115 648 1150 695 et
1175 632 1350 696 interdicti
1378 635 1466 696 aliis·

193 759 255 819 que
280 739 466 800 sententiis
490 740 649 802 censuris
672 754 709 802 et
731 740 856 821 poenis
881 761 971 821 quae
988 754 1180 821 propterea
1202 742 1468 822 quomodolibet

192 845 395 907 incurrisses
420 846 636 908 absolvimus
660 859 696 909 et
719 848 877 909 totaliter
899 848 1098 908 liberamus.
1148 847 1226 909 Xon
1244 849 1468 910 obstantibus

191 936 498 1015 constitutionibus
522 968 558 1015 et
581 954 863 1016 ordinationibus
891 954 1113 1034 apostolicis.
1145 955 1368 1035 caeterisque
1399 967 1466 1019 etc.

193 1059 267 1122 Dat,
293 1060 432 1121 Romae
457 1072 524 1122 etc.
548 1060 606 1122 die
631 1061 704 1122 XII
728 1060 846 1122 Martii
876 1080 968 1137 1525·

756 1327 797 1336 ·.-.·.-
804 1326 891 1337 wmsw.
898 1332 902 1337 .
909 1330 914 1336 ι

788 1629 850 1691 191

434 1744 573 1824 Gordiu.
602 1746 644 1823 de
670 1745 909 1846 lotharingia
937 1744 1109 1824 Clementi
1136 1744 1215 1824 vu

334 1891 561 1962 (submonente
579 1892 641 1949 m
657 1891 789 1949 Litterae
807 1891 909 1950 divers
927 1893 1091 1965 principum
1109 1892 1182 1950 1525.
1199 1891 1245 1949 lul
1263 1893 1317 1960 tt.)

690 2008 742 2052 (ιι.
763 2005 851 2052 ‚narni
874 2002 961 2068 1525.)

273 2136 389 2217 Quum
412 2136 530 2198 multis
546 2135 689 2197 omnino
709 2136 909 2197 nominibus
926 2138 1013 2198 haec
1031 2146 1192 2219 tempora
1210 2158 1275 2199 nos
1291 2136 1465 2220 affligant,

190 2242 395 2306 Beatissime
419 2243 545 2319 Pater,
574 2253 647 2304 tum
674 2262 782 2304 unum
811 2244 878 2304 hoc
908 2243 1128 2323 potissimum
1152 2265 1207 2305 me
1233 2245 1300 2306 urit
1324 2266 1365 2305 ac
1390 2266 1462 2307 cru·

190 2351 269 2428 ciat,
295 2350 390 2431 quod
414 2351 481 2410 hoc
506 2349 647 2410 demum
670 2369 755 2411 vere
780 2350 986 2412 calamitoso
1011 2353 1172 2428 saeculO,
1198 2372 1258 2412 eas
1282 2352 1465 2415 videamus

190 2467 341 2535 exortas,
355 2467 415 2517 aut
425 2455 543 2516 verius
555 2468 709 2519 renatas.
721 2457 899 2536 haereses,
913 2477 1003 2538 quae
1014 2477 1084 2519 non
1098 2456 1174 2519 sine
1187 2458 1464 2521 Christianarum

191 2565 379 2626 animarum
421 2562 559 2642 ingenti
601 2562 802 2624 discrimine
850 2575 920 2624 tam
964 2564 1094 2624 multos
1128 2562 1260 2644 ubique
1295 2563 1463 2627 inficiunt.

192 2670 298 2732 Unius
323 2668 483 2730 nimirum
508 2668 651 2730 Martini
668 2669 813 2731 Lutheri
838 2690 959 2749 opera,
984 2669 1043 2750 qui
1066 2670 1121 2731 vir
1144 2670 1464 2752 pestilentissimus,

189 2774 480 2856 pestilentissimis
516 2775 588 2836 suis
621 2776 817 2854 dogmatis,
848 2796 918 2837 non
951 2776 1064 2857 ipsam
1100 2778 1206 2838 modo
1238 2776 1464 2841 Germaniam

190 2883 309 2945 imbuit
333 2881 431 2944 cuius
451 2882 632 2943 meliorem
656 2894 793 2963 partem
809 2883 877 2945 iam
894 2885 983 2964 proh
1002 2884 1105 2944 dolor
1121 2884 1282 2945 videmus
1304 2885 1339 2946 in
1364 2906 1463 2966 prae·

190 3009 271 3072 ceps
295 2988 405 3066 abire,
431 2990 494 3050 sed
519 2999 556 3050 et
579 2988 712 3050 vicinas
737 3009 878 3070 quoque
908 2990 1070 3051 nationes
1097 2989 1252 3070 pessimo
1282 2991 1370 3053 istoc
1395 2992 1461 3055 fer·

190 3108 304 3159 mento
329 3095 379 3158 sic
404 3095 512 3156 viciat
536 3095 810 3176 corrumpitque,
834 3106 873 3157 ut
896 3116 1009 3158 novos
1025 3096 1175 3159 subinde
1191 3117 1276 3159 suae
1299 3097 1464 3161 factionis

189 3203 374 3266 seditiosos
398 3202 627 3283 perditosque
652 3205 796 3264 rabulas
820 3213 1000 3283 procreet,
1033 3203 1092 3284 qui
1121 3203 1231 3284 ipsius
1260 3208 1463 3286 exemplum

190 3310 308 3389 secuti,
336 3311 382 3371 ad
418 3309 531 3390 ipsam
564 3309 790 3371 christianam
820 3310 1049 3391 Religionem
1081 3313 1358 3391 perturbandam
1392 3333 1463 3375 non

188 3426 353 3480 verentur
376 3419 559 3478 accedere.
606 3416 710 3495 Quod
736 3416 888 3496 quidem,
913 3437 1018 3497 quum
1041 3415 1171 3497 passim
1190 3437 1281 3478 nunc
1299 3439 1367 3480 non
1393 3439 1464 3481 uno

188 3523 220 3586 in
249 3526 329 3586 loco
360 3523 483 3584 videre
506 3523 567 3602 sit,
597 3534 669 3584 tum
701 3534 737 3584 et
771 3523 806 3584 in
832 3534 954 3584 nostra
978 3543 1118 3604 quoque
1142 3522 1294 3584 Metensi
1320 3525 1464 3604 diocesi,

188 3631 278 3692 haud
314 3630 365 3692 ita
400 3629 538 3711 pridem
575 3628 765 3709 contigisse
799 3629 1048 3709 ct·gnovimus;
1087 3630 1145 3689 ubi
1181 3650 1227 3690 ex
1267 3631 1331 3691 hac
1367 3631 1464 3692 facti·

188 3758 326 3800 osorum
350 3736 608 3817 impiorumque
636 3736 814 3798 hominum
840 3746 938 3797 secta
963 3736 1033 3796 duo
1058 3735 1262 3811 extiterunt,
1288 3737 1346 3817 qui
1372 3739 1464 3799 dam-

189 3845 367 3907 natissima
390 3864 454 3906 sua
477 3843 650 3920 doctrina,
675 3843 837 3904 incautos
860 3842 1045 3922 imperitae
1070 3842 1304 3903 multitudinis
1330 3843 1465 3906 animos

189 3955 357 4015 seducere
381 3953 613 4013 conabantur.
662 3949 702 4010 ld
727 3950 821 4030 quod
844 3963 916 4010 tum
933 3969 1038 4029 quum
1055 3949 1174 4029 reipsa
1191 3951 1464 4031 haudquaquam

188 4060 336 4121 obscure
360 4058 536 4136 facerent,
569 4070 733 4137 essetque
759 4056 910 4137 idipsum
935 4056 977 4116 ad
1007 4068 1147 4117 nostros
1172 4054 1363 4117 officiarios
1387 4078 1464 4138 per·

190 4167 311 4245 latum,
347 4168 463 4247 probe
494 4164 648 4226 scientes
673 4164 744 4239 1111,
780 4184 885 4244 quam
910 4163 1035 4224 merito
1070 4183 1134 4224 nos
1157 4162 1241 4224 odio
1266 4163 1464 4226 huiusmodi

188 4272 416 4354 pessimorum
440 4272 620 4333 hominurn
644 4269 943 4350 conspirationem
980 4289 1255 4350 prosequamur,
1292 4270 1464 4351 simulque

189 4380 269 4461 quid
283 4379 388 4442 istinc
406 4379 620 4440 abeuntibus
639 4378 742 4439 nobis
757 4378 792 4438 in
816 4376 992 4438 mandatis
1014 4386 1075 4437 tua
1099 4377 1256 4438 dedisset
1273 4378 1465 4456 banctitas,

189 4486 273 4551 duos
293 4486 374 4548 illos
389 4486 592 4547 carceribus
610 4485 865 4565 mancipandos
879 4496 1104 4562 curaverunt,
1129 4485 1278 4544 alterum
1297 4483 1463 4547 videlicet

189 4592 223 4656 in
236 4593 328 4656 Vico
345 4592 490 4674 oppido,
515 4595 663 4654 altorum
690 4612 775 4653 vero
800 4590 836 4651 in
854 4590 975 4671 eaipsa
997 4589 1150 4652 hletensi
1174 4589 1328 4652 civitate.
1365 4589 1464 4670 Quos

188 4700 246 4763 ubi
269 4699 331 4762 diu
353 4700 425 4761 iam
447 4712 650 4761 asservatos
674 4700 955 4780 diligenterque,
980 4716 1022 4758 ac
1046 4696 1139 4758 omni
1165 4709 1306 4758 serrata
1331 4698 1464 4759 christi·

189 4827 275 4870 anae
299 4806 443 4888 pietatis
465 4807 733 4868 mansuetudine
759 4804 878 4889 sepius
902 4804 1213 4884 commonefactus,
1238 4803 1465 4865 nihilosecius

214 4923 293 4973 Bulsu,
304 4924 449 4962 nocumenta
459 4923 597 4962 butham.
