3330 5580
725 108 972 170 erilssbiffl

300 255 338 322 Io
360 279 408 323 vo
432 279 500 342 pur
523 258 742 323 intendendo
766 262 832 323 che
858 261 956 324 molti
980 261 1016 323 di
1041 261 1157 343 questi
1180 261 1333 344 principi
1349 261 1385 323 di
1401 260 1487 325 Ger·

177 365 326 429 mania
348 376 477 431 stanno
501 388 567 430 con
592 368 643 448 gli
667 368 768 430 occhi
792 369 908 448 aperti
931 390 953 430 a
977 369 1108 431 vedere
1132 390 1171 431 se
1196 370 1229 431 le
1253 389 1336 431 cose
1365 369 1401 431 di
1426 368 1487 431 Ce·

180 474 290 534 Sara
312 493 379 536 con
398 473 534 536 Franza
558 475 808 553 declinassino,
833 495 898 537 con
920 476 1089 555 dissegno
1106 477 1172 537 che
1187 477 1331 556 quando
1348 477 1489 538 vedano

180 571 279 640 che
299 579 352 643 sia
375 601 441 663 per
466 601 586 643 essere
610 593 785 662 occupato
816 588 844 643 si
878 584 943 643 che
966 582 987 644 ’l
1024 603 1093 644 non
1128 593 1272 663 potesse
1300 581 1422 644 venire
1453 581 1489 644 in

183 673 401 749 Germania
425 689 491 749 che
516 689 550 749 lo
581 687 904 750 ricercharebbono
939 689 984 749 ad
1019 690 1119 751 voler
1151 687 1273 750 venire
1308 700 1368 751 aut
1403 688 1491 770 ipsis

178 793 396 875 resignare
413 793 599 877 imperium
623 814 689 876 per
713 797 882 876 eleggere
907 815 952 856 un
977 797 1068 857 altro
1093 795 1278 876 pigliando
1301 815 1367 876 per
1391 815 1490 857 occa·

175 898 310 963 sione
334 911 371 962 et
396 900 625 963 fondamento
650 903 685 962 la
709 901 928 964 dissensione
952 902 987 963 di
1012 900 1205 964 Germania
1236 912 1272 963 et
1305 902 1328 963 li
1352 901 1490 964 tumulti

176 1015 251 1069 et
270 1007 409 1070 heresis
434 1028 479 1069 ne
504 1008 537 1069 le
562 1027 645 1069 cose
670 1009 715 1070 de
739 1009 773 1071 la
797 1007 890 1087 fede,
915 1008 948 1070 le
968 1009 1063 1090 quali
1086 1028 1158 1071 non
1183 1028 1303 1091 ponno
1328 1019 1423 1071 stare
1448 1010 1490 1071 ne

175 1111 341 1195 pigliar
365 1113 491 1176 ordine
515 1135 623 1176 senza
645 1116 681 1177 la
704 1134 858 1195 persona
882 1116 927 1177 de
942 1135 1013 1177 uno
1036 1116 1103 1178 che
1119 1125 1205 1196 agat
1223 1115 1490 1195 imperatorem:

176 1240 298 1283 sono
327 1219 415 1283 lorsi
446 1220 596 1283 discorsi
631 1242 653 1280 o
682 1221 803 1283 iudicii
834 1223 900 1283 che
935 1221 995 1302 poi
1019 1220 1093 1285 cosi
1127 1221 1328 1284 facilmente
1359 1241 1430 1283 non
1463 1220 1492 1282 si

175 1346 332 1409 pouno
356 1327 537 1407 esequire.

299 1432 370 1496 Gia
394 1433 521 1515 cinque
545 1434 661 1514 giomi
685 1434 735 1496 fui
761 1435 796 1496 di
821 1455 939 1497 nuovo
963 1435 1206 1498 crudelmcnte
1229 1436 1417 1498 molestato
1447 1436 1493 1495 da

175 1559 262 1604 un
283 1541 409 1603 dolore
434 1541 471 1602 di
492 1541 601 1622 piede
624 1560 691 1622 per
715 1561 760 1603 un
785 1541 914 1622 giorno
946 1551 983 1604 et
1012 1560 1083 1604 una
1120 1550 1236 1612 notte;
1267 1541 1328 1622 poi
1366 1541 1412 1602 mi
1446 1542 1494 1602 ha

176 1648 357 1725 lassato,
382 1668 439 1711 ma
462 1667 578 1731 zoppo
602 1659 638 1710 et
661 1660 898 1729 conquassato
922 1649 1027 1714 assai.
1075 1646 1191 1729 Spero
1207 1648 1296 1729 perd
1312 1648 1492 1710 convaler-

170 1753 274 1835 αἱ,
295 1755 339 1818 πὸ
363 1755 411 1817 mi
435 1757 655 1818 occorrendo
689 1757 780 1817 altro
811 1755 857 1817 mi
886 1757 1124 1818 raccomamlo
1154 1755 1213 1817 alli
1245 1752 1306 1816 8¹³¹
1336 1754 1433 1836 piedi
1457 1752 1494 1814 di

170 1858 258 1925 S.
277 1862 337 1924 13⁰·
368 1872 405 1924 et
428 1884 450 1925 a
472 1883 507 1924 r.
531 1884 549 1923 s
583 1882 674 1943 quae
698 1862 903 1925 felicissirne
927 1865 1045 1925 valeat
1104 1862 1265 1926 Viennae
1290 1862 1364 1923 XV
1389 1860 1492 1924 Octo-

170 1967 288 2031 bris
310 1969 529 2033 MDxxlv.
607 1960 614 1972 ’

842 2487 894 2551 rt.

537 2604 673 2684 Paulus
700 2490 871 2684 leidelier
898 2603 1071 2683 clementi
1097 2602 1177 2684 Vll.

667 2751 767 2826 ΨΜ
783 2752 900 2826 imin
916 2751 947 2808 n
973 2749 1044 2819 Μ)

703 2871 757 2935 (24
777 2872 904 2920 Octobris
927 2882 1000 2932 ¹324,

307 3025 519 3089 Beatissime
543 3024 660 3103 Pater,
684 3034 766 3105 post
790 3023 921 3085 devota
946 3024 1130 3083 beatorum
1155 3022 1284 3102 pedum
1309 3022 1441 3082 oscula.

308 3150 397 3215 Cum
428 3168 497 3230 ego
525 3147 667 3209 humilis
696 3167 822 3208 servus
844 3144 882 3208 S.
907 3145 952 3207 V.
982 3144 1102 3226 quiin
1127 3145 1215 3206 urbe
1245 3152 1280 3206 et
1304 3152 1500 3226 conspectu

212 3252 262 3324 1
284 3258 328 3323 V.
353 3256 391 3321 S.
417 3259 462 3320 ab
485 3255 745 3329 adolescentia,
775 3254 899 3316 decern
923 3263 959 3314 et
982 3264 1064 3314 octo
1088 3272 1201 3333 usque
1225 3271 1355 3331 annos,
1383 3250 1501 3313 causis

215 3362 258 3428 in
278 3376 400 3429 vestro
424 3362 613 3427 Auditorio
636 3361 757 3424 Rotae
781 3359 979 3422 scribendis
1002 3370 1038 3421 et
1063 3357 1272 3437 tractandis,
1301 3368 1339 3419 et
1362 3357 1390 3419 si
1415 3357 1500 3439 quid

229 3473 352 3538 residui
382 3469 553 3552 temporis
583 3467 833 3548 facultatisque
857 3466 1145 3548 permittebatur,
1181 3463 1367 3527 conductis
1394 3464 1500 3527 etiarn

229 3581 322 3661 gravi
344 3598 428 3642 aere
448 3575 636 3658 magistris,
660 3574 765 3636 bonis
780 3573 907 3636 litteris
920 3592 1066 3654 operam
1082 3571 1266 3643 dederam;
1290 3580 1502 3634 renascente

229 3698 337 3752 autem
361 3704 477 3767 nuper
498 3684 534 3746 in
558 3683 684 3745 eadem
707 3682 796 3744 urbe
820 3679 1019 3762 epidemiae
1043 3681 1119 3755 lue,
1143 3677 1219 3739 eius
1243 3678 1387 3757 timore,
1421 3678 1501 3739 loco

230 3795 421 3859 cedendum
443 3804 560 3869 ratus,
592 3788 767 3852 adfinem
791 3787 927 3869 Aprilis
950 3784 1141 3848 novissime
1165 3783 1342 3862 abscessi,
1376 3804 1431 3844 me
1456 3783 1501 3846 ad

231 3904 339 3967 natale
364 3900 488 3977 solum,
511 3897 698 3961 Civitatem
715 3894 849 3957 scilicet
869 3895 960 3956 hanc
975 3891 1279 3971 Bambergensem
1302 3888 1337 3953 in
1354 3888 1502 3952 Germa-

231 4008 316 4075 niam
350 4006 559 4083 conlerens,
593 4004 653 4065 ubi
693 4013 730 4065 et
762 4001 791 4063 si
824 4001 860 4064 in
893 3999 973 4063 aliis
1005 3996 1197 4061 Germanice
1229 3995 1434 4059 civitatibus
1466 4005 1503 4059 et

231 4115 329 4197 locis,
352 4113 485 4198 passim
508 4111 616 4193 impia
638 4111 824 4173 lutherana
847 4103 1000 4190 perfidia
1021 4103 1211 4185 plurimum
1235 4100 1430 4183 grassavit,
1465 4101 1501 4164 in

233 4220 375 4288 Civitate
405 4232 523 4283 tamen
546 4220 632 4294 hac,
667 4228 704 4279 et
735 4216 813 4277 eius
835 4215 955 4295 ampla
977 4210 1131 4289 diocesi,
1165 4209 1320 4273 maxime
1349 4228 1436 4271 vero
1466 4208 1501 4271 in

233 4327 458 4395 famosissimo
491 4324 623 4407 alioqui
664 4323 774 4406 opido
810 4317 1101 4401 Nurenbergensi
1135 4315 1297 4380 mertium
1331 4314 1503 4397 emporio,

235 4436 381 4501 eiusdem
405 4433 570 4511 diocesis,
593 4450 793 4513 exuperare
817 4428 968 4506 ridetur,
992 4425 1052 4488 ubi
1070 4423 1307 4487 Ecclesiamm
1330 4420 1503 4505 prepositi
