3330 5580
701 449 947 512 eumaeo

273 594 387 657 Mons.
419 595 464 658 de
490 597 602 659 Polan
633 599 801 660 mandato
834 600 893 663 dal
917 598 1023 663 sermo
1049 597 1216 679 Principe
1246 615 1270 658 a
1301 592 1339 655 la
1361 588 1470 653 Dieta

186 704 231 764 de
255 703 289 763 la
313 701 386 783 liga
411 703 456 764 de
474 700 607 765 Suevia
630 704 675 765 ad
690 701 794 768 Ulma
818 707 865 767 ha
889 706 1022 789 scripto
1047 726 1145 769 esser
1167 700 1277 767 vicini
1299 699 1348 762 ad
1365 696 1472 760 Ulma

187 809 231 870 da
256 818 336 870 octo
362 809 456 870 milia
475 808 584 871 vilani
608 809 644 871 in
668 831 763 873 arme
790 812 923 875 subditi
945 813 991 875 de
1009 813 1132 877 abbati
1157 822 1193 875 et
1209 801 1472 893 gentilhomini,

187 916 269 996 qual
300 914 514 977 dimandano
540 915 687 990 liberta;
724 938 769 980 ne
792 921 838 981 ho
863 921 1001 1001 grande
1032 920 1177 1003 apiacer
1208 912 1345 1000 perche
1368 906 1472 994 potr&

188 1041 284 1085 esser
308 1041 415 1083 causa
439 1021 483 1082 de
508 1019 563 1083 far
587 1031 687 1085 tanto
711 1022 771 1104 piu
796 1035 918 1107 presto
943 1028 1104 1090 resolver
1127 1028 1162 1089 la
1185 1026 1260 1107 liga
1276 1023 1323 1085 de
1340 1016 1474 1083 Suevia

188 1129 223 1191 in
249 1130 349 1190 voler
372 1130 544 1191 observar
575 1129 598 1190 li
623 1131 781 1194 mandati
806 1133 965 1197 caesarei
996 1144 1121 1197 contra
1145 1134 1170 1195 li
1193 1126 1386 1195 lutherani.
1433 1123 1473 1187 In

189 1234 392 1317 Hinspruch
418 1234 475 1297 die
501 1234 593 1298 XIV
618 1236 804 1300 Februarii
826 1238 1029 1304 MDXXV.

723 1453 929 1463 mim-mm

792 1701 866 1766 196.

218 1816 378 1897 01111111
405 1815 483 1896 llll.
514 1813 659 1919 Georgia
687 1816 847 1918 episcopo
875 1818 1071 1899 1111111111
1099 1823 1134 1899 11
1152 1816 1451 1920 Ratzeburgensi

505 1955 666 2025 (0111111111
685 1955 747 2014 VH.
766 1956 868 2016 Brevia
886 1957 961 2016 111111
979 1958 1016 2018 11.
1035 1974 1077 2033 ep.
1096 1959 1162 2025 ut.)

694 2063 748 2134 (12.
768 2068 858 2117 Martii
881 2067 970 2134 1525.)

283 2209 497 2290 Accepimus
522 2210 616 2290 quod
640 2209 724 2272 licet
747 2220 795 2290 tu,
820 2221 859 2272 ut
877 2231 983 2274 verus
1005 2221 1040 2274 et
1060 2212 1256 2275 catholicus
1272 2209 1477 2292 episcopus,

194 2315 401 2397 pestiferam
439 2326 571 2378 sectam
596 2317 817 2380 lutheranam
854 2338 873 2380 e
905 2319 992 2381 locis
1025 2329 1106 2382 tuae
1138 2339 1244 2382 curae
1280 2315 1478 2380 commissis

195 2422 376 2485 eliminare
401 2422 592 2501 1111111111,
618 2432 654 2485 et
685 2424 822 2487 viribus
850 2425 933 2487 totis
967 2445 1153 2508 procures;
1186 2437 1303 2489 tamen
1335 2422 1478 2486 dubitas

193 2529 402 2592 immunitati
417 2529 653 2594 Ecclesiarum
670 2530 705 2593 in
723 2531 851 2614 quibus
867 2532 1043 2596 lutherani
1069 2533 1279 2615 perditionis
1305 2531 1369 2594 filii
1391 2533 1478 2613 pub·

193 2636 259 2698 lice
283 2636 396 2719 ipsam
421 2645 554 2700 sectam
577 2640 711 2719 populo
724 2637 943 2719 praedicant,
967 2639 1228 2721 praeiudicare,
1252 2639 1281 2702 si
1306 2659 1371 2702 eos
1395 2637 1479 2700 inde

196 2742 370 2805 violenter
408 2743 511 2805 educi
550 2743 706 2818 faceres;
753 2765 818 2807 nos
845 2744 969 2826 igitur,
1003 2767 1047 2808 ne
1075 2756 1234 2809 sanctum
1265 2756 1364 2808 tuum
1390 2763 1478 2826 opus

196 2849 397 2912 huiusmodi
420 2861 614 2931 propterea
638 2850 801 2932 impediri
823 2852 946 2914 valeat
969 2852 1159 2934 providere
1184 2854 1365 2933 volentes,
1402 2870 1478 2913 auc·

196 2955 338 3019 toritate
372 2958 571 3038 apostolica
606 2967 731 3020 tenore
771 2959 1011 3039 praesentium
1046 2959 1110 3020 tibi
1150 2959 1401 3021 committimus
1446 2966 1478 3019 et

197 3064 407 3126 mandamus
447 3074 621 3146 quatenus
661 3065 738 3127 sine
774 3067 940 3146 scrupulo
990 3065 1230 3129 conscientiae
1273 3068 1478 3128 lutheranos

197 3171 294 3252 ipsos
319 3181 390 3233 tam
415 3173 616 3234 saeculares
643 3192 746 3254 quam
770 3173 954 3254 regulares
979 3172 1084 3234 etiam
1108 3172 1143 3235 in
1168 3172 1353 3236 ordinibus
1371 3172 1478 3235 sacris

198 3277 409 3341 constitutos
445 3278 551 3341 etiam
588 3288 690 3341 extra
727 3281 806 3342 loca
841 3289 924 3342 tuae
955 3278 1188 3342 iurisdictioni
1220 3279 1402 3360 subiecta,
1438 3280 1478 3341 de

198 3406 372 3449 consensu
403 3396 519 3447 tamen
553 3396 588 3447 et
625 3385 767 3448 licentia
799 3386 1046 3467 episcoporum
1074 3406 1222 3467 quorum
1245 3385 1478 3460 iurisdictioni

199 3494 277 3555 loca
301 3493 379 3574 ipsa
402 3492 563 3554 subiecta
587 3492 729 3571 fuerint,
754 3492 860 3555 etiam
883 3493 920 3556 in
945 3493 1113 3556 Ecclesiis
1128 3493 1422 3576 quibuscumque,
1448 3493 1478 3555 in

201 3599 327 3681 quibus
351 3619 416 3681 pro
441 3609 600 3681 tempore
632 3598 781 3680 fuerint,
810 3598 889 3681 capi
920 3610 955 3663 et
990 3599 1072 3661 inde
1110 3600 1251 3663 extrahi
1284 3610 1319 3664 et
1355 3611 1478 3664 contra

200 3706 280 3769 illos
303 3707 403 3769 iuxta
427 3707 622 3768 litterarum
647 3705 692 3773 fe.
716 3727 765 3770 re.
813 3705 943 3769 Leonis
976 3726 1093 3787 papae
1123 3706 1161 3768 X
1192 3707 1478 3787 praedecessoris

203 3813 313 3875 nostri
338 3815 491 3894 desuper
516 3813 689 3875 editarum
722 3812 974 3875 continentiam
1004 3824 1039 3876 et
1062 3822 1221 3875 tenorem
1247 3814 1425 3894 procedas
1449 3825 1478 3876 el

201 3919 339 4002 puniaS,
363 3929 469 4000 prout
494 3921 685 3982 secundum
712 3921 826 3982 Deum
850 3919 914 3981 tibi
938 3920 1051 3981 visum
1076 3918 1182 3981 fuerit
1207 3920 1395 4001 expedire,
1421 3922 1478 3983 sci·

204 4038 302 4089 turus
336 4038 370 4089 te
401 4026 436 4088 in
470 4027 537 4088 hoc
574 4026 827 4090 immunitatem
861 4026 1098 4089 Ecclesiarum
1129 4027 1321 4089 earundem
1354 4029 1478 4091 nedum

204 4155 275 4197 non
301 4136 466 4213 laedere,
495 4154 618 4195 verum
642 4137 747 4196 etiam
772 4134 912 4197 illorum
937 4143 971 4195 et
996 4133 1177 4195 Ecclesiae
1202 4133 1400 4196 catholicae
1425 4134 1478 4197 im·

204 4242 409 4303 munitatem
438 4240 639 4303 huiusmodi
673 4241 730 4322 pie
763 4261 804 4304 11
833 4240 1000 4322 religiose
1034 4259 1259 4302 conservare.
1323 4239 1368 4302 Et
1402 4242 1478 4323 quia

203 4349 324 4411 forsan
349 4351 520 4411 hactenus
543 4350 665 4430 plures
690 4369 735 4411 ex
759 4346 932 4430 praefatis
955 4346 1151 4409 lutheranis
1176 4346 1282 4408 etiam
1310 4346 1346 4408 in
1382 4347 1478 4411 dictis

208 4456 392 4519 ordinibus
417 4458 627 4518 constitutos
653 4465 688 4518 et
710 4454 831 4519 forsan
856 4454 1044 4535 religiosos
1068 4462 1249 4534 apostatas
1275 4452 1310 4514 in
1335 4452 1478 4517 diversis

207 4563 366 4625 ecclesiis
390 4562 566 4625 violenter
590 4563 670 4643 capi
695 4572 730 4625 et
759 4563 842 4625 inde
874 4561 1014 4624 extrahi
1046 4571 1081 4622 et
1112 4560 1325 4623 incarcerari
1358 4560 1478 4642 fecisti

206 4681 241 4732 et
264 4680 456 4751 propterea
480 4661 697 4732 conscientia
722 4679 782 4732 tua
810 4689 848 4731 se
880 4667 1133 4732 immunitatem
1159 4668 1397 4731 Ecclesiarum
1432 4690 1478 4732 ea·

205 4777 354 4841 rundem
379 4775 572 4839 offendisse
596 4775 778 4857 credebat,
803 4786 837 4837 te
863 4775 922 4857 qui
946 4776 1140 4858 praemissa
1165 4776 1241 4837 zelo
1265 4773 1347 4838 fidei
1369 4776 1478 4838 fecisti
