3330 5580
714 445 943 502 0438chssa>

188 597 394 679 simpliciter
419 594 635 679 possessioni
660 594 876 657 reservando
901 602 1019 656 tamen
1045 592 1111 655 sibi
1135 592 1205 673 ius,
1237 591 1267 655 si
1291 593 1389 674 quod
1412 594 1471 655 ha-

187 704 288 768 bebit
320 705 354 766 in
387 703 626 785 proprietate,
660 703 678 764 ὲ
704 703 750 764 da
782 701 956 782 imputare
980 699 1015 762 in
1040 700 1159 780 quello
1183 701 1250 762 che
1274 708 1472 762 constretto

188 814 283 874 dalla
307 811 439 874 iustitia
463 830 527 892 per
551 810 686 872 evitare
711 810 745 871 la
770 806 1007 870 scommunica
1030 805 1109 869 fece
1128 806 1289 869 cedendo
1306 808 1383 869 solo
1400 807 1474 869 alla

187 918 424 1001 possessione.
471 919 501 979 Il
533 920 628 980 buon
653 915 843 978 Cardinale
868 915 885 976 ὸ
911 912 1189 996 disperatissimo
1222 933 1287 996 per
1315 915 1348 976 le
1373 922 1473 976 tante

188 1025 362 1088 columnie
387 1026 469 1086 date
494 1025 542 1087 lui
567 1025 612 1086 da
637 1024 732 1085 dicto
758 1020 980 1101 Armestorff,
1008 1041 1112 1102 quern
1137 1019 1221 1082 dicit
1246 1040 1388 1101 semper
1412 1022 1472 1082 ha·

187 1133 306 1196 buisse
338 1152 402 1214 pro
438 1131 570 1213 optimo
605 1140 641 1193 et
664 1129 888 1203 amicissim0;
923 1129 1043 1191 videte
1068 1129 1103 1189 di
1127 1126 1204 1191 fare
1228 1147 1361 1210 capace
1386 1127 1472 1191 Cae-

188 1260 267 1300 sare
298 1248 334 1301 et
366 1238 460 1301 dicto
492 1237 684 1300 cameriere
716 1238 812 1299 della
841 1235 1045 1299 innocentia
1076 1234 1110 1296 di
1135 1249 1261 1316 questo
1286 1229 1472 1298 Reveren-

188 1346 331 1408 dissimo
363 1355 398 1408 et
429 1345 562 1426 optimo
588 1343 777 1407 Cardinale
808 1351 844 1405 et
874 1341 1103 1405 devotissImo
1128 1342 1163 1403 di
1188 1343 1307 1423 quella
1331 1342 1473 1405 Maesta

188 1463 223 1515 et
248 1454 342 1514 della
366 1451 529 1530 Natione,
554 1462 589 1514 et
614 1461 783 1513 excusate
808 1470 874 1512 con
900 1449 985 1531 ogni
1010 1447 1196 1531 diligentia
1219 1448 1244 1510 il
1268 1452 1364 1511 buon
1390 1448 1471 1511 Car·

188 1560 307 1622 dinale
331 1568 431 1621 tanto
456 1558 577 1621 dedito
602 1579 623 1621 a
647 1556 788 1637 Cesare,
817 1576 990 1639 appresso
1015 1553 1089 1618 Sua
1105 1555 1254 1638 Maesta,
1279 1555 1302 1617 il
1328 1554 1472 1618 Confes-

187 1686 268 1729 sore
293 1676 327 1728 et
351 1665 443 1729 tutti.
492 1664 542 1727 La
565 1664 824 1745 supplicatione
848 1674 885 1728 et
909 1664 1069 1726 cessione
1093 1664 1138 1726 de
1163 1664 1183 1724 l'
1201 1665 1408 1727 adversario
1435 1665 1470 1726 in
1540 1710 1542 1714 -

187 1773 311 1835 favore
337 1774 381 1835 de
406 1770 622 1834 Armestorff
644 1780 680 1834 et
703 1772 773 1833 duo
798 1771 907 1834 Brevi
931 1792 1000 1834 uno
1024 1790 1090 1852 per
1113 1772 1148 1833 la
1171 1772 1409 1852 possessione,
1436 1782 1472 1834 et

188 1880 209 1941 l'
228 1881 319 1942 altro
352 1899 418 1960 per
450 1879 471 1941 l’
489 1877 714 1941 absolutione
739 1879 797 1939 del
821 1878 976 1959 capitulo
1001 1898 1022 1939 a
1046 1877 1219 1957 censuris,
1251 1880 1344 1940 nelle
1376 1878 1471 1960 quali

188 2006 297 2049 erano
316 1986 446 2049 cascati
463 2006 529 2067 per
544 2005 614 2047 non
631 1985 778 2047 obedIre
795 1985 854 2047 alli
877 1984 1135 2065 exequutoriali
1152 1985 1197 2047 de
1218 1984 1240 2047 l’
1254 1985 1471 2062 adversario,
1518 2056 1521 2064 1

188 2114 301 2156 sonno
326 2094 385 2175 gia
410 2093 509 2176 quasi
534 2091 694 2174 expediti
718 2112 783 2173 per
807 2113 917 2174 opera
938 2093 974 2154 di
992 2091 1203 2172 Monsignor
1218 2088 1339 2153 Sancti
1365 2093 1471 2171 Quat·

188 2211 243 2263 tro
278 2210 313 2263 et
344 2210 465 2263 nostra
497 2200 766 2269 intercessione:
797 2220 836 2262 se
867 2199 896 2260 si
922 2209 1097 2281 potranno
1122 2200 1254 2261 havere
1279 2198 1307 2261 si
1331 2198 1471 2261 mande-

188 2327 300 2370 ranno
326 2328 392 2370 con
418 2317 557 2390 questa;
583 2305 656 2369 cosi
682 2327 751 2368 uno
776 2309 887 2368 breve
911 2305 945 2367 in
971 2305 1097 2368 favore
1121 2306 1156 2367 di
1181 2305 1318 2368 Messer
1335 2305 1471 2368 Levino

188 2436 253 2496 per
283 2416 307 2477 il
339 2417 420 2496 qual
453 2414 480 2476 si
514 2415 721 2476 commanda
745 2435 767 2476 a
791 2414 872 2493 quel
897 2412 1053 2494 capitulo
1078 2414 1143 2475 che
1167 2412 1191 2474 li
1213 2412 1414 2475 restituisca
1438 2415 1472 2475 la

188 2520 413 2602 possessione
445 2521 540 2582 della
567 2521 808 2601 prepositura,
842 2528 877 2580 et
902 2539 923 2580 a
948 2529 1037 2581 tutte
1063 2521 1095 2581 le
1120 2521 1209 2581 altre
1234 2540 1315 2581 cose
1341 2520 1472 2601 scripte

188 2648 252 2709 per
285 2628 308 2689 il
336 2627 627 2706 Prothonotari0,
661 2637 696 2688 et
728 2647 793 2707 per
825 2625 882 2688 voi
915 2626 944 2687 si
974 2625 1127 2707 pigliara
1155 2627 1304 2708 qualche
1338 2638 1471 2689 assetto

188 2736 320 2816 purche
353 2755 419 2796 con
454 2736 604 2816 qualche
636 2735 784 2796 honesta
818 2733 846 2794 si
880 2752 997 2814 possa.
1046 2733 1091 2795 Vi
1123 2732 1153 2796 si
1179 2736 1308 2795 manda
1333 2733 1471 2796 XVIII.

188 2843 284 2904 bolle
308 2850 484 2923 stampate
509 2851 634 2903 contra
659 2841 808 2920 Luther,
842 2840 871 2901 si
896 2861 996 2902 corne
1020 2840 1191 2903 ricercate
1216 2853 1252 2903 et
1280 2843 1325 2902 ad
1356 2842 1472 2922 questi

188 2948 303 3028 giorni
327 2947 363 3009 vi
386 2947 417 3010 si
434 2949 451 3009 ὲ
469 2948 637 3009 mandato
661 2949 773 3010 anche
798 2967 844 3008 un
868 2947 959 3010 libro
984 2947 1019 3009 di
1043 2947 1154 3010 fratre
1171 2948 1372 3011 Ambrosio.
1410 2951 1471 3011 Se-

188 3055 324 3137 guitate
348 3055 625 3118 animosamente
650 3064 685 3116 et
709 3066 859 3136 pregate
884 3053 907 3115 il
933 3054 1158 3127 Confessam,
1183 3054 1407 3129 Armestorff‚
1436 3066 1472 3118 et

188 3163 211 3224 li
246 3162 326 3224 altri
357 3163 422 3224 che
453 3161 585 3225 aiutino
618 3163 651 3223 la
685 3181 791 3223 causa
824 3181 974 3223 comune
1008 3163 1073 3224 che
1108 3162 1237 3224 Nostro
1272 3160 1426 3242 Signore
1451 3185 1472 3226 a

188 3269 269 3332 tutti
294 3271 389 3352 dopo
406 3269 476 3331 Dio
500 3268 580 3332 sara
605 3268 806 3349 gratissimo
832 3279 867 3330 et
892 3268 1148 3330 communicate
1165 3269 1190 3330 il
1206 3277 1296 3330 tutto
1315 3271 1370 3331 col
1388 3270 1471 3331 Pro·

188 3376 390 3439 thonotario
414 3376 569 3438 vivendo
594 3375 905 3457 congiuntamente
931 3396 1030 3438 come
1055 3375 1139 3438 fate.

278 3484 330 3546 La
354 3504 438 3546 cosa
462 3484 520 3546 del
536 3483 693 3544 Doctore
709 3482 884 3565 Capitone
909 3483 938 3545 si
963 3483 1055 3545 saria
1080 3483 1249 3564 expedita
1274 3484 1325 3546 sel
1347 3504 1471 3566 procu·

189 3600 307 3652 ratore
332 3609 395 3651 suo
420 3589 516 3652 fusse
540 3599 633 3652 stato
658 3595 734 3670 qul,
766 3600 801 3651 et
825 3591 908 3671 quel
933 3590 968 3652 di
992 3590 1203 3670 Maguntino
1227 3592 1273 3652 ha
1297 3590 1393 3653 facto
1418 3613 1470 3653 so-

188 3698 391 3778 prasedere,
417 3706 452 3759 et
477 3696 555 3758 dice
580 3698 723 3777 quando
748 3697 828 3759 sara
851 3708 971 3778 tempo
989 3696 1206 3759 domandera
1222 3699 1256 3759 la
1271 3697 1471 3779 speditione

190 3806 254 3866 che
279 3814 377 3867 certo
402 3806 447 3866 da
471 3804 520 3866 lui
544 3814 579 3866 et
603 3805 662 3866 dal
687 3805 781 3866 dicto
807 3805 1043 3867 Procuratore
1068 3806 1086 3867 ὲ
1111 3814 1263 3883 restato,
1297 3806 1342 3866 da
1375 3807 1471 3886 quali

190 3912 218 3974 si
242 3912 416 3974 chiedeva
438 3913 473 3973 la
497 3910 757 3992 supplicatione
782 3910 968 3992 origInale,
993 3931 1050 3972 ma
1075 3910 1159 3992 ogni
1184 3913 1288 3973 modo
1314 3911 1342 3971 si
1364 3931 1470 3992 expe-

190 4018 266 4080 dira
290 4039 311 4080 a
335 4029 419 4080 voto
444 4039 507 4081 suo
532 4017 605 4081 cosi
630 4040 737 4100 sopra
762 4019 797 4080 di
822 4017 880 4079 noi
905 4018 929 4079 li
955 4016 1131 4097 affirmati,
1156 4028 1191 4080 et
1215 4020 1249 4080 la
1269 4037 1375 4079 causa
1391 4038 1469 4099 pro·

189 4124 273 4188 fana
305 4124 446 4188 omniuo
478 4125 507 4187 si
540 4127 728 4188 remetter'a
762 4127 808 4187 ad
839 4135 960 4206 partes
994 4147 1092 4188 corne
1117 4135 1192 4188 sete
1218 4136 1311 4188 stato
1335 4126 1471 4189 chiesto

189 4232 255 4293 che
280 4233 356 4293 solo
381 4231 411 4293 si
435 4252 537 4294 cerea
561 4236 619 4313 qul
644 4231 668 4293 il
691 4244 923 4312 procuratore
948 4234 1042 4295 della
1066 4254 1182 4295 causa.
1223 4233 1267 4294 Vi
1292 4233 1320 4294 si
1341 4235 1472 4296 manda

188 4340 223 4399 la
247 4338 506 4418 supplicatione
531 4339 587 4400 col
622 4357 798 4400 consenso
822 4338 858 4401 in
882 4339 1006 4402 favore
1032 4343 1089 4403 del
1107 4340 1331 4420 Armestorff,
1356 4352 1391 4403 et
1412 4342 1470 4404 dui

189 4445 289 4507 brevi
321 4466 386 4526 per
417 4455 522 4507 conto
554 4466 635 4523 suu,
670 4457 704 4509 et
728 4447 753 4507 il
777 4455 871 4508 terzo
897 4445 932 4507 in
956 4445 1081 4510 favore
1107 4449 1190 4511 dicti
1215 4447 1338 4511 Levini
1364 4468 1472 4529 super

189 4552 451 4632 possessionem
466 4553 726 4634 prepositurae,
752 4554 784 4615 le
800 4555 890 4616 altre
906 4553 1137 4618 instructione
1162 4568 1196 4618 et
1221 4577 1303 4618 cose
1328 4554 1356 4616 si
1376 4576 1470 4617 man·

190 4660 348 4720 deranno
374 4661 429 4722 col
453 4659 582 4740 primo,
615 4680 672 4721 ma
697 4660 754 4722 voi
779 4681 850 4722 non
875 4660 1023 4743 pigliate
1047 4664 1135 4744 perh
1159 4663 1244 4744 ogni
1269 4673 1370 4742 gatta
1394 4684 1470 4745 per-

190 4766 254 4827 che
286 4776 375 4829 tutte
408 4769 442 4829 le
467 4788 548 4829 cose
573 4766 620 4829 fin
644 4771 703 4849 qul
729 4770 894 4831 mandate
920 4790 1028 4832 erano
1053 4771 1154 4851 quasi
1177 4771 1257 4833 tutti
1283 4770 1411 4833 inluste
1436 4780 1472 4834 et
