3330 5580
793 442 1040 508 boliten

277 597 403 684 parati,
428 617 473 665 ne
498 593 576 684 quis
600 611 721 685 posset
746 621 784 664 se
808 621 981 665 excusare
1007 611 1041 666 et
1066 598 1145 665 chel
1171 596 1389 666 dimostrava
1418 608 1477 666 tre
1503 596 1575 683 vie,

276 712 358 772 luna
383 712 427 773 ad
457 710 690 792 Hungariam,
715 711 817 771 laltra
842 710 888 771 ad
912 710 1141 789 Moldaviam‚
1166 719 1202 772 et
1226 713 1260 772 la
1283 721 1382 773 terza
1414 713 1486 774 che
1512 732 1573 775 vo·

277 819 357 879 leva
382 817 529 880 obviare
554 816 652 898 Regi
681 815 882 898 Gallorum,
913 820 995 898 qual
1029 818 1204 881 dicevano
1235 820 1301 881 che
1334 818 1469 882 veniva
1506 840 1575 903 per

278 944 375 986 mare
400 944 504 986 verso
529 923 849 1005 Constantinopoli.

366 1028 490 1093 Ser-ive
515 1031 649 1093 anchor
673 1032 739 1093 che
763 1050 852 1093 sono
876 1030 981 1112 pochi
1007 1028 1142 1112 giomi,
1167 1032 1233 1093 che
1258 1032 1371 1094 sendo
1396 1032 1422 1095 il
1448 1033 1572 1096 Turco

275 1138 378 1200 fuora
409 1138 444 1200 in
476 1137 682 1219 Campagna
714 1136 748 1199 in
785 1152 882 1199 certo
910 1138 1044 1219 luogho
1074 1137 1173 1199 detto
1206 1137 1375 1218 Zampola
1404 1159 1426 1201 a
1461 1160 1572 1203 cazza

274 1247 341 1306 che
366 1245 394 1306 si
419 1246 500 1306 levo
524 1265 595 1306 una
619 1245 778 1326 procella
803 1244 847 1306 de
872 1264 917 1306 un
943 1255 1063 1323 tempo
1094 1263 1161 1306 con
1186 1245 1354 1327 pioggia‚
1385 1260 1502 1311 vento
1532 1261 1571 1311 et

276 1363 453 1432 tempesta
478 1351 543 1412 che
568 1354 689 1412 amezo
724 1370 792 1412 una
818 1369 906 1430 gran
933 1350 1154 1413 moltitudine
1187 1353 1233 1414 de
1266 1352 1400 1415 homini
1430 1363 1469 1415 et
1500 1375 1569 1417 con

274 1458 511 1537 grandissimo
538 1458 707 1538 pericu10,
732 1457 804 1538 egli
829 1457 964 1538 scappo
989 1476 1096 1538 sopra
1112 1477 1157 1520 un
1175 1462 1313 1522 cavallo
1330 1479 1438 1522 sanza
1466 1463 1568 1537 sella,

276 1577 310 1626 et
335 1566 414 1627 chel
440 1576 612 1645 seguente
637 1564 764 1645 giorno
789 1564 927 1625 chiamo
960 1563 984 1625 li
1015 1563 1093 1625 suoi
1124 1565 1290 1647 hochiJak
1322 1567 1383 1629 zoe
1408 1568 1507 1648 preti
1531 1579 1569 1630 et

277 1671 298 1734 li
325 1672 492 1734 dimando
518 1671 600 1752 quid
626 1671 786 1733 dicerent
811 1672 854 1731 de
879 1671 1080 1733 huiusmodi
1103 1683 1326 1755 tempestate,
1351 1686 1389 1736 et
1412 1676 1483 1737 che
1504 1676 1567 1738 ris·

276 1800 406 1860 posero
431 1781 510 1840 chel
534 1779 798 1840 mancharebbe
823 1778 844 1839 il
878 1798 941 1840 suo
973 1778 1121 1860 imperio
1151 1781 1283 1861 perche
1315 1782 1349 1844 le
1379 1801 1496 1864 opere
1529 1794 1567 1844 et

276 1886 350 1948 vita
374 1907 437 1948 soa
461 1905 570 1948 erano
595 1895 719 1947 contra
744 1885 812 1947 Dio

365 2099 496 2162 Vostra
520 2097 688 2180 Signoria
711 2099 844 2161 vedera
873 2119 938 2181 per
971 2120 1041 2161 una
1071 2099 1175 2181 copia
1204 2101 1249 2162 de
1279 2121 1348 2163 una
1372 2101 1565 2165 lettra·del

275 2206 416 2285 Cocle0,
435 2227 534 2269 come
560 2226 677 2269 vanno
701 2208 735 2269 le
759 2227 842 2269 cose
866 2206 901 2268 in
927 2206 1160 2269 Francfordia
1184 2218 1220 2268 et
1244 2206 1443 2288 Maguntia.
1495 2209 1564 2271 Dio

274 2314 323 2394 gli
356 2324 465 2375 metta
497 2316 530 2375 la
563 2334 667 2376 mano
692 2316 758 2376 che
782 2314 875 2376 vedo
900 2313 985 2394 ogni
1018 2333 1102 2375 cosa
1132 2315 1266 2375 andare
1299 2313 1334 2376 in
1368 2315 1566 2397 pricipitio,

274 2440 341 2501 pur
364 2440 469 2500 spero
494 2421 559 2481 che
584 2420 691 2501 quelli
718 2419 875 2500 Principi
900 2420 928 2481 si
952 2419 1225 2501 svegliarannO,
1257 2430 1292 2483 et
1316 2420 1374 2503 gia
1400 2421 1564 2500 intendo,

274 2530 353 2590 chel
378 2529 479 2589 Duca
504 2526 653 2609 Giorgio
679 2525 714 2588 di
739 2526 909 2606 Somnia,
927 2526 1157 2607 l.antgravi0,
1183 2537 1218 2589 et
1235 2526 1257 2589 il
1274 2538 1378 2590 conte
1394 2528 1564 2592 Palatino

276 2646 311 2698 et
335 2635 432 2697 molti
458 2634 536 2696 altri
563 2654 650 2695 sono
675 2634 791 2696 stretti
810 2646 845 2695 et
862 2633 943 2696 forti
963 2633 1108 2696 insieme
1126 2653 1191 2714 per
1207 2635 1345 2716 castigo
1363 2635 1408 2697 de
1425 2636 1563 2715 villani,

274 2755 309 2804 et
334 2744 400 2804 che
425 2743 469 2803 de
495 2741 602 2821 quelli
627 2743 746 2802 hanno
771 2740 981 2802 tumultuato
1011 2739 1046 2802 in
1071 2739 1187 2802 Misna
1203 2760 1246 2803 ne
1267 2743 1383 2803 hanno
1408 2744 1562 2806 amazati

274 2853 318 2912 da
343 2848 503 2911 ottomila
547 2893 1561 2914 ...................

364 3063 466 3126 Circa
486 3064 523 3124 la
548 3082 632 3124 cosa
664 3061 849 3144 prutenica
873 3060 1006 3123 Vostra
1036 3059 1204 3143 Signoria
1234 3080 1299 3142 per
1330 3061 1466 3124 lultime
1499 3065 1560 3127 ha·

274 3170 358 3233 vera
394 3170 508 3232 inteso
543 3179 673 3250 quanto
711 3168 743 3229 di
783 3167 931 3230 Polonia
966 3167 995 3229 si
1031 3169 1123 3230 have
1160 3187 1225 3249 per
1257 3169 1491 3234 excusatione
1524 3173 1560 3233 di

277 3279 394 3359 quello
419 3287 714 3359 appuntamento,
750 3286 785 3337 et
819 3277 854 3337 la
885 3274 1040 3357 risposta
1064 3273 1154 3337 satta
1179 3295 1243 3357 per
1267 3274 1290 3336 il
1316 3276 1560 3340 Reverendis-

274 3385 361 3448 simo
397 3383 641 3465 Santiquattro
678 3382 697 3446 ὲ
734 3385 841 3445 molto
877 3383 1053 3464 prudente
1088 3393 1123 3444 et
1152 3382 1284 3464 perche
1317 3383 1352 3444 in
1382 3385 1505 3464 quella
1529 3386 1560 3448 si

274 3492 486 3553 desiderano
525 3493 559 3553 le
599 3490 739 3572 cagioni
781 3490 846 3552 che
885 3492 932 3552 ha
963 3509 1080 3552 mosso
1113 3491 1231 3570 quella
1262 3489 1398 3552 Maesta
1432 3511 1452 3552 a
1486 3494 1560 3555 tale

274 3597 397 3660 effetto
422 3610 457 3659 et
482 3617 548 3660 con
574 3599 607 3659 le
631 3600 730 3659 dette
753 3598 859 3659 lettre
883 3606 974 3659 tutto
999 3597 1028 3658 si
1053 3617 1113 3658 era
1137 3598 1262 3674 inteso,
1287 3596 1310 3658 il
1343 3595 1487 3660 Barone
1524 3610 1561 3660 et

273 3705 307 3767 io
332 3704 522 3767 habbiamo
548 3715 697 3786 pensato
723 3704 787 3765 che
813 3703 865 3765 sia
893 3705 1013 3765 buono
1047 3712 1236 3784 expettare
1268 3703 1358 3765 altro
1388 3703 1489 3766 aviso
1522 3706 1558 3768 di

273 3811 371 3874 costa
396 3831 466 3873 non
491 3810 519 3871 si
544 3812 702 3892 potendo
727 3830 791 3893 per
814 3811 902 3872 hora
926 3809 981 3870 dir
997 3810 1056 3890 pin
1074 3809 1110 3871 di
1126 3809 1244 3890 quello
1269 3811 1335 3871 che
1356 3811 1402 3872 ha
1430 3809 1557 3873 scritto

182 3959 192 3979 .
274 3918 346 3981 Sua
372 3917 539 4002 Signoria
563 3918 880 3980 Reverendissima
905 3928 939 3979 et
965 3916 1075 3979 ilfar
1106 3916 1314 3997 riprendere
1349 3915 1409 3997 piri
1436 3920 1557 3998 quella

276 4046 359 4088 cosa
383 4026 444 4107 gia
468 4027 634 4088 conclusa
660 4045 730 4086 non
755 4045 841 4105 pare
866 4024 931 4086 che
947 4044 1054 4105 possa
1071 4024 1180 4085 molto
1196 4022 1359 4105 giovare;
1385 4021 1414 4085 si
1432 4037 1554 4106 expet-

272 4133 347 4196 tera
372 4154 436 4214 per
460 4131 484 4194 il
509 4133 651 4194 Barone
677 4133 766 4194 altra
790 4131 1036 4193 commissione
1061 4130 1106 4192 da
1131 4127 1205 4191 Sua
1228 4126 1388 4207 Santita‚
1412 4131 1474 4193 alli
1499 4132 1555 4194 cui

272 4238 469 4302 Santissimi
495 4239 592 4321 piedi
629 4237 820 4300 humillime
857 4237 902 4300 mi
938 4238 1194 4317 raccomand0‚
1227 4246 1262 4298 et
1291 4256 1312 4298 a
1335 4236 1470 4301 Vostra
1502 4237 1552 4303 Si·

271 4347 398 4428 gnoria
422 4349 587 4427 anchora,
612 4367 704 4427 quae
728 4345 815 4409 felix
842 4347 969 4411 valeat.

362 4455 485 4515 Budae
510 4452 643 4533 Quinta
666 4453 761 4532 Junii
785 4452 986 4517 MDXXV.

849 4579 895 4626 Uti
915 4579 995 4626 irater
1013 4577 1137 4627 Dedit'll'
1158 4575 1187 4638 1«.
1207 4573 1287 4636 offl-
1306 4572 1447 4648 (immi.
