3330 5580
789 811 865 875 229.

635 935 808 1016 Roianus
836 934 1008 1017 Sadoloto.

623 1090 741 1160 (varior.
762 1091 799 1150 ad
817 1091 899 1151 (llam
919 1091 956 1150 u
974 1093 1029 1163 40.)

702 1219 758 1285 (11.
776 1219 843 1285 Julii
866 1217 953 1288 1525.)

275 1360 354 1423 Non
379 1362 425 1422 ho
450 1362 483 1423 al
508 1373 676 1441 presente
701 1363 791 1424 altro
816 1363 881 1424 che
906 1363 1042 1424 scriver
1062 1382 1084 1425 a
1103 1361 1147 1424 V.
1173 1359 1209 1427 S.
1234 1344 1313 1424 ΒΜ
1335 1382 1376 1424 se
1402 1383 1476 1426 non

186 1469 252 1528 che
278 1467 298 1528 'l
324 1467 489 1549 Principe
523 1470 540 1530 ὲ
570 1472 679 1531 molto
713 1469 902 1531 sollicitato
935 1489 956 1531 a
989 1469 1102 1551 partir
1134 1489 1200 1551 per
1223 1467 1405 1550 Coupaier
1439 1484 1477 1533 et

188 1573 292 1634 vorra
326 1574 437 1654 partir
470 1596 491 1636 a
524 1575 549 1637 li
583 1575 692 1650 XIV;
728 1596 796 1657 pur
819 1596 931 1658 penso
967 1575 1102 1638 restara
1133 1575 1205 1639 fino
1239 1595 1260 1637 a
1293 1575 1318 1638 li
1348 1575 1476 1638 XVII.

189 1680 298 1741 Lassa
322 1681 382 1760 qui
395 1692 522 1761 quatro
547 1703 612 1763 per
636 1703 739 1746 nome
763 1703 827 1745 suo
852 1703 872 1745 e
896 1684 920 1746 li
944 1683 1055 1746 nobili
1072 1694 1164 1764 octo,
1190 1684 1234 1745 de
1250 1682 1360 1744 vilani
1380 1682 1477 1746 XVI

186 1786 210 1846 li
242 1787 335 1867 quali
368 1788 550 1850 habbiano
582 1810 603 1851 a
633 1797 765 1851 tractar
795 1788 941 1852 insieme
972 1791 1007 1852 la
1031 1789 1236 1851 conclusion
1267 1790 1312 1852 de
1344 1801 1478 1870 questa

187 1893 300 1966 dieta;
337 1904 372 1957 et
411 1897 565 1958 secondo
598 1906 806 1959 tractavano
838 1898 904 1958 che
935 1895 1090 1959 habiano
1127 1896 1192 1958 dar
1222 1895 1324 1958 aviso
1354 1916 1378 1958 a
1411 1918 1478 1960 sua

187 2001 351 2063 serenita.
398 2002 457 2064 Me
482 2023 668 2065 teneresce
700 2006 809 2066 molto
840 2005 904 2065 che
929 2006 964 2065 la
988 2003 1119 2086 partita
1143 2002 1195 2065 sia
1227 2023 1334 2066 senza
1358 2005 1478 2068 havet

187 2107 282 2168 facto
307 2108 421 2189 prima
445 2111 672 2174 conclusione
697 2132 716 2174 e
741 2111 864 2173 dubito
896 2113 1004 2173 molto
1029 2111 1075 2173 de
1100 2112 1249 2192 qualche
1277 2132 1368 2193 gran
1396 2113 1476 2175 des·

187 2215 319 2276 ordene
351 2215 385 2277 in
411 2218 573 2279 absentia
604 2219 649 2280 de
674 2218 747 2280 Sua
772 2216 877 2282 Ser&
925 2219 997 2280 Pur
1027 2238 1098 2281 non
1123 2218 1152 2279 si
1177 2219 1222 2280 ha
1253 2230 1405 2299 possuto
1431 2220 1477 2282 11ὲ

187 2320 216 2381 si
240 2323 323 2403 pole
347 2321 402 2383 far
426 2324 648 2402 altramente,
673 2327 739 2387 che
756 2327 869 2387 anche
894 2325 917 2387 il
935 2344 1129 2406 componet
1144 2323 1241 2405 degli
1260 2325 1478 2403 Algoviensi

187 2428 296 2489 molto
320 2428 482 2509 importa.
529 2430 568 2492 [n
593 2431 797 2514 Hinspruch
822 2432 880 2494 die
905 2431 962 2493 XI
985 2431 1068 2509 Julii
1092 2431 1292 2509 MDXXV.

790 2944 856 3008 230

388 3068 638 3149 Perdinandus
665 3069 770 3149 Areh.
799 3070 967 3149 lustriae
996 3070 1167 3151 Clementi
1195 3071 1273 3152 VII.

604 3227 726 3295 (almar.
744 3226 793 3284 ΣΙ.
812 3226 888 3301 daps.
907 3226 930 3285 t
948 3227 983 3285 ll.
1002 3228 1056 3297 at)

703 3353 761 3423 (11.
779 3355 847 3421 Julii
869 3360 955 3418 1525.)

278 3485 508 3550 Sanctissime
532 3508 584 3550 ac·
598 3488 809 3551 Beatissime
832 3488 867 3551 in
889 3487 1029 3552 Christo
1046 3490 1155 3552 Pater
1179 3499 1214 3550 et
1229 3488 1383 3552 Domine
1399 3511 1477 3555 ecc.

278 3593 482 3657 Subsidium
515 3595 774 3677 descriptorum
803 3596 931 3679 viginti
956 3596 1104 3659 Millium
1135 3615 1339 3675 aureorum,
1376 3600 1476 3678 quod

188 3676 379 3765 Beatitudo
405 3702 535 3765 Vestra
568 3723 633 3784 pro
665 3724 728 3766 suo
759 3703 795 3765 in
821 3703 894 3766 Nos
925 3714 1076 3784 paterno
1100 3722 1219 3765 amore
1249 3703 1476 3768 adiuvandas

190 3810 363 3871 maximas
388 3809 630 3889 necessitates,
656 3811 700 3872 de
725 3811 851 3890 quibus
877 3822 949 3872 tum
967 3811 1234 3890 admonebatur,
1258 3809 1315 3871 bic
1332 3812 1474 3875 solven-

189 3919 271 3978 dum
297 3915 526 3977 demandavit
551 3925 586 3977 et
609 3925 736 3996 postea
754 3917 892 3978 Romae
908 3936 972 3996 per
990 3936 1066 3978 eam
1087 3915 1306 3978 reddendum
1323 3920 1475 3999 recepit,

188 4042 253 4085 nec
279 4024 360 4084 dum
385 4024 537 4085 solutum
562 4034 624 4086 est.
673 4023 760 4085 Cum
784 4033 901 4086 autem
926 4043 991 4105 pro
1016 4022 1070 4084 his
1090 4022 1323 4105 popularibus
1347 4029 1473 4088 tumul·

187 4130 281 4191 tibus
312 4130 652 4211 tempestatibusque
689 4130 856 4192 sedandis
887 4130 1204 4212 tranquillitatique
1242 4129 1474 4195 restituendis

187 4239 296 4299 multo
322 4236 475 4299 maxima
499 4257 520 4298 a
543 4257 599 4299 me
624 4247 773 4319 erogata
796 4237 841 4300 sit
864 4237 1095 4318 pecuniarum
1119 4256 1268 4315 summa,
1301 4257 1473 4320 cumpro

188 4342 366 4404 ordinario
391 4342 514 4423 Milite,
539 4364 644 4425 quem
669 4343 813 4406 Svevici
838 4343 994 4406 foederis
1018 4338 1174 4423 ratione,
1198 4353 1272 4405 tum
1296 4345 1472 4426 peculiari

188 4470 266 4511 meo
292 4452 451 4511 exercitu
468 4453 710 4530 sustentando,
736 4471 838 4532 quem
859 4451 893 4513 in
911 4450 1089 4532 equitibus
1105 4449 1246 4513 circiter
1262 4451 1343 4512 Duo
1359 4450 1472 4533 Mille,

188 4567 224 4619 et
249 4557 433 4619 Peditibus
458 4557 598 4621 circiter
622 4571 703 4621 octo
728 4559 822 4621 mille
847 4558 971 4637 Viros,
1003 4557 1134 4620 fiducia
1159 4557 1343 4639 prestandi
1367 4557 1472 4622 huius

188 4663 240 4725 sui
284 4664 432 4726 subsidii
481 4668 714 4747 collegeram,
760 4678 795 4729 et
831 4686 923 4728 nunc
965 4675 1144 4738 sustento;
1185 4684 1299 4746 neque
1343 4664 1471 4728 minori

188 4781 328 4851 sumptu
354 4772 494 4852 privata
520 4774 596 4836 Res
621 4794 719 4854 mea,
744 4793 835 4855 quae
860 4772 1031 4853 proximis
1055 4772 1109 4834 his
1133 4771 1259 4834 diebus
1282 4774 1350 4834 hoc
1375 4772 1472 4853 cepit
