3330 5580
703 458 761 511 (ΗΒ
801 458 853 511 130
892 455 950 508 θῇ)

187 611 361 680 constare,
387 622 465 662 nam
492 621 557 663 nec
582 610 722 682 tempus
745 603 853 663 ullum
871 599 1115 682 opportunius,
1140 619 1206 661 nec
1223 618 1332 661 causa
1348 597 1476 660 iustior

188 728 341 788 unquam
365 707 431 770 fuit
455 708 637 789 ingenium
662 719 768 789 atque
794 707 991 770 doctrinam
1008 706 1124 789 impiis
1144 704 1346 768 hominibus
1361 725 1472 789 oppo-

189 815 313 887 nendi;
345 835 410 877 nec
444 835 530 877 vero
564 814 747 896 quisquam
779 814 857 896 ipso
890 815 972 895 te¹),
1005 822 1044 875 ut
1073 821 1232 876 nostrum
1262 822 1317 876 est
1340 814 1387 876 de
1411 821 1476 875 tua

188 922 386 984 eruditione
421 921 608 1000 iudicium,
643 924 688 983 ad
723 932 795 983 tam
833 920 1012 983 laudabile
1049 940 1138 1001 opus
1173 920 1292 1001 aptior
1326 920 1361 983 in
1400 940 1474 1001 quo

188 1031 349 1092 elaborat
373 1029 515 1110 quidem
540 1039 575 1091 et
600 1032 827 1092 elaborarunt
851 1027 1031 1110 permulti,
1065 1047 1200 1090 summa
1224 1047 1304 1090 cum
1327 1026 1474 1108 pietatis

189 1144 224 1199 et
248 1135 417 1199 scientiae
442 1136 553 1216 sama,
584 1137 647 1199 sed
672 1145 707 1198 et
730 1136 869 1199 illorum
895 1138 1004 1198 corda
1028 1134 1159 1196 direxit
1182 1133 1280 1196 Deus
1305 1143 1341 1195 et
1366 1135 1411 1195 de
1436 1142 1474 1196 te

189 1252 270 1305 tuae
308 1243 518 1325 prudentiae
554 1242 829 1324 permittendum
866 1245 958 1322 estt).
1006 1241 1081 1303 Nos
1113 1242 1159 1303 ad
1193 1243 1326 1324 probra
1358 1250 1394 1303 et
1425 1243 1473 1302 ad

188 1350 419 1412 contumelias
447 1350 696 1412 seditiosorum
719 1349 898 1411 hominum
923 1348 1043 1410 divina
1068 1368 1136 1429 ope
1162 1357 1197 1410 et
1220 1348 1394 1430 patientia
1419 1369 1472 1411 ar·

189 1458 283 1539 mati,
307 1457 394 1519 illud
419 1457 531 1539 magis
556 1459 704 1519 moleste
728 1456 873 1519 ferimus
895 1458 989 1536 quod
1007 1474 1084 1517 cum
1100 1455 1241 1518 zizaniis
1256 1476 1326 1518 non
1344 1476 1473 1536 parum

189 1568 304 1627 bonae
336 1565 469 1646 segetis
500 1563 751 1646 corrumpitur,
783 1564 966 1645 omnisque
999 1567 1043 1625 de
1068 1582 1181 1645 grege
1205 1563 1309 1626 nobis
1332 1562 1472 1625 credito

189 1672 324 1735 iactura
348 1671 502 1734 animum
527 1681 685 1735 nostrum
709 1671 932 1733 solicitudine
956 1669 1083 1742 afficit;
1117 1670 1176 1751 qui
1201 1669 1323 1751 enimt)
1348 1690 1472 1750 possu-

190 1800 265 1840 mus
297 1799 368 1841 non
403 1780 524 1842 dolere
550 1779 761 1841 detrimento
786 1781 958 1840 bonarum
983 1777 1151 1839 mentium
1183 1797 1274 1858 quae
1302 1779 1473 1839 labuntur

187 1886 222 1947 in
259 1906 432 1967 errorem,
468 1906 547 1948 cum
580 1885 669 1948 istos
705 1884 802 1967 ipsos
839 1882 969 1947 erroris
1005 1895 1040 1945 et
1079 1884 1270 1966 impietatis
1304 1894 1472 1946 auctores

188 1996 307 2056 salvos
342 2014 420 2055 esse
445 1994 653 2075 cupiamus?
701 1991 774 2055 Sed
799 2012 914 2073 neque
939 1992 1053 2054 deerit
1077 1991 1179 2054 nobis
1202 1991 1319 2071 Deus,
1354 2012 1473 2073 neque

189 2100 262 2162 Nos
287 2100 422 2163 numeri
446 2111 553 2183 atque
578 2100 697 2164 officio
723 2110 844 2163 nostro
869 2121 989 2162 sumus
1015 2099 1178 2162 defuturi.
1222 2099 1325 2179 Quod
1351 2109 1473 2162 autern

188 2207 232 2269 ad
258 2206 392 2270 litteras
417 2218 495 2271 tuas
517 2208 653 2287 attinet,
678 2229 753 2289 nos,
779 2219 814 2269 et
832 2208 876 2269 de
901 2218 960 2269 tua
981 2207 1114 2288 optima
1134 2208 1317 2269 voluntate
1335 2217 1474 2269 certum

189 2314 257 2375 iam
289 2316 479 2395 habemus,
514 2327 549 2377 et
573 2325 670 2378 tuum
695 2317 886 2378 adventum
910 2315 944 2377 in
969 2316 1061 2378 hanc
1085 2317 1208 2377 urbem
1234 2315 1474 2394 quandocum-

189 2440 257 2500 que
282 2421 311 2483 is
335 2421 441 2484 fuerit
464 2425 558 2485 laete
584 2433 618 2484 et
641 2434 826 2505 gratanter
850 2444 967 2486 sumus
992 2422 1182 2503 accepturi.

278 2530 408 2591 Datum
432 2530 572 2592 Romae
598 2530 699 2592 XVI.
725 2530 883 2610 Januarii
909 2529 1079 2592 nloxxl
1106 2530 1211 2591 Anno
1237 2539 1374 2590 octavo.

1091 2653 1130 2714 lo.
1149 2652 1310 2715 sanantur.

804 3048 856 3114 54.

522 3173 731 3253 lleander
764 3172 1135 3253 vicecancellario.

584 3310 755 3381 (lluntlat.
775 3310 929 3370 German
948 3310 978 3368 t.
998 3311 1078 3383 tto.)

696 3420 749 3490 (19.
768 3424 859 3472 Martii
882 3421 970 3488 1521.)

278 3556 343 3618 Poi
376 3559 440 3618 che
472 3559 519 3618 ha
550 3557 706 3638 piaciuto
738 3554 812 3619 cosi
835 3578 856 3618 a
882 3555 990 3618 Cesar
1015 3578 1080 3639 per
1103 3557 1251 3619 consilio
1276 3556 1312 3617 di
1336 3557 1413 3619 suoi
1439 3569 1477 3620 et

189 3662 391 3743 complacer
414 3685 436 3724 a
460 3662 575 3745 questi
600 3663 758 3744 Principi
784 3673 818 3726 et
835 3683 900 3744 per
916 3663 1139 3745 pacification
1158 3664 1193 3724 di
1209 3663 1332 3745 populi
1356 3662 1475 3750 (come

190 3772 267 3832 loro
292 3767 435 3856 dieono)
460 3772 606 3833 mandar
630 3791 652 3833 a
676 3770 832 3833 chiamar
856 3770 1011 3832 Martino
1037 3780 1073 3833 et
1096 3791 1161 3851 per
1185 3771 1353 3852 pubblico
1379 3792 1473 3834 man·

190 3878 274 3938 dato
305 3876 361 3938 far
385 3888 588 3958 sequestrar
612 3877 693 3940 tutti
718 3877 741 3938 li
766 3876 845 3939 libri
871 3879 928 3939 del
954 3879 1051 3939 detto
1076 3879 1121 3939 ad
1147 3877 1314 3940 instantia
1338 3877 1374 3940 di
1399 3877 1476 3941 Sua

189 3983 329 4047 Maesta
352 3984 423 4047 fino
448 3987 514 4048 che
539 3987 630 4048 altro
655 3984 864 4063 commandi,
889 3984 984 4046 homi
1008 3985 1163 4047 sforzato
1180 3987 1319 4047 almeno
1336 3984 1391 4046 far
1406 3986 1475 4048 che

190 4095 223 4154 el
258 4093 426 4153 mandato
463 4091 505 4154 sii
541 4091 576 4153 di
611 4095 729 4155 buona
765 4101 862 4153 sorte
898 4101 934 4153 et
967 4093 1000 4153 al
1035 4091 1221 4173 proposito
1253 4093 1347 4154 della
1379 4091 1473 4154 Sede

190 4198 421 4280 Apostolica‚
446 4210 569 4261 sevato
594 4219 734 4279 sempre
758 4197 779 4260 l’
796 4201 909 4260 honor
934 4206 970 4261 et
993 4198 1162 4260 auttorita
1187 4198 1222 4260 di
1248 4198 1289 4260 N.
1317 4197 1350 4260 S.
1376 4207 1412 4260 et
1436 4197 1471 4260 in

191 4314 317 4388 questo
341 4305 480 4369 Messer
504 4305 631 4368 Nicolb
656 4303 796 4368 Sichler
820 4304 1012 4367 secretario
1044 4304 1079 4367 di
1104 4307 1236 4387 longua
1267 4304 1473 4386 germanica

223 4527 242 4599 ¹)
262 4532 401 4579 Laemmer
419 4530 497 4591 legit:
517 4536 633 4591 tempore
650 4530 699 4577 noc
716 4544 765 4592 pro
784 4530 841 4591 ipso
860 4535 892 4591 tr,
912 4529 958 4577 sed
978 4528 1086 4577 omnino
1106 4544 1252 4592 perperam.

222 4619 244 4687 ²)
264 4622 401 4669 Laemmer
426 4620 608 4682 corrigendum
628 4617 743 4682 putavit:
768 4625 793 4665 ct
815 4619 863 4664 Ιιοσ
882 4620 959 4665 etlam
984 4628 1043 4667 tuae
1069 4619 1222 4681 prudentiae
1242 4617 1468 4665 cenomanniam*

261 4710 306 4757 sed
327 4710 410 4757 codex
430 4709 469 4757 illi
488 4708 562 4756 nullo
582 4708 661 4756 modo
681 4705 846 4769 suffragatur.

222 4797 243 4865 ³)
262 4784 400 4846 lacmmer
419 4799 500 4847 male:
521 4800 570 4862 qui
586 4813 646 4845 non.
