3330 5580
703 455 950 512 salmoe

187 596 283 659 duict
307 619 350 658 en
376 619 415 660 sa
439 599 573 661 maison
599 611 634 661 et
658 621 763 682 apres
787 622 873 664 aura
898 605 1116 685 plusgrande
1141 603 1285 667 ocasion
1321 606 1367 668 de
1392 625 1474 687 pro-

186 705 293 765 ceder
321 715 445 768 contre
470 708 530 788 luy
563 728 698 771 comme
728 721 850 771 contre
875 730 949 792 ung
979 710 1184 793 hereticque
1214 713 1394 795 endurcy,
1429 734 1473 776 en

186 813 340 892 laquelle
365 815 473 877 chose
506 815 629 878 lesdits
653 826 748 879 estas
781 820 925 879 veulent
956 820 1108 881 adherer
1139 839 1160 879 a
1190 828 1293 881 votre
1318 817 1474 884 Maieste

188 928 222 981 et
246 920 383 982 donner
407 923 500 1003 ayde
525 932 560 984 et
574 924 767 986 assistence
792 936 827 987 et
852 924 952 1005 point
976 927 1086 987 lesser
1110 926 1145 987 la
1168 923 1232 1008 foy
1253 925 1473 991 christianae

187 1047 207 1086 a
232 1026 409 1089 loccasion
435 1029 480 1097 de
504 1039 580 1092 cest
602 1031 753 1095 homme.
801 1031 997 1095 Touteffois
1022 1032 1064 1094 ilz
1089 1054 1127 1095 se
1143 1042 1334 1096 remettent
1360 1046 1473 1118 quant

187 1153 207 1194 a
240 1154 280 1196 ce
312 1155 332 1194 a
356 1136 576 1217 plusgrande
607 1137 841 1200 deliberation
876 1139 920 1200 de
954 1148 1074 1201 vostre
1107 1139 1253 1203 maieste
1284 1142 1474 1224 supplians

187 1240 429 1303 humblement
444 1263 512 1324 que
529 1253 648 1306 vostre
666 1244 812 1308 maieste
837 1248 940 1308 veule
956 1247 1110 1327 prendre
1127 1256 1223 1310 ceste
1247 1248 1472 1312 admonition

187 1357 280 1409 estre
305 1347 411 1411 facile
435 1370 571 1413 comme
595 1353 640 1414 de
665 1372 773 1414 coeur
797 1353 892 1434 loyal
918 1362 953 1414 et
969 1353 1107 1416 subiect
1125 1364 1160 1415 et
1175 1374 1263 1416 avec
1287 1356 1472 1420 clemence

186 1455 220 1514 la
244 1453 459 1537 interpreter
489 1478 533 1519 au
558 1457 699 1521 mieulx.
748 1457 823 1540 Soy
847 1461 1140 1522 recommendans
1165 1481 1186 1523 a
1213 1458 1317 1524 icelle
1350 1474 1473 1526 vostre

187 1560 332 1629 maiestc
356 1583 438 1627 vers
462 1567 615 1647 laquelle
640 1568 807 1630 voculent
831 1566 1007 1630 tousiours
1024 1565 1230 1630 fidelement
1251 1589 1319 1650 soy
1333 1579 1473 1651 porter.

798 2005 850 2068 72.

470 2130 546 2210 Iler
573 2131 819 2233 Portugalliae
846 2131 949 2210 lreh.
980 2129 1187 2212 Coloniensi.

631 2280 716 2349 (Aeta
733 2278 867 2336 wormac.
885 2276 931 2336 tol.
949 2278 1016 2346 178.)

686 2398 738 2467 (ar.
759 2399 862 2464 Aprilis
885 2397 971 2466 1521.)

276 2525 398 2588 Rev¹¹¹⁰
422 2524 457 2586 in
483 2524 621 2587 Christe
645 2524 738 2606 patri
762 2534 869 2607 atque
893 2523 1129 2587 illustrissimo
1152 2523 1304 2606 principi
1330 2525 1474 2588 Coloni·

190 2632 265 2693 ensi
290 2631 574 2713 Archiepiscopo
594 2631 810 2713 Italiaequae
835 2632 1049 2695 cancellario
1075 2640 1110 2694 et
1134 2630 1226 2693 sacri
1250 2631 1297 2694 R.
1322 2633 1473 2713 Imperii

188 2737 334 2800 electori
359 2737 473 2801 amico
498 2738 724 2801 CharissimO.
771 2739 943 2802 Emanuel
967 2738 1035 2801 Dei
1060 2737 1177 2819 gratia
1200 2758 1265 2801 rex
1280 2739 1474 2821 Portugal-

187 2844 256 2907 liae
292 2856 326 2906 et
360 2845 613 2926 Algarbiorum
645 2846 733 2908 citra
767 2849 929 2928 ultraque
963 2865 1059 2909 mare
1086 2845 1120 2907 in
1145 2845 1270 2907 Africa
1295 2847 1473 2914 Dominus

189 2951 327 3015 Guinee
352 2961 388 3015 et
412 2952 650 3035 expeditionis
674 2951 912 3033 navigationis
944 2974 985 3015 ac
1021 2951 1222 3015 commercii
1251 2953 1474 3037 Aethiopiae

189 3059 346 3122 Arabiae
363 3060 520 3122 Persidis
544 3070 649 3142 atque
674 3060 799 3122 Indiae
816 3058 853 3124 S.
874 3061 917 3122 D.
958 3059 1045 3122 Cum
1066 3080 1112 3121 ex
1129 3060 1317 3122 multorum
1341 3061 1474 3128 litteris

188 3166 366 3250 certisque
391 3167 527 3230 nunciis
551 3178 586 3230 et
610 3167 786 3230 constanti
810 3167 905 3230 fama
938 3166 1211 3249 cognoverimus
1242 3167 1472 3233 Christianae

189 3274 270 3337 fidei
305 3277 444 3339 hostem
480 3287 515 3338 et
550 3275 759 3356 perditionis
797 3274 906 3336 filium
937 3273 1127 3336 Martinam
1162 3273 1354 3336 Lutherum
1395 3297 1472 3341 non

189 3384 294 3446 modo
318 3386 439 3466 plures
454 3383 523 3446 iam
548 3384 700 3464 populos
725 3392 760 3444 et
775 3381 936 3444 civitates
952 3381 1024 3444 suis
1041 3380 1271 3445 concionibus
1295 3381 1471 3464 falsisque

189 3491 395 3554 commentis
419 3491 454 3553 in
478 3489 668 3554 Germania
694 3488 889 3570 decepisse,
913 3490 976 3551 sed
1000 3488 1128 3570 impios
1152 3497 1187 3550 et
1202 3488 1312 3569 iniqui
1337 3490 1473 3555 erroris

189 3598 299 3660 libros
323 3597 536 3679 publicasse,
560 3597 688 3678 quibus
714 3605 749 3658 et
774 3594 999 3659 Germaniam
1030 3595 1144 3677 ipsam
1173 3605 1209 3658 et
1233 3616 1320 3678 quas
1344 3607 1472 3678 posset

191 3705 401 3768 christianas
432 3703 594 3766 nationes
622 3724 643 3765 a
674 3702 768 3765 veris
800 3700 836 3766 S.
866 3703 912 3764 R.
942 3700 1123 3764 Ecclesiae
1159 3701 1401 3765 sanctionibus
1433 3717 1473 3768 et

190 3811 319 3875 Christi
345 3811 468 3875 vicarii
493 3811 626 3873 ditione
651 3811 687 3873 in
713 3831 811 3872 suam
828 3811 1019 3891 reprobam
1036 3810 1241 3890 opinionem
1263 3812 1470 3892 deduceret,

190 3941 254 3982 nos
278 3940 344 4001 pro
369 3940 411 3981 ea
435 3918 655 4001 obligatione
680 3939 720 3980 ac
746 3917 815 3979 fide
840 3936 910 3998 qua
934 3936 1057 3978 omnes
1074 3915 1262 3979 Christiani
1288 3916 1472 4000 principes

190 4027 267 4090 Deo
311 4038 346 4089 et
386 4024 421 4090 S.
454 4026 561 4089 Matri
595 4025 777 4088 Ecclesiae
809 4023 1083 4105 obstringimur,
1123 4044 1188 4104 pro
1226 4036 1347 4087 nostro
1380 4045 1472 4108 erga

191 4134 379 4197 Cesaream
393 4134 617 4196 Maiestatem
634 4133 781 4214 speciali
793 4131 946 4212 quodam
962 4129 1083 4192 debito
1101 4130 1330 4213 fraternoque
1347 4152 1470 4196 amore

191 4250 226 4302 et
250 4241 448 4303 arctissimo
473 4239 741 4304 necessitudinis
766 4239 908 4301 vinculo
933 4258 1038 4319 quum
1069 4238 1114 4300 ad
1139 4259 1217 4301 eum
1245 4237 1470 4320 potissimum

190 4347 293 4410 huius
318 4358 389 4410 tam
413 4347 543 4410 atrocis
567 4346 712 4409 sceleris
736 4345 893 4407 vindicta
924 4344 1086 4425 plurimis
1110 4345 1154 4407 de
1179 4344 1294 4407 causis
1319 4355 1469 4428 spectet,

191 4468 263 4518 tum
287 4455 413 4517 litteris
437 4474 544 4536 super
568 4455 633 4516 hac
657 4473 695 4516 re
721 4464 791 4514 tum
819 4451 923 4514 etiam
948 4461 1082 4513 certum
1107 4452 1267 4514 nuntium
1299 4451 1334 4514 in
1366 4473 1467 4534 prae·

191 4562 306 4625 sentia
337 4561 608 4641 destinavimus,
642 4580 741 4623 suam
768 4558 992 4620 Maiestatem
1018 4578 1152 4621 summo
1177 4559 1294 4621 studio
1326 4570 1469 4623 orantes

191 4680 298 4751 atque
315 4668 419 4732 etiam
438 4670 669 4731 exhortantes
686 4679 724 4729 ut
740 4667 793 4729 sui
814 4663 1055 4747 augustissimi
1079 4667 1211 4748 sceptri
1227 4665 1466 4748 memoriaque

191 4774 456 4866 eminentissimi
481 4774 560 4839 solii
584 4775 620 4837 in
645 4795 714 4857 quo
740 4795 760 4838 a
785 4774 862 4836 Deo
886 4772 1012 4835 merito
1038 4782 1092 4837 est
1115 4774 1290 4836 collocata
1321 4782 1358 4834 ut
1383 4773 1466 4838 inde
