3330 5580
793 434 1021 490 0⁴:380&

265 577 401 661 figliolo
438 598 548 661 segue
584 579 731 662 egregie
766 582 798 643 ei
832 583 958 661 padre:
1015 578 1184 643 Similiter
1219 590 1253 643 et
1284 582 1386 645 Duca
1418 582 1549 661 Joanni

265 685 407 748 fratello
439 687 497 749 del
528 687 630 748 Duca
654 685 799 750 Saxone
823 687 960 750 Elettor
992 686 1151 768 sequitur
1181 687 1342 763 fratrem;
1389 689 1433 753 El
1456 690 1550 752 Mar-

267 793 372 855 chese
387 792 557 872 Joacchin
582 795 711 855 elettor
734 792 877 856 fratello
902 796 959 856 del
976 794 1201 877 Moguntino,
1226 805 1354 877 potens
1378 805 1416 860 et
1439 816 1551 879 opere

267 910 302 962 et
326 919 488 963 sermone
513 900 531 962 ὲ
556 909 647 962 tutto
672 910 794 962 nostro
819 903 853 963 al
877 911 1050 982 extremo,
1075 903 1120 964 ad
1145 903 1217 965 tale
1241 904 1307 965 che
1331 904 1434 985 quasi
1457 924 1551 967 vene

266 1007 300 1069 in
325 1009 360 1070 la
384 1009 459 1069 sala
483 1008 553 1069 alla
577 1006 802 1070 diffidatione
829 1008 887 1070 del
912 1005 1066 1070 Saxone.

355 1116 426 1177 Per
449 1134 535 1177 vero
559 1114 619 1195 qui
643 1135 681 1177 se
706 1114 784 1177 dice
809 1116 877 1178 che
901 1114 935 1177 in
961 1136 1044 1178 casa
1069 1116 1126 1177 del
1152 1117 1254 1179 Duca
1284 1117 1320 1180 di
1345 1116 1550 1181 Saxoniae

267 1243 337 1284 una
364 1221 497 1303 pittura
530 1222 622 1283 dove
646 1220 780 1283 Luther
808 1221 971 1301 davanti,
1003 1232 1039 1284 et
1063 1222 1197 1285 Hutten
1223 1244 1244 1285 a
1268 1233 1371 1306 tergo
1396 1233 1551 1306 portario

266 1349 336 1391 una
360 1348 469 1409 capsa
492 1347 600 1408 sopra
623 1330 658 1389 la
681 1330 786 1408 quale
811 1348 899 1391 sono
924 1327 984 1390 dui
1000 1327 1101 1390 calici
1124 1349 1203 1391 cum
1219 1329 1450 1411 inscriptione
1468 1332 1549 1395 hac:

267 1437 364 1498 Arca
388 1455 495 1497 verae
519 1433 612 1496 fidei.
638 1435 772 1497 Avanti
788 1435 935 1498 Erasmo
960 1436 978 1496 e
1003 1445 1111 1516 pento
1136 1456 1203 1498 con
1219 1457 1290 1499 una
1306 1437 1443 1500 cithara
1457 1441 1546 1520 psal-

266 1544 372 1605 lendo
404 1562 504 1605 come
528 1540 656 1604 David.
701 1541 745 1604 Et
770 1543 815 1604 da
842 1552 938 1605 retro
963 1541 1103 1624 seguita
1126 1543 1282 1622 Joannes
1306 1546 1383 1623 hus,
1409 1546 1442 1607 el
1466 1546 1550 1627 qual

266 1651 401 1713 Luther
424 1649 538 1712 scrive
563 1669 661 1711 esser
685 1660 739 1712 sta
763 1658 863 1713 tanto
888 1658 990 1729 santo
1014 1670 1114 1712 come
1135 1650 1268 1713 Vostra
1285 1649 1454 1734 Signoria
1477 1652 1548 1714 Re-

267 1755 522 1820 verendissima
545 1755 656 1818 vedra
681 1755 715 1817 in
741 1764 867 1837 questo
891 1756 983 1818 libro
1008 1757 1073 1818 che
1098 1756 1131 1819 io
1156 1760 1296 1821 mando.
1331 1758 1369 1820 In
1385 1759 1442 1822 un’
1458 1759 1551 1821 altra

267 1874 369 1946 parte
394 1864 489 1927 della
513 1863 651 1926 Pittura
676 1863 694 1926 ὲ
719 1872 829 1944 pento
853 1862 878 1925 il
892 1863 994 1945 Papa
1017 1884 1084 1926 con
1110 1863 1133 1926 li
1158 1864 1234 1927 suoi
1250 1864 1429 1927 Cardinali
1454 1865 1549 1929 cinto

267 1971 352 2034 dalli
378 1970 593 2033 Alabarderi
618 1971 713 2034 della
736 1969 894 2034 Guarda.

358 2078 404 2140 Et
426 2099 447 2141 a
463 2078 583 2142 Roma
606 2077 635 2140 si
659 2079 766 2141 crede
791 2078 861 2139 allo
886 2079 952 2140 che
977 2078 1091 2140 scrive
1108 2078 1256 2141 Erasmo
1280 2089 1405 2143 contra
1429 2080 1465 2142 di
1482 2101 1549 2160 me,

269 2197 303 2248 et
327 2207 365 2248 se
389 2184 414 2247 li
437 2186 567 2247 manda
590 2184 703 2263 brevi,
727 2184 752 2246 li
776 2184 872 2266 quali
896 2185 966 2247 Dio
991 2185 1085 2248 volia
1109 2207 1180 2249 non
1197 2186 1287 2249 siino
1302 2207 1403 2250 come
1418 2189 1548 2269 quello,

268 2295 333 2356 che
364 2292 412 2354 lui
445 2295 491 2355 ha
523 2292 614 2355 fatto
647 2292 847 2374 imprimere
879 2292 915 2354 in
946 2292 1064 2356 fronte
1089 2294 1173 2357 novi
1196 2293 1409 2374 testamenti,
1445 2296 1549 2358 Dove

269 2401 398 2463 Nostro
422 2399 576 2482 Signore
601 2402 764 2482 approba
788 2401 822 2462 la
846 2420 910 2462 sua
933 2420 1065 2481 opera,
1098 2400 1133 2463 in
1158 2402 1193 2463 la
1216 2402 1299 2482 qual
1323 2401 1417 2464 circa
1441 2410 1548 2465 mate-

268 2508 355 2570 riam
372 2507 617 2587 confessionis,
634 2508 949 2589 Indulgentiarum‚
969 2507 1364 2588 ExcommunicationiS,
1383 2508 1549 2588 Divortii,

268 2616 455 2697 potestatis
479 2616 601 2696 Papae
632 2624 668 2677 et
698 2617 787 2678 altre
821 2615 924 2678 simili
955 2614 1119 2694 materie,
1153 2615 1202 2677 lui
1232 2616 1279 2677 ha
1310 2614 1431 2678 scritto
1457 2625 1549 2678 tutto

269 2724 386 2803 quello
404 2723 470 2784 che
485 2723 619 2784 Luther
641 2723 687 2784 ha
712 2743 817 2805 preso
843 2723 905 2785 sed
930 2742 1009 2783 cum
1034 2721 1289 2803 periculosiore
1314 2741 1471 2800 venen0,
1504 2723 1549 2785 de

269 2837 401 2910 quanto
426 2829 559 2891 Luther
590 2849 657 2910 per
688 2830 722 2892 le
755 2850 817 2893 sue
851 2840 970 2911 satyre
1002 2837 1038 2890 et
1068 2828 1179 2890 libelli
1206 2828 1333 2892 famosi
1357 2828 1471 2891 minus
1496 2840 1550 2892 est

268 2935 339 2999 fide
371 2935 509 3016 dignus.
557 2936 601 2998 Et
632 2956 669 2999 se
696 2936 730 2998 io
755 2939 789 2999 lo
814 2936 928 3000 scrivo
954 2935 1052 2998 costa
1077 2947 1112 2998 et
1137 2957 1181 2999 ne
1204 2935 1406 2998 advertisco
1431 2935 1549 2998 subito

269 3064 307 3106 se
333 3043 409 3105 dice
434 3044 499 3105 che
523 3042 558 3105 io
581 3044 616 3105 lo
642 3042 678 3105 fo
701 3043 832 3125 perche
856 3044 903 3104 ho
928 3044 1060 3104 havuto
1085 3045 1174 3105 altre
1199 3044 1296 3106 volte
1320 3042 1549 3105 contentione

269 3172 333 3213 con
359 3150 518 3230 Erasmo,
542 3151 637 3232 quod
663 3169 840 3230 nunquam
865 3148 948 3230 fuit,
979 3170 1036 3211 ma
1059 3151 1129 3211 ben
1154 3150 1307 3211 addesso
1332 3150 1468 3212 lisono
1493 3170 1549 3213 ne-

269 3257 358 3319 mico
390 3277 456 3339 per
483 3277 589 3321 causa
613 3258 670 3320 del
695 3257 797 3338 Papa
821 3269 856 3319 et
881 3258 975 3318 della
999 3255 1099 3335 fede,
1133 3266 1168 3318 et
1193 3267 1310 3319 tamen
1336 3277 1374 3319 se
1399 3259 1505 3321 crede
1530 3279 1551 3321 a

269 3364 317 3426 lui
340 3375 376 3427 et
400 3384 470 3426 non
495 3384 516 3425 a
541 3384 609 3426 me:
657 3362 730 3426 Sed
761 3364 806 3425 de
837 3384 893 3425 me
921 3362 1006 3425 nihil
1032 3374 1101 3436 est;
1126 3363 1196 3425 Dio
1221 3363 1316 3426 volia
1339 3366 1405 3427 che
1429 3366 1549 3446 quello

269 3475 389 3551 breve,
414 3473 480 3534 che
504 3493 543 3536 se
568 3471 744 3534 limanda
768 3471 802 3532 in
827 3480 991 3550 resposta
1016 3471 1059 3533 de
1085 3473 1119 3533 lo
1144 3472 1209 3532 che
1227 3473 1272 3532 ha
1290 3471 1412 3534 scritto
1430 3473 1465 3533 di
1483 3493 1550 3553 me,

269 3600 339 3641 non
364 3579 407 3642 sii
430 3579 660 3660 preiudiciale
685 3600 706 3640 a
723 3578 853 3641 Nostro
875 3576 1028 3659 Signore
1054 3587 1089 3639 et
1113 3580 1147 3639 la
1171 3577 1283 3640 Santa
1307 3578 1446 3657 Chiesa,
1472 3600 1549 3662 per-

269 3688 332 3749 che
367 3686 510 3749 subbito
534 3687 681 3749 Erasmo
716 3688 750 3749 lo
783 3686 859 3748 fara
891 3685 1089 3767 imprimet,
1123 3706 1223 3748 come
1247 3685 1281 3747 la
1305 3706 1369 3749 sua
1392 3695 1491 3749 secta
1514 3686 1551 3748 fa

270 3796 315 3857 de
339 3793 424 3874 ogni
448 3814 531 3856 cosa
555 3795 620 3856 che
644 3814 731 3875 pare
754 3793 845 3856 sacci
869 3793 903 3855 al
928 3792 1111 3874 proposito
1137 3794 1182 3855 de
1199 3792 1349 3875 Luther;
1374 3813 1395 3854 0
1420 3792 1512 3856 falsa
1529 3815 1550 3857 o

269 3921 355 3963 vera
378 3901 494 3964 chesi
519 3901 559 3963 sii
584 3901 727 3965 subbito
752 3904 786 3964 la
811 3900 1032 3982 imprimeno‚
1057 3920 1157 3962 come
1182 3920 1219 3962 se
1244 3899 1412 3962 mandere
1437 3920 1503 3981 per
1526 3901 1550 3963 il

270 4007 383 4089 primo
415 4016 511 4070 certe
544 4008 679 4090 buggie
703 4007 875 4090 impresse
899 4007 935 4069 in
960 4006 1063 4069 favor
1087 4007 1123 4069 di
1147 4007 1280 4069 Luther
1306 4019 1341 4067 et
1365 4029 1385 4069 a
1409 4009 1551 4089 depres-

270 4116 346 4178 sion
371 4115 407 4177 di
431 4115 562 4179 Nostro
588 4113 742 4198 Signore
767 4124 802 4178 et
826 4117 861 4177 la
885 4114 1005 4178 chiesa
1029 4116 1241 4178 orthodoxa.

359 4221 530 4304 Supplico
555 4222 688 4285 Vostra
712 4221 881 4302 Signoria
905 4222 981 4283 R¹¹¹¹²
1013 4221 1058 4285 mi
1092 4222 1243 4305 perdoni
1274 4242 1313 4285 se
1345 4242 1414 4284 non
1442 4242 1552 4303 posso

263 4319 402 4392 ¹tolerar
418 4332 484 4393 che
507 4329 537 4391 si
560 4329 696 4392 diffami
719 4329 741 4391 l'
758 4330 872 4391 honor
888 4329 975 4400 mio;
1001 4350 1071 4392 non
1088 4349 1144 4392 me
1159 4332 1314 4393 lamento
1332 4329 1367 4391 di
1389 4330 1552 4411 poverta‚

270 4457 340 4499 non
365 4437 542 4500 demando
567 4435 744 4519 praemio,
777 4439 890 4500 solum
914 4446 1080 4518 parcatur
1103 4436 1220 4500 famae
1245 4448 1279 4500 et
1303 4435 1429 4500 honori
1460 4457 1552 4518 me0,

270 4546 335 4606 che
359 4544 428 4606 mai
453 4545 487 4607 lo
511 4545 638 4626 patim,
671 4547 810 4607 almeno
836 4543 871 4605 di
895 4546 1172 4607 iamentarmene
1196 4544 1383 4626 presertim
1407 4545 1552 4625 quando

271 4652 435 4714 credesse
460 4650 488 4713 si
514 4654 617 4715 desse
641 4651 725 4714 fede
741 4671 762 4712 a
779 4649 894 4733 questi
910 4650 1037 4732 spioni,
1062 4651 1234 4731 maledici,
1258 4649 1461 4733 buggiardi,
1486 4651 1552 4714 che

271 4760 413 4823 troveto
438 4758 595 4843 migliaia
618 4757 655 4820 di
679 4757 870 4821 testimonii
894 4757 928 4821 in
947 4757 1123 4841 opposito,
1149 4759 1172 4821 li
1187 4758 1282 4841 quali
1298 4756 1448 4819 iaranno
1467 4757 1552 4823 fede
