3330 5580
647 464 875 520 Φ<319Ε>4

116 607 288 689 pestifere
318 628 540 688 quocumque
569 629 755 690 possumus
780 612 939 673 remedio
965 612 1109 672 salutari
1135 632 1322 675 occurrere
1346 633 1400 674 cu-

116 716 268 797 pientes,
301 724 404 777 etue
435 716 634 778 huiusmodi
666 719 809 779 morbus
840 718 1011 799 pestilens
1043 729 1228 780 excrescat
1255 720 1402 781 ulterius

115 824 180 885 sed
206 833 425 903 cooperante
450 822 593 884 domino
608 823 778 886 radicitus
796 826 978 905 evellatur,
1005 825 1193 887 salubriter
1211 827 1401 906 providere

115 933 292 1007 volentes,
317 950 358 990 ac
380 940 565 1010 sperantes
582 931 675 1012 quod
702 932 971 1013 circumspectio
996 943 1057 994 tua
1082 932 1243 1010 Alberte,
1269 953 1402 994 memor

113 1038 231 1119 galeri
254 1036 355 1098 istius
380 1035 480 1098 rubei
505 1057 608 1117 quem
633 1048 755 1119 gestas
779 1038 981 1118 significare
1006 1049 1043 1100 ut
1070 1059 1136 1119 pro
1163 1039 1245 1101 fidei
1271 1039 1401 1102 Christi

113 1148 253 1208 honore
277 1143 487 1222 sanguinem
512 1143 695 1207 effundere
720 1165 789 1206 non
814 1145 966 1225 dubites,
990 1165 1055 1226 per
1079 1155 1138 1207 tue
1156 1145 1400 1208 sollicitudinis

114 1252 271 1314 studium
295 1253 412 1312 labem
436 1250 636 1313 huiusmodi
661 1251 843 1333 extirpare
869 1261 904 1313 et
929 1253 1127 1314 ortodoxae
1149 1253 1231 1313 fidei
1247 1252 1399 1314 fructuo-

114 1381 173 1422 sos
205 1359 370 1440 palmites
402 1359 566 1439 plantare
594 1379 659 1439 pro
685 1370 745 1421 tua
769 1358 862 1420 virili
886 1358 1082 1422 conaberis.
1132 1361 1184 1421 De
1209 1371 1270 1420 tua
1293 1360 1401 1439 igitur

113 1466 433 1548 circumspectione
459 1465 649 1547 prudentia
673 1486 714 1527 ae
739 1465 909 1547 singulari
934 1466 1096 1527 doctrina
1127 1486 1315 1547 rerumque
1343 1487 1399 1527 ex-

113 1573 306 1656 perientia,
339 1592 478 1635 necnon
503 1572 538 1635 in
563 1592 628 1634 nos
662 1585 697 1634 et
728 1574 849 1635 sedern
881 1572 1115 1652 apostolicam
1147 1573 1337 1635 devotione
1366 1586 1400 1634 et

113 1681 185 1743 fide
210 1679 374 1742 fiduciam
399 1681 588 1759 habenteS,
620 1691 656 1740 te
681 1691 805 1741 contra
829 1682 920 1741 hanc
945 1692 983 1741 ut
1007 1678 1223 1761 premittitur
1248 1679 1399 1740 heresim

114 1790 234 1851 labem
264 1798 299 1849 et
330 1797 468 1867 pestem
499 1807 540 1848 ac
565 1786 600 1848 in
625 1806 668 1849 ea
692 1786 959 1867 quomodolibet
984 1785 1180 1867 culpabiles
1205 1787 1400 1848 existentes

114 1895 324 1977 generalem
356 1894 391 1955 in
426 1904 500 1956 tota
533 1892 717 1976 germania
749 1893 992 1975 inquisitorem
1025 1893 1182 1955 heretice
1214 1892 1400 1973 pravitatis

113 2002 317 2065 huiusmodi
350 2001 500 2063 facimus
529 2000 773 2063 constituimus
806 2021 967 2063 creamus
1001 2009 1037 2062 et
1065 2001 1287 2082 deputamus,
1321 2020 1398 2061 cum

114 2111 232 2193 plenis
256 2109 487 2171 facultatibus
513 2118 547 2171 et
571 2118 750 2190 potestate
774 2129 843 2188 que
867 2109 902 2170 in
927 2107 1098 2169 similibus
1122 2128 1142 2168 a
1167 2108 1251 2186 Jure
1276 2127 1398 2168 conce·

115 2219 248 2280 duntur
280 2236 321 2278 ac
353 2215 431 2278 aliis
464 2214 718 2278 infradicendis
750 2236 888 2278 necnon
920 2215 984 2276 tibi
1012 2225 1047 2276 et
1072 2214 1172 2276 vobis
1197 2214 1332 2276 nunciis
1357 2234 1398 2274 ac

115 2323 265 2387 notariis
290 2322 438 2405 prefatis
463 2333 498 2384 et
522 2332 678 2384 vestrum
704 2323 850 2385 cuilibet
875 2335 998 2384 contra
1023 2323 1166 2383 eosdem
1191 2321 1239 2382 M.
1256 2320 1314 2383 W.
1342 2321 1397 2383 Ul.
1484 2306 1487 2312 ⁴

116 2441 151 2494 et
176 2431 229 2493 La
253 2431 307 2510 J0.
332 2427 409 2515 (sic)
433 2448 474 2490 ac
499 2429 587 2491 alios
617 2450 706 2510 quos
731 2429 908 2491 hereticos
932 2428 1009 2490 fore
1042 2437 1077 2490 et
1106 2448 1184 2490 esse
1214 2447 1279 2509 per
1312 2428 1399 2489 alias

115 2549 257 2601 nostras
302 2537 439 2599 litteras
478 2535 736 2598 declaravimus
775 2546 810 2597 et
843 2537 877 2599 in
916 2536 1112 2598 litterarum
1146 2534 1398 2598 declarationis

114 2643 317 2707 huiusmodi
347 2642 588 2724 publicatione
620 2642 794 2705 nominari
834 2663 940 2723 posse
980 2641 1154 2704 voluimus
1164 2690 1173 2722 ,
1207 2662 1398 2723 eorumque

115 2753 331 2814 adherentes
356 2750 548 2831 complices
573 2762 608 2812 et
633 2750 791 2813 fautores
815 2761 920 2829 atque
946 2757 1191 2831 receptatores
1208 2749 1398 2812 cuiuscum-

116 2879 184 2938 que
209 2866 324 2919 status
348 2857 482 2937 gradus
506 2857 639 2918 ordinis
665 2856 878 2919 conditionis
903 2858 960 2918 vel
977 2855 1214 2938 preminentie
1239 2857 1344 2919 etiam
1370 2856 1397 2916 si

115 2963 254 3045 imperii
280 2965 465 3041 electores,
498 2975 533 3024 et
556 2964 825 3026 communitates
857 2963 1107 3025 universitates
1139 2973 1174 3024 et
1207 2963 1398 3043 municipia

115 3072 258 3149 suerint,
283 3070 486 3151 ubicunque
510 3071 667 3133 locorum
692 3091 753 3134 eos
779 3092 856 3133 esse
881 3070 1126 3151 compereritis
1152 3071 1284 3151 agendi
1319 3090 1395 3150 pro·

117 3179 270 3242 cedendi
303 3198 435 3259 eosque
467 3177 632 3259 capiendi
664 3198 705 3239 ac
738 3178 942 3240 carceribus
975 3177 1199 3258 mancipandi
1232 3188 1266 3238 et
1298 3177 1398 3238 iuxta

117 3285 310 3348 canonicas
336 3281 547 3346 Sanctiones
572 3294 608 3345 et
633 3295 834 3346 sanctorum
859 3295 1000 3366 patrum
1023 3284 1184 3346 instituta
1213 3295 1318 3365 prout
1343 3306 1396 3344 cu-

118 3392 244 3473 iusque
270 3391 422 3473 qualitas
447 3390 566 3453 delicti
593 3391 755 3471 exegerit
780 3391 949 3473 puniendi
975 3400 1009 3453 et
1033 3392 1215 3453 brachium
1240 3394 1399 3453 seculare

117 3510 151 3561 et
175 3499 375 3581 Imperiale,
407 3498 435 3560 si
460 3519 549 3579 opus
574 3498 691 3578 fuerit,
725 3510 850 3560 contra
874 3501 1018 3562 eosdem
1043 3499 1233 3562 invocandi
1259 3519 1395 3561 necnon

117 3608 160 3668 ad
186 3605 349 3668 veritatis
381 3607 498 3667 lumen
523 3605 640 3668 redire
671 3614 706 3687 et
730 3605 928 3667 huiusmodi
953 3606 1104 3669 heresim
1140 3607 1303 3668 abiurare
1338 3626 1396 3667 vo-

116 3715 231 3774 lentes
254 3712 284 3774 si
309 3711 398 3774 alias
422 3711 553 3794 relapsi
578 3732 649 3774 non
674 3712 816 3791 fuerint,
841 3724 986 3794 recepta
1011 3717 1056 3776 ab
1081 3715 1132 3775 eis
1157 3714 1269 3794 prima
1301 3713 1396 3775 abiu-

116 3820 253 3882 ratione
278 3819 413 3881 heresis
447 3829 482 3880 et
507 3839 665 3881 errorum
689 3819 889 3882 huiusmodi
914 3821 1070 3900 legitime
1104 3831 1138 3882 et
1171 3820 1314 3901 publice
1347 3820 1394 3881 ia-

116 3928 242 3989 cienda
266 3926 498 4008 prestitoque,
518 3947 583 4007 per
600 3947 662 3988 eos
679 3927 885 4004 Juramento
911 3929 1005 4008 quod
1031 3928 1115 3988 talia
1131 3927 1301 4008 deinceps
1326 3948 1395 3988 non

116 4033 345 4113 committent,
370 4054 435 4096 nec
461 4033 546 4096 talia
575 4035 632 4096 vel
656 4033 744 4096 alias
769 4033 836 4096 hiis
860 4035 986 4096 similia
1010 4034 1310 4096 committentibus
1335 4055 1396 4095 seu

117 4141 372 4203 adherentibus
389 4141 557 4203 auxilium
582 4139 766 4203 consilium
792 4143 848 4202 vel
873 4141 1031 4203 favorem
1057 4162 1121 4222 per
1146 4162 1183 4202 se
1209 4144 1265 4202 vel
1290 4141 1395 4203 alium

116 4267 175 4309 seu
209 4247 299 4309 alios
333 4249 543 4328 prestabunt
574 4258 609 4309 et
645 4247 734 4309 alias
757 4247 792 4308 in
817 4248 932 4310 forma
956 4249 1106 4310 ecclesie
1132 4260 1312 4326 consueta,
1338 4269 1395 4309 ex-

116 4355 227 4435 ceptis
257 4365 375 4416 tamen
406 4354 496 4416 Mar.
522 4354 593 4417 Wi.
619 4365 655 4416 et
681 4353 803 4416 Ulrico
829 4365 864 4415 et
888 4355 941 4431 J0.
967 4353 1153 4435 predictis;
1188 4375 1334 4434 quorum
1361 4365 1395 4415 et

116 4461 302 4523 cuiuslibet
319 4480 439 4523 eorum
457 4470 635 4542 tamquam
661 4461 776 4543 magis
794 4462 932 4523 notorie
957 4461 1186 4542 culpabilium
1204 4461 1393 4523 absolutio·

116 4589 204 4646 nem,
229 4568 257 4629 si
283 4588 359 4630 eam
385 4567 562 4629 humiliter
587 4579 622 4630 et
646 4568 680 4629 in
706 4567 822 4630 forma
846 4569 939 4648 Juris
964 4579 1087 4649 petere
1113 4569 1299 4645 voluerint,
1335 4590 1392 4630 no·

115 4675 227 4736 biset
251 4674 328 4736 sedi
353 4675 550 4757 apostolice
583 4675 788 4756 specialiter
813 4686 848 4738 et
883 4696 1053 4756 expresse
1077 4696 1302 4737 reservamus
1335 4679 1393 4738 ab·

115 4781 277 4845 solvendi
302 4784 407 4844 etad
431 4793 588 4845 nostrum
613 4794 649 4844 et
673 4782 830 4845 eiusdem
856 4784 949 4845 sedis
966 4784 1139 4863 gremium
1166 4804 1302 4845 necnon
1317 4803 1392 4863 gra·

1203 4889 1236 4943 2*
