3330 5580
733 444 1021 505 eoxvmoo

240 593 332 676 Quid
358 593 515 677 profuit?
550 595 605 657 De
633 591 789 676 pessimo
813 593 1063 656 haeresiarcha
1087 593 1429 675 Augustinianorum
1453 590 1509 655 fra

238 712 331 765 trum
353 700 575 783 Antuerpiae
599 700 737 784 priore,
760 699 927 763 Erasmus
952 701 1029 782 ipse
1057 701 1371 782 pronunciaverat:
1398 699 1522 782 „Prior

239 808 591 892 Augustinianesium
604 807 826 890 Antverpiae
842 810 938 870 solus
950 828 1044 889 pene
1058 807 1233 871 Christum
1246 809 1426 890 predicat“
1437 809 1461 888 ¹)
1485 817 1522 870 et

238 918 422 980 Aleander
429 936 550 979 rursus
561 915 619 978 die
633 941 662 995 q.
672 913 894 996 Septembris
907 915 1040 978 aiebat:
1054 914 1178 996 „Quod
1187 915 1288 996 peius
1301 918 1356 979 his
1366 916 1519 997 regioni-

237 1027 304 1088 bus
316 1024 459 1087 invenio
469 1044 515 1087 ex
525 1022 586 1086 illo
598 1031 661 1102 est,
671 1042 785 1104 quem,
795 1020 894 1084 iuxta
902 1021 995 1085 Rev.
1007 1031 1149 1085 vestrae
1165 1023 1520 1103 commendationem,

237 1130 330 1194 omni
358 1133 464 1195 modo
496 1130 540 1193 ad
570 1139 703 1193 rectam
733 1128 827 1191 viam
856 1129 1035 1192 adducere
1067 1127 1246 1215 debe0²)“.
1314 1129 1378 1192 Cui
1412 1130 1515 1192 Vice-

237 1238 486 1302 cancellarius:
517 1238 592 1318 „De
616 1237 730 1299 amico
754 1240 814 1318 qui
839 1247 1028 1331 tantopere
1052 1237 1191 1299 occulte
1216 1247 1333 1316 nocet,
1357 1257 1447 1319 opus
1464 1249 1519 1300 est

234 1366 416 1410 nuncrnec
441 1345 564 1408 videre
590 1364 656 1407 nec
681 1344 816 1424 audire,
841 1364 906 1407 nec
939 1343 1178 1425 suspicionem
1210 1345 1419 1423 ostendere,
1454 1345 1516 1407 sed

236 1465 274 1516 ut
306 1455 438 1516 bonum
470 1452 566 1533 quod
598 1450 708 1531 dixit,
741 1452 908 1532 quodque
932 1451 1059 1513 iterate
1088 1450 1259 1533 promisit,
1291 1450 1518 1536 accipere“³).

235 1561 286 1622 At
314 1580 420 1642 quum
444 1558 570 1621 diebus
600 1557 669 1620 illis
697 1557 732 1620 in
764 1559 879 1620 lucem
913 1557 1004 1619 liber
1034 1557 1233 1620 haereticus
1265 1558 1414 1636 exisset,
1447 1579 1516 1640 quo

232 1667 377 1749 ignotus
390 1676 513 1729 auctor
526 1667 680 1748 probare
691 1664 831 1727 Petrum
848 1685 1025 1748 nunquam
1037 1663 1149 1742 furam
1160 1664 1298 1744 Romae,
1310 1667 1516 1745 conabatur,

232 1794 303 1837 una
316 1794 387 1836 vox
398 1772 475 1836 iere
488 1773 554 1836 fuit
566 1783 746 1835 auctorem
756 1771 940 1834 Erasmum
951 1771 1120 1834 indicans,
1146 1771 1289 1834 Accidit
1306 1771 1411 1835 etiam
1420 1774 1515 1854 quod

233 1882 409 1961 Alander,
435 1880 519 1943 dum
542 1879 576 1942 in
602 1877 766 1941 convivio
792 1898 870 1940 curn
894 1877 1041 1940 Erasmo
1074 1878 1233 1958 sederet,
1265 1880 1310 1941 de
1338 1879 1400 1942 illo
1425 1880 1514 1943 libro

232 1991 382 2068 locutus,
408 2007 514 2069 quum
539 1985 791 2049 calumniosum
817 1995 852 2046 et
876 1986 1083 2048 mendacem
1104 1985 1251 2066 diceret,
1275 1986 1514 2070 refertumque

232 2095 424 2176 erroribus,
438 2094 705 2157 Roterodamus
721 2091 855 2173 impetu
871 2103 982 2170 actus,
1000 2092 1177 2155 concitata
1193 2113 1282 2157 voce
1298 2093 1514 2175 inclamaret,

231 2223 269 2265 se
293 2205 428 2265 nullum
452 2200 487 2263 in
512 2200 591 2283 ipso
616 2199 837 2262 mendacium
861 2198 1059 2273 invenisse;
1094 2200 1317 2282 libenterque
1350 2202 1513 2284 accipere

230 2308 260 2371 si
284 2309 467 2371 Aleander
498 2309 556 2370 vel
587 2326 693 2368 unum
730 2304 888 2368 indicare
928 2317 1060 2387 posset.
1123 2307 1187 2371 Cui
1219 2329 1297 2373 cum
1331 2311 1515 2373 Aleander

230 2436 302 2478 non
332 2435 438 2478 unum
478 2415 542 2477 sed
577 2415 681 2495 plura
719 2413 955 2494 ostendisset,
992 2413 1158 2478 Erasmus
1192 2418 1238 2479 ob
1270 2416 1513 2479 confusionem

230 2521 415 2586 obmutuit.
464 2521 565 2602 Quae
588 2541 735 2584 narrans
757 2520 941 2584 Aleander
956 2521 1155 2584 subiunxit:
1183 2533 1420 2605 „compertum
1445 2523 1511 2585 sibi

228 2629 412 2693 Erasmum
437 2632 547 2691 multa
580 2628 705 2709 peiora
736 2627 929 2690 lutheranis
954 2627 1158 2709 scripsisse,
1188 2631 1252 2692 sed
1283 2628 1365 2692 fuco
1400 2629 1510 2708 linita,

228 2735 457 2814 dissimulata,
475 2735 727 2816 aptissimeque
749 2736 815 2796 sub
839 2733 983 2815 pietatis
1007 2734 1128 2817 specie
1152 2738 1289 2809 velata;
1314 2738 1438 2799 laudes
1462 2738 1508 2799 lu·

227 2846 455 2907 theranorum
502 2862 573 2904 non
622 2862 692 2904 una
729 2842 807 2904 vice
839 2843 1067 2914 decantasse;
1105 2842 1286 2925 principes
1319 2853 1354 2906 et
1378 2842 1512 2906 aulicos

227 2949 427 3014 haereticos
452 2950 565 3031 ipsum
590 2969 656 3031 pro
680 2949 771 3011 duce
795 2957 918 3029 aperte
943 2947 1189 3022 confirmasse;
1215 2949 1347 3012 amicos
1372 2958 1408 3013 et
1431 2970 1509 3032 pro·

227 3057 342 3121 ximos
374 3057 472 3121 illurn
507 3076 572 3137 pro
606 3055 787 3118 haeretico
820 3055 1070 3136 reputasse“⁴).
1123 3054 1223 3136 Quae
1255 3056 1422 3120 Erasmus
1451 3069 1511 3121 aut

229 3163 346 3226 sciens
369 3172 430 3225 aut
454 3161 663 3245 suspicatuS,
689 3182 768 3224 cum
782 3161 976 3244 Campegio
991 3161 1168 3225 Cardinali
1193 3164 1237 3224 de
1253 3163 1509 3228 calumniatori·

227 3273 294 3333 bus
318 3270 390 3332 suis
414 3279 640 3351 conquestus,
665 3269 875 3331 catholicam
908 3289 1160 3351 romanamque
1192 3269 1372 3351 propriam
1404 3270 1509 3334 fidem

226 3377 472 3460 profitebatur,
498 3397 567 3439 non
592 3375 679 3439 satis
703 3376 862 3438 modeste
887 3376 1021 3459 scripta
1044 3397 1108 3439 sua
1124 3375 1261 3439 iactans
1285 3396 1349 3439 ceu
1374 3377 1509 3440 univer-

226 3487 336 3548 salem
359 3482 658 3567 religiosimorbi
683 3482 903 3546 medicinam.
955 3483 1088 3564 ,Multa
1112 3483 1238 3566 scripsi
1263 3485 1297 3547 in
1314 3482 1509 3547 Lutherum

313 3594 440 3655 multos
465 3590 588 3654 sanavi
612 3589 682 3653 iam
706 3589 868 3653 addictos
899 3589 957 3652 isti
993 3590 1148 3672 foederi,
1182 3592 1310 3654 multos
1340 3592 1509 3654 revocavi

227 3720 271 3762 ne
296 3699 518 3777 accederent,
544 3697 672 3759 multos
697 3698 900 3760 moderatus
924 3717 1000 3759 sum
1025 3717 1069 3760 ne
1093 3696 1236 3760 nimium
1261 3699 1508 3761 accederent“.

227 3804 300 3869 Sed
335 3805 451 3869 meriti
476 3803 649 3882 conscius,
678 3803 761 3866 dum
785 3805 909 3867 laudes
937 3804 1102 3885 proprias
1133 3806 1366 3886 decantabat,
1402 3804 1507 3867 mina·

226 3915 331 3975 batur
361 3922 502 3993 aperte:
540 3909 673 3992 „Huius
704 3909 887 3973 Pontificis
918 3913 963 3973 ab
997 3911 1159 3974 omnibus
1191 3912 1398 3993 praedicata
1428 3932 1504 3993 pru-

227 4019 349 4083 dentia
361 4019 445 4081 mihi
458 4021 587 4081 bonam
604 4036 701 4097 spem
715 4016 811 4097 facit,
823 4037 889 4080 vos
902 4017 987 4080 nihil
999 4017 1155 4080 odiosius
1168 4019 1202 4080 in
1218 4038 1274 4081 me
1292 4020 1507 4081 decreturos.

227 4125 331 4208 Quod
348 4125 377 4189 si
389 4125 491 4188 fieret
504 4125 629 4186 eadem
644 4143 754 4205 opera
772 4133 807 4186 et
822 4123 1047 4187 Lutheranae
1058 4124 1205 4188 factioni
1217 4144 1291 4188 rem
1308 4128 1415 4205 longe
1429 4144 1507 4206 gra·

226 4233 395 4296 tissimam
416 4231 565 4311 facietis,
585 4251 625 4294 ac
644 4229 804 4313 pluribus
825 4231 1054 4294 summatibus
1074 4231 1158 4294 viris
1176 4234 1286 4312 longe
1305 4232 1505 4295 molestissi-

226 4359 329 4421 mam,
343 4359 432 4421 quos
440 4337 523 4401 mihi
534 4337 621 4400 meis
630 4336 755 4399 studiis
768 4337 914 4400 devinxi
922 4337 1047 4400 favore
1058 4358 1128 4401 non
1141 4338 1331 4404 exambito.
1349 4337 1507 4419 Quorum

227 4456 282 4511 est
295 4455 416 4511 noster
428 4444 576 4508 Carolus
590 4454 625 4508 et
637 4444 673 4506 in
686 4444 789 4507 huius
802 4446 882 4506 aula
897 4444 1006 4525 multi,
1020 4445 1105 4506 Rex
1127 4445 1292 4526 Angliae,
1305 4445 1506 4526 Archiepis-

227 4574 340 4638 copus
350 4551 625 4632 Cantuariensis,
639 4561 676 4613 ut
688 4572 756 4614 non
773 4571 1043 4614 commemorem
1051 4562 1104 4614 tot
1114 4551 1302 4633 principes,
1311 4562 1365 4615 tot
1373 4553 1506 4634 episco-

301 4710 322 4779 ¹)
342 4715 409 4763 Doc.
432 4724 490 4764 120.
509 4728 535 4777 p.
555 4713 614 4763 282.
914 4709 933 4771 ³)
953 4714 1020 4765 Doc.
1044 4724 1101 4765 122.
1120 4728 1146 4778 p.
1167 4713 1226 4774 289.

300 4794 322 4862 ι)
341 4795 408 4844 Doc.
432 4803 489 4855 125.
508 4792 554 4846 sol.
574 4804 634 4853 292.
915 4789 938 4856 ⁴)
958 4794 1024 4841 Doc.
1048 4792 1105 4844 126.
1125 4793 1172 4848 sol.
1191 4801 1339 4856 294-295.
