<?xml version="1.0" encoding="UTF-8"?>
<!DOCTYPE html PUBLIC "-//W3C//DTD XHTML 1.0 Transitional//EN"
    "http://www.w3.org/TR/xhtml1/DTD/xhtml1-transitional.dtd">
<html xmlns="http://www.w3.org/1999/xhtml" xml:lang="en" lang="en">
 <head>
  <title>
</title>
<meta http-equiv="Content-Type" content="text/html;charset=utf-8" />
  <meta name='ocr-system' content='tesseract 3.04.00' />
  <meta name='ocr-capabilities' content='ocr_page ocr_carea ocr_par ocr_line ocrx_word'/>
</head>
<body>
  <div class='ocr_page' id='page_1' title='image "./monumentareform00vatigoog_0106.png"; bbox 0 0 3330 5580; ppageno 0'>
   <div class='ocr_carea' id='block_1_1' title="bbox 638 444 868 501">
    <p class='ocr_par' dir='ltr' id='par_1_1' title="bbox 638 444 868 501">
     <span class='ocr_line' id='line_1_1' title="bbox 638 444 868 501; baseline -0.009 -2"><span class='ocrx_word' id='word_1_1' title='bbox 638 444 868 501; x_wconf 40' lang='lat' dir='ltr'>e&lt;365}ss</span> 
     </span>
    </p>
   </div>
   <div class='ocr_carea' id='block_1_2' title="bbox 108 589 1395 1618">
    <p class='ocr_par' dir='ltr' id='par_1_2' title="bbox 108 589 1395 1618">
     <span class='ocr_line' id='line_1_2' title="bbox 109 589 1393 672; baseline -0.002 -19"><span class='ocrx_word' id='word_1_2' title='bbox 109 593 145 654; x_wconf 89' lang='lat' dir='ltr'>di</span> <span class='ocrx_word' id='word_1_3' title='bbox 171 592 316 655; x_wconf 89' lang='lat' dir='ltr'>redurla</span> <span class='ocrx_word' id='word_1_4' title='bbox 339 590 374 653; x_wconf 90' lang='lat' dir='ltr'>in</span> <span class='ocrx_word' id='word_1_5' title='bbox 399 592 517 672; x_wconf 87' lang='lat' dir='ltr'>quella</span> <span class='ocrx_word' id='word_1_6' title='bbox 542 589 706 672; x_wconf 82' lang='lat' dir='ltr'>openion,</span> <span class='ocrx_word' id='word_1_7' title='bbox 731 593 797 655; x_wconf 90' lang='lat' dir='ltr'>che</span> <span class='ocrx_word' id='word_1_8' title='bbox 823 602 955 653; x_wconf 89' lang='lat' dir='ltr'>mostra</span> <span class='ocrx_word' id='word_1_9' title='bbox 979 610 1118 671; x_wconf 86' lang='lat' dir='ltr'>sempre</span> <span class='ocrx_word' id='word_1_10' title='bbox 1144 590 1179 651; x_wconf 92' lang='lat' dir='ltr'>di</span> <span class='ocrx_word' id='word_1_11' title='bbox 1203 611 1258 652; x_wconf 87' lang='lat' dir='ltr'>me</span> <span class='ocrx_word' id='word_1_12' title='bbox 1282 592 1393 652; x_wconf 91' lang='lat' dir='ltr'>haver</span> 
     </span>
     <span class='ocr_line' id='line_1_3' title="bbox 108 695 1392 780; baseline -0.003 -19"><span class='ocrx_word' id='word_1_13' title='bbox 108 701 259 777; x_wconf 66' lang='lat' dir='ltr'>batuto,</span> <span class='ocrx_word' id='word_1_14' title='bbox 294 710 329 760; x_wconf 89' lang='lat' dir='ltr'>et</span> <span class='ocrx_word' id='word_1_15' title='bbox 358 719 379 760; x_wconf 86' lang='lat' dir='ltr'>a</span> <span class='ocrx_word' id='word_1_16' title='bbox 406 697 648 760; x_wconf 89' lang='lat' dir='ltr'>conservarmi</span> <span class='ocrx_word' id='word_1_17' title='bbox 677 718 721 760; x_wconf 90' lang='lat' dir='ltr'>ne</span> <span class='ocrx_word' id='word_1_18' title='bbox 749 700 784 760; x_wconf 88' lang='lat' dir='ltr'>la</span> <span class='ocrx_word' id='word_1_19' title='bbox 814 701 909 761; x_wconf 89' lang='lat' dir='ltr'>bona</span> <span class='ocrx_word' id='word_1_20' title='bbox 937 695 1054 780; x_wconf 89' lang='lat' dir='ltr'>gratia</span> <span class='ocrx_word' id='word_1_21' title='bbox 1083 697 1118 758; x_wconf 93' lang='lat' dir='ltr'>di</span> <span class='ocrx_word' id='word_1_22' title='bbox 1143 717 1206 759; x_wconf 89' lang='lat' dir='ltr'>sua</span> <span class='ocrx_word' id='word_1_23' title='bbox 1231 697 1392 759; x_wconf 85' lang='lat' dir='ltr'>Altezza:</span> 
     </span>
     <span class='ocr_line' id='line_1_4' title="bbox 108 803 1394 886; baseline -0.003 -19"><span class='ocrx_word' id='word_1_24' title='bbox 108 807 143 867; x_wconf 85' lang='lat' dir='ltr'>la</span> <span class='ocrx_word' id='word_1_25' title='bbox 173 807 257 886; x_wconf 89' lang='lat' dir='ltr'>qual</span> <span class='ocrx_word' id='word_1_26' title='bbox 285 805 319 866; x_wconf 92' lang='lat' dir='ltr'>io</span> <span class='ocrx_word' id='word_1_27' title='bbox 348 804 452 867; x_wconf 87' lang='lat' dir='ltr'>stimo</span> <span class='ocrx_word' id='word_1_28' title='bbox 481 813 613 885; x_wconf 91' lang='lat' dir='ltr'>quanto</span> <span class='ocrx_word' id='word_1_29' title='bbox 642 804 672 866; x_wconf 92' lang='lat' dir='ltr'>si</span> <span class='ocrx_word' id='word_1_30' title='bbox 699 824 808 886; x_wconf 88' lang='lat' dir='ltr'>possa</span> <span class='ocrx_word' id='word_1_31' title='bbox 836 804 979 867; x_wconf 76' lang='lat' dir='ltr'>estimat</span> <span class='ocrx_word' id='word_1_32' title='bbox 1007 804 1125 885; x_wconf 90' lang='lat' dir='ltr'>gratia</span> <span class='ocrx_word' id='word_1_33' title='bbox 1154 804 1198 865; x_wconf 93' lang='lat' dir='ltr'>de</span> <span class='ocrx_word' id='word_1_34' title='bbox 1232 803 1394 884; x_wconf 78' lang='lat' dir='ltr'>principe</span> 
     </span>
     <span class='ocr_line' id='line_1_5' title="bbox 110 910 1394 993; baseline -0.002 -18"><span class='ocrx_word' id='word_1_35' title='bbox 110 925 265 977; x_wconf 88' lang='lat' dir='ltr'>terreno.</span> <span class='ocrx_word' id='word_1_36' title='bbox 296 910 342 974; x_wconf 90' lang='lat' dir='ltr'>Et</span> <span class='ocrx_word' id='word_1_37' title='bbox 358 911 491 993; x_wconf 77' lang='lat' dir='ltr'>perche</span> <span class='ocrx_word' id='word_1_38' title='bbox 507 911 541 974; x_wconf 92' lang='lat' dir='ltr'>io</span> <span class='ocrx_word' id='word_1_39' title='bbox 556 911 672 975; x_wconf 90' lang='lat' dir='ltr'>scrivo</span> <span class='ocrx_word' id='word_1_40' title='bbox 697 911 733 974; x_wconf 94' lang='lat' dir='ltr'>di</span> <span class='ocrx_word' id='word_1_41' title='bbox 757 922 883 993; x_wconf 88' lang='lat' dir='ltr'>questa</span> <span class='ocrx_word' id='word_1_42' title='bbox 906 910 1054 974; x_wconf 89' lang='lat' dir='ltr'>materia</span> <span class='ocrx_word' id='word_1_43' title='bbox 1078 911 1171 973; x_wconf 88' lang='lat' dir='ltr'>assai</span> <span class='ocrx_word' id='word_1_44' title='bbox 1195 911 1255 992; x_wconf 79' lang='lat' dir='ltr'>piu</span> <span class='ocrx_word' id='word_1_45' title='bbox 1280 913 1394 990; x_wconf 89' lang='lat' dir='ltr'>larga·</span> 
     </span>
     <span class='ocr_line' id='line_1_6' title="bbox 110 1015 1394 1101; baseline -0.004 -18"><span class='ocrx_word' id='word_1_46' title='bbox 110 1030 229 1083; x_wconf 89' lang='lat' dir='ltr'>mente</span> <span class='ocrx_word' id='word_1_47' title='bbox 254 1040 275 1082; x_wconf 96' lang='lat' dir='ltr'>a</span> <span class='ocrx_word' id='word_1_48' title='bbox 300 1019 432 1082; x_wconf 85' lang='lat' dir='ltr'>Vestra</span> <span class='ocrx_word' id='word_1_49' title='bbox 456 1015 625 1100; x_wconf 89' lang='lat' dir='ltr'>Signoria</span> <span class='ocrx_word' id='word_1_50' title='bbox 648 1021 715 1082; x_wconf 90' lang='lat' dir='ltr'>che</span> <span class='ocrx_word' id='word_1_51' title='bbox 739 1040 760 1081; x_wconf 91' lang='lat' dir='ltr'>a</span> <span class='ocrx_word' id='word_1_52' title='bbox 784 1018 906 1101; x_wconf 90' lang='lat' dir='ltr'>quegli</span> <span class='ocrx_word' id='word_1_53' title='bbox 929 1019 1026 1099; x_wconf 86' lang='lat' dir='ltr'>altri,</span> <span class='ocrx_word' id='word_1_54' title='bbox 1056 1018 1137 1081; x_wconf 79' lang='lat' dir='ltr'>sara</span> <span class='ocrx_word' id='word_1_55' title='bbox 1161 1022 1298 1098; x_wconf 83' lang='lat' dir='ltr'>bunne,</span> <span class='ocrx_word' id='word_1_56' title='bbox 1329 1020 1394 1080; x_wconf 89' lang='lat' dir='ltr'>che</span> 
     </span>
     <span class='ocr_line' id='line_1_7' title="bbox 111 1125 1395 1209; baseline -0.002 -20"><span class='ocrx_word' id='word_1_57' title='bbox 111 1127 408 1191; x_wconf 88' lang='lat' dir='ltr'>communichiate</span> <span class='ocrx_word' id='word_1_58' title='bbox 422 1128 457 1188; x_wconf 91' lang='lat' dir='ltr'>la</span> <span class='ocrx_word' id='word_1_59' title='bbox 471 1128 600 1189; x_wconf 89' lang='lat' dir='ltr'>lettera</span> <span class='ocrx_word' id='word_1_60' title='bbox 617 1136 652 1189; x_wconf 89' lang='lat' dir='ltr'>et</span> <span class='ocrx_word' id='word_1_61' title='bbox 668 1146 736 1190; x_wconf 92' lang='lat' dir='ltr'>con</span> <span class='ocrx_word' id='word_1_62' title='bbox 752 1126 773 1189; x_wconf 91' lang='lat' dir='ltr'>l’</span> <span class='ocrx_word' id='word_1_63' title='bbox 792 1127 1030 1209; x_wconf 88' lang='lat' dir='ltr'>Armastorph</span> <span class='ocrx_word' id='word_1_64' title='bbox 1047 1137 1083 1189; x_wconf 90' lang='lat' dir='ltr'>et</span> <span class='ocrx_word' id='word_1_65' title='bbox 1100 1147 1166 1189; x_wconf 91' lang='lat' dir='ltr'>con</span> <span class='ocrx_word' id='word_1_66' title='bbox 1183 1125 1395 1206; x_wconf 87' lang='lat' dir='ltr'>Monsignor</span> 
     </span>
     <span class='ocr_line' id='line_1_8' title="bbox 109 1232 1394 1315; baseline -0.003 -19"><span class='ocrx_word' id='word_1_67' title='bbox 109 1234 134 1297; x_wconf 94' lang='lat' dir='ltr'>il</span> <span class='ocrx_word' id='word_1_68' title='bbox 158 1233 294 1297; x_wconf 77' lang='lat' dir='ltr'>Nuntio</span> <span class='ocrx_word' id='word_1_69' title='bbox 326 1242 362 1296; x_wconf 89' lang='lat' dir='ltr'>et</span> <span class='ocrx_word' id='word_1_70' title='bbox 392 1253 459 1296; x_wconf 90' lang='lat' dir='ltr'>con</span> <span class='ocrx_word' id='word_1_71' title='bbox 494 1232 550 1296; x_wconf 90' lang='lat' dir='ltr'>chi</span> <span class='ocrx_word' id='word_1_72' title='bbox 583 1235 673 1296; x_wconf 88' lang='lat' dir='ltr'>altro</span> <span class='ocrx_word' id='word_1_73' title='bbox 698 1232 735 1295; x_wconf 91' lang='lat' dir='ltr'>vi</span> <span class='ocrx_word' id='word_1_74' title='bbox 757 1233 864 1315; x_wconf 75' lang='lat' dir='ltr'>parra</span> <span class='ocrx_word' id='word_1_75' title='bbox 888 1244 961 1296; x_wconf 84' lang='lat' dir='ltr'>star</span> <span class='ocrx_word' id='word_1_76' title='bbox 985 1236 1077 1297; x_wconf 89' lang='lat' dir='ltr'>bene</span> <span class='ocrx_word' id='word_1_77' title='bbox 1102 1233 1394 1296; x_wconf 89' lang='lat' dir='ltr'>communicarla:</span> 
     </span>
     <span class='ocr_line' id='line_1_9' title="bbox 109 1339 1395 1423; baseline -0.002 -19"><span class='ocrx_word' id='word_1_78' title='bbox 109 1352 146 1404; x_wconf 89' lang='lat' dir='ltr'>et</span> <span class='ocrx_word' id='word_1_79' title='bbox 177 1341 212 1403; x_wconf 91' lang='lat' dir='ltr'>di</span> <span class='ocrx_word' id='word_1_80' title='bbox 244 1351 379 1423; x_wconf 91' lang='lat' dir='ltr'>quanto</span> <span class='ocrx_word' id='word_1_81' title='bbox 413 1342 447 1402; x_wconf 91' lang='lat' dir='ltr'>la</span> <span class='ocrx_word' id='word_1_82' title='bbox 475 1339 588 1402; x_wconf 89' lang='lat' dir='ltr'>verita</span> <span class='ocrx_word' id='word_1_83' title='bbox 613 1340 648 1401; x_wconf 93' lang='lat' dir='ltr'>di</span> <span class='ocrx_word' id='word_1_84' title='bbox 671 1342 706 1402; x_wconf 90' lang='lat' dir='ltr'>la</span> <span class='ocrx_word' id='word_1_85' title='bbox 731 1360 815 1404; x_wconf 91' lang='lat' dir='ltr'>cosa</span> <span class='ocrx_word' id='word_1_86' title='bbox 839 1343 973 1403; x_wconf 82' lang='lat' dir='ltr'>havera</span> <span class='ocrx_word' id='word_1_87' title='bbox 996 1351 1143 1422; x_wconf 90' lang='lat' dir='ltr'>possuto</span> <span class='ocrx_word' id='word_1_88' title='bbox 1166 1342 1395 1423; x_wconf 84' lang='lat' dir='ltr'>persuadere,</span> 
     </span>
     <span class='ocr_line' id='line_1_10' title="bbox 110 1446 604 1531; baseline 0.002 -22"><span class='ocrx_word' id='word_1_89' title='bbox 110 1448 145 1509; x_wconf 89' lang='lat' dir='ltr'>vi</span> <span class='ocrx_word' id='word_1_90' title='bbox 170 1468 287 1531; x_wconf 89' lang='lat' dir='ltr'>prego</span> <span class='ocrx_word' id='word_1_91' title='bbox 312 1469 334 1510; x_wconf 91' lang='lat' dir='ltr'>a</span> <span class='ocrx_word' id='word_1_92' title='bbox 358 1446 470 1510; x_wconf 87' lang='lat' dir='ltr'>darmi</span> <span class='ocrx_word' id='word_1_93' title='bbox 494 1447 604 1510; x_wconf 90' lang='lat' dir='ltr'>avis0.</span> 
     </span>
     <span class='ocr_line' id='line_1_11' title="bbox 200 1553 1058 1618; baseline 0.001 -2"><span class='ocrx_word' id='word_1_94' title='bbox 200 1555 308 1618; x_wconf 83' lang='lat' dir='ltr'><strong>Vale:</strong></span> <span class='ocrx_word' id='word_1_95' title='bbox 336 1575 382 1616; x_wconf 90' lang='lat' dir='ltr'>ex</span> <span class='ocrx_word' id='word_1_96' title='bbox 409 1554 506 1617; x_wconf 89' lang='lat' dir='ltr'><strong>Urbe</strong></span> <span class='ocrx_word' id='word_1_97' title='bbox 532 1553 589 1616; x_wconf 85' lang='lat' dir='ltr'>die</span> <span class='ocrx_word' id='word_1_98' title='bbox 614 1553 739 1617; x_wconf 87' lang='lat' dir='ltr'><strong>XXII.</strong></span> <span class='ocrx_word' id='word_1_99' title='bbox 763 1554 850 1617; x_wconf 85' lang='lat' dir='ltr'>Feb.</span> <span class='ocrx_word' id='word_1_100' title='bbox 874 1554 1058 1617; x_wconf 90' lang='lat' dir='ltr'>MDXXI.</span> 
     </span>
    </p>
   </div>
   <div class='ocr_carea' id='block_1_3' title="bbox 1142 1696 1360 1760">
    <p class='ocr_par' dir='ltr' id='par_1_3' title="bbox 1142 1696 1360 1760">
     <span class='ocr_line' id='line_1_12' title="bbox 1142 1696 1360 1760; baseline 0 -3"><span class='ocrx_word' id='word_1_101' title='bbox 1142 1696 1242 1758; x_wconf 80' lang='lat' dir='ltr'>vertor</span> <span class='ocrx_word' id='word_1_102' title='bbox 1260 1697 1360 1760; x_wconf 79' lang='lat' dir='ltr'>notor.</span> 
     </span>
    </p>
   </div>
   <div class='ocr_carea' id='block_1_4' title="bbox 655 1881 855 1897">
    <p class='ocr_par' dir='ltr' id='par_1_4' title="bbox 655 1881 855 1897">
     <span class='ocr_line' id='line_1_13' title="bbox 655 1881 855 1897; baseline 0.01 -4"><span class='ocrx_word' id='word_1_103' title='bbox 655 1881 824 1897; x_wconf 53' lang='lat' dir='ltr'>:mh-&#39;N&#39;ssAVJae</span> <span class='ocrx_word' id='word_1_104' title='bbox 832 1883 855 1896; x_wconf 68' lang='lat' dir='ltr'>v.</span> 
     </span>
    </p>
   </div>
   <div class='ocr_carea' id='block_1_5' title="bbox 729 2115 772 2181">
    <p class='ocr_par' dir='ltr' id='par_1_5' title="bbox 729 2115 772 2181">
     <span class='ocr_line' id='line_1_14' title="bbox 729 2115 772 2181; baseline 0.023 -1"><span class='ocrx_word' id='word_1_105' title='bbox 729 2115 772 2181; x_wconf 79' lang='lat'>26</span> 
     </span>
    </p>
   </div>
   <div class='ocr_carea' id='block_1_6' title="bbox 439 2165 1066 2334">
    <p class='ocr_par' dir='ltr' id='par_1_6' title="bbox 439 2165 1066 2334">
     <span class='ocr_line' id='line_1_15' title="bbox 439 2165 1066 2334; baseline 0 -21"><span class='ocrx_word' id='word_1_106' title='bbox 439 2233 505 2313; x_wconf 76' lang='lat' dir='ltr'>loo</span> <span class='ocrx_word' id='word_1_107' title='bbox 534 2233 587 2333; x_wconf 73' lang='grc' dir='ltr'>Χ,</span> <span class='ocrx_word' id='word_1_108' title='bbox 616 2232 737 2313; x_wconf 75' lang='lat' dir='ltr'>Corolo</span> <span class='ocrx_word' id='word_1_109' title='bbox 766 2165 815 2333; x_wconf 69' lang='lat' dir='ltr'>i,</span> <span class='ocrx_word' id='word_1_110' title='bbox 844 2233 1066 2334; x_wconf 79' lang='lat' dir='ltr'>Imperatori.</span> 
     </span>
    </p>
   </div>
   <div class='ocr_carea' id='block_1_7' title="bbox 587 2378 926 2568">
    <p class='ocr_par' dir='ltr' id='par_1_7' title="bbox 587 2378 926 2568">
     <span class='ocr_line' id='line_1_16' title="bbox 587 2378 926 2450; baseline 0.003 -12"><span class='ocrx_word' id='word_1_111' title='bbox 587 2381 670 2450; x_wconf 69' lang='lat' dir='ltr'>(iloto</span> <span class='ocrx_word' id='word_1_112' title='bbox 688 2378 790 2438; x_wconf 79' lang='lat' dir='ltr'>Worm.</span> <span class='ocrx_word' id='word_1_113' title='bbox 808 2380 854 2439; x_wconf 79' lang='lat' dir='ltr'>lol</span> <span class='ocrx_word' id='word_1_114' title='bbox 873 2380 926 2450; x_wconf 77' lang='grc'>75.)</span> 
     </span>
     <span class='ocr_line' id='line_1_17' title="bbox 622 2496 887 2568; baseline 0.004 -20"><span class='ocrx_word' id='word_1_115' title='bbox 622 2496 676 2568; x_wconf 81' lang='lat'><strong>(25.</strong></span> <span class='ocrx_word' id='word_1_116' title='bbox 696 2501 775 2549; x_wconf 85' lang='lat' dir='ltr'>Febr.</span> <span class='ocrx_word' id='word_1_117' title='bbox 798 2498 887 2566; x_wconf 84' lang='lat'>1521.)</span> 
     </span>
    </p>
   </div>
   <div class='ocr_carea' id='block_1_8' title="bbox 109 2624 1484 4847">
    <p class='ocr_par' dir='ltr' id='par_1_8' title="bbox 109 2624 1484 4847">
     <span class='ocr_line' id='line_1_18' title="bbox 203 2624 1396 2708; baseline 0 -20"><span class='ocrx_word' id='word_1_118' title='bbox 203 2626 311 2688; x_wconf 64' lang='lat' dir='ltr'>Carni·</span> <span class='ocrx_word' id='word_1_119' title='bbox 326 2624 477 2705; x_wconf 79' lang='lat' dir='ltr'><strong>Agimus</strong></span> <span class='ocrx_word' id='word_1_120' title='bbox 495 2626 572 2687; x_wconf 89' lang='lat' dir='ltr'>Deo</span> <span class='ocrx_word' id='word_1_121' title='bbox 597 2624 830 2706; x_wconf 84' lang='lat' dir='ltr'>omnipotenti</span> <span class='ocrx_word' id='word_1_122' title='bbox 856 2624 1027 2687; x_wconf 82' lang='lat' dir='ltr'>maximas</span> <span class='ocrx_word' id='word_1_123' title='bbox 1051 2625 1186 2708; x_wconf 84' lang='lat' dir='ltr'>gratias</span> <span class='ocrx_word' id='word_1_124' title='bbox 1210 2626 1270 2708; x_wconf 91' lang='lat' dir='ltr'>qui</span> <span class='ocrx_word' id='word_1_125' title='bbox 1290 2628 1396 2688; x_wconf 89' lang='lat' dir='ltr'>talem</span> 
     </span>
     <span class='ocr_line' id='line_1_19' title="bbox 109 2731 1395 2814; baseline -0.001 -17"><span class='ocrx_word' id='word_1_126' title='bbox 109 2735 166 2797; x_wconf 84' lang='lat' dir='ltr'>his</span> <span class='ocrx_word' id='word_1_127' title='bbox 191 2733 413 2814; x_wconf 84' lang='lat' dir='ltr'>temporibus</span> <span class='ocrx_word' id='word_1_128' title='bbox 436 2731 471 2793; x_wconf 92' lang='lat' dir='ltr'>in</span> <span class='ocrx_word' id='word_1_129' title='bbox 496 2734 616 2795; x_wconf 92' lang='lat' dir='ltr'>seculo</span> <span class='ocrx_word' id='word_1_130' title='bbox 632 2731 744 2794; x_wconf 91' lang='lat' dir='ltr'>voluit</span> <span class='ocrx_word' id='word_1_131' title='bbox 764 2752 842 2794; x_wconf 87' lang='lat' dir='ltr'>esse</span> <span class='ocrx_word' id='word_1_132' title='bbox 858 2731 1066 2814; x_wconf 83' lang='lat' dir='ltr'>principem,</span> <span class='ocrx_word' id='word_1_133' title='bbox 1091 2753 1160 2814; x_wconf 94' lang='lat' dir='ltr'>quo</span> <span class='ocrx_word' id='word_1_134' title='bbox 1177 2733 1310 2814; x_wconf 89' lang='lat' dir='ltr'>sospite</span> <span class='ocrx_word' id='word_1_135' title='bbox 1326 2755 1395 2796; x_wconf 89' lang='lat' dir='ltr'>non</span> 
     </span>
     <span class='ocr_line' id='line_1_20' title="bbox 109 2835 1397 2923; baseline 0 -20"><span class='ocrx_word' id='word_1_136' title='bbox 109 2850 221 2923; x_wconf 81' lang='lat' dir='ltr'>egeat</span> <span class='ocrx_word' id='word_1_137' title='bbox 252 2859 319 2901; x_wconf 90' lang='lat' dir='ltr'>nec</span> <span class='ocrx_word' id='word_1_138' title='bbox 344 2838 476 2900; x_wconf 85' lang='lat' dir='ltr'>Sancta</span> <span class='ocrx_word' id='word_1_139' title='bbox 501 2835 616 2901; x_wconf 86' lang='lat' dir='ltr'>Sedes</span> <span class='ocrx_word' id='word_1_140' title='bbox 640 2838 851 2920; x_wconf 89' lang='lat' dir='ltr'>Apostolica</span> <span class='ocrx_word' id='word_1_141' title='bbox 876 2859 941 2902; x_wconf 92' lang='lat' dir='ltr'>nec</span> <span class='ocrx_word' id='word_1_142' title='bbox 966 2860 1052 2902; x_wconf 89' lang='lat' dir='ltr'>vero</span> <span class='ocrx_word' id='word_1_143' title='bbox 1077 2840 1243 2902; x_wconf 88' lang='lat' dir='ltr'>universa</span> <span class='ocrx_word' id='word_1_144' title='bbox 1268 2840 1397 2903; x_wconf 85' lang='lat' dir='ltr'>Christi</span> 
     </span>
     <span class='ocr_line' id='line_1_21' title="bbox 111 2944 1484 3029; baseline 0 -19"><span class='ocrx_word' id='word_1_145' title='bbox 111 2948 205 3010; x_wconf 89' lang='lat' dir='ltr'>fides</span> <span class='ocrx_word' id='word_1_146' title='bbox 229 2944 429 3008; x_wconf 90' lang='lat' dir='ltr'>firmissimo</span> <span class='ocrx_word' id='word_1_147' title='bbox 454 2945 646 3018; x_wconf 88' lang='lat' dir='ltr'>advocato;</span> <span class='ocrx_word' id='word_1_148' title='bbox 684 2945 814 3008; x_wconf 87' lang='lat' dir='ltr'>etenim</span> <span class='ocrx_word' id='word_1_149' title='bbox 850 2966 942 3026; x_wconf 88' lang='lat' dir='ltr'>quae</span> <span class='ocrx_word' id='word_1_150' title='bbox 977 2949 1022 3009; x_wconf 89' lang='lat' dir='ltr'>ad</span> <span class='ocrx_word' id='word_1_151' title='bbox 1057 2968 1121 3010; x_wconf 90' lang='lat' dir='ltr'>nos</span> <span class='ocrx_word' id='word_1_152' title='bbox 1151 2967 1216 3029; x_wconf 91' lang='lat' dir='ltr'>per</span> <span class='ocrx_word' id='word_1_153' title='bbox 1250 2948 1398 3010; x_wconf 82' lang='lat' dir='ltr'>nuncios</span> <span class='ocrx_word' id='word_1_154' title='bbox 1479 2967 1484 2977; x_wconf 87' lang='lat'><strong>·</strong></span> 
     </span>
     <span class='ocr_line' id='line_1_22' title="bbox 110 3050 1398 3134; baseline -0.001 -16"><span class='ocrx_word' id='word_1_155' title='bbox 110 3063 257 3118; x_wconf 88' lang='lat' dir='ltr'>nostros</span> <span class='ocrx_word' id='word_1_156' title='bbox 282 3054 327 3115; x_wconf 91' lang='lat' dir='ltr'>de</span> <span class='ocrx_word' id='word_1_157' title='bbox 351 3062 433 3114; x_wconf 89' lang='lat' dir='ltr'>tuae</span> <span class='ocrx_word' id='word_1_158' title='bbox 458 3051 655 3134; x_wconf 88' lang='lat' dir='ltr'>Majestatis</span> <span class='ocrx_word' id='word_1_159' title='bbox 679 3050 820 3132; x_wconf 82' lang='lat' dir='ltr'>virtute,</span> <span class='ocrx_word' id='word_1_160' title='bbox 849 3053 1038 3133; x_wconf 81' lang='lat' dir='ltr'>gravitate,</span> <span class='ocrx_word' id='word_1_161' title='bbox 1063 3054 1261 3117; x_wconf 88' lang='lat' dir='ltr'>constantia</span> <span class='ocrx_word' id='word_1_162' title='bbox 1286 3058 1398 3117; x_wconf 88' lang='lat' dir='ltr'>relata</span> 
     </span>
     <span class='ocr_line' id='line_1_23' title="bbox 110 3157 1397 3242; baseline -0.003 -16"><span class='ocrx_word' id='word_1_163' title='bbox 110 3171 206 3241; x_wconf 89' lang='lat' dir='ltr'>sunt,</span> <span class='ocrx_word' id='word_1_164' title='bbox 225 3162 321 3242; x_wconf 92' lang='lat' dir='ltr'>quod</span> <span class='ocrx_word' id='word_1_165' title='bbox 338 3161 510 3223; x_wconf 89' lang='lat' dir='ltr'>adversus</span> <span class='ocrx_word' id='word_1_166' title='bbox 526 3157 742 3240; x_wconf 88' lang='lat' dir='ltr'>impietatem</span> <span class='ocrx_word' id='word_1_167' title='bbox 760 3169 795 3221; x_wconf 89' lang='lat' dir='ltr'>et</span> <span class='ocrx_word' id='word_1_168' title='bbox 810 3160 1020 3223; x_wconf 89' lang='lat' dir='ltr'>seditionem</span> <span class='ocrx_word' id='word_1_169' title='bbox 1037 3172 1208 3224; x_wconf 91' lang='lat' dir='ltr'>conantes</span> <span class='ocrx_word' id='word_1_170' title='bbox 1226 3161 1397 3224; x_wconf 81' lang='lat' dir='ltr'>dilaniare</span> 
     </span>
     <span class='ocr_line' id='line_1_24' title="bbox 110 3265 1398 3352; baseline -0.002 -20"><span class='ocrx_word' id='word_1_171' title='bbox 110 3289 243 3352; x_wconf 86' lang='lat' dir='ltr'>pacem</span> <span class='ocrx_word' id='word_1_172' title='bbox 267 3267 336 3330; x_wconf 89' lang='lat' dir='ltr'>Dei</span> <span class='ocrx_word' id='word_1_173' title='bbox 360 3277 395 3330; x_wconf 90' lang='lat' dir='ltr'>et</span> <span class='ocrx_word' id='word_1_174' title='bbox 418 3266 588 3329; x_wconf 89' lang='lat' dir='ltr'>unitatem</span> <span class='ocrx_word' id='word_1_175' title='bbox 614 3265 794 3328; x_wconf 90' lang='lat' dir='ltr'>christiani</span> <span class='ocrx_word' id='word_1_176' title='bbox 819 3268 979 3349; x_wconf 89' lang='lat' dir='ltr'>corporis</span> <span class='ocrx_word' id='word_1_177' title='bbox 1003 3280 1063 3330; x_wconf 92' lang='lat' dir='ltr'>tua</span> <span class='ocrx_word' id='word_1_178' title='bbox 1087 3289 1125 3330; x_wconf 91' lang='lat' dir='ltr'>se</span> <span class='ocrx_word' id='word_1_179' title='bbox 1150 3268 1342 3332; x_wconf 88' lang='lat' dir='ltr'>auctoritas</span> <span class='ocrx_word' id='word_1_180' title='bbox 1363 3279 1398 3330; x_wconf 89' lang='lat' dir='ltr'>et</span> 
     </span>
     <span class='ocr_line' id='line_1_25' title="bbox 110 3373 1398 3458; baseline -0.001 -19"><span class='ocrx_word' id='word_1_181' title='bbox 110 3374 293 3458; x_wconf 87' lang='lat' dir='ltr'>sapientia</span> <span class='ocrx_word' id='word_1_182' title='bbox 316 3374 494 3456; x_wconf 90' lang='lat' dir='ltr'>opposuit,</span> <span class='ocrx_word' id='word_1_183' title='bbox 519 3383 706 3436; x_wconf 88' lang='lat' dir='ltr'>moverunt</span> <span class='ocrx_word' id='word_1_184' title='bbox 724 3373 878 3437; x_wconf 88' lang='lat' dir='ltr'>animum</span> <span class='ocrx_word' id='word_1_185' title='bbox 894 3385 1052 3438; x_wconf 90' lang='lat' dir='ltr'>nostrum</span> <span class='ocrx_word' id='word_1_186' title='bbox 1069 3396 1148 3438; x_wconf 92' lang='lat' dir='ltr'>cum</span> <span class='ocrx_word' id='word_1_187' title='bbox 1165 3376 1398 3438; x_wconf 85' lang='lat' dir='ltr'>admiratione</span> 
     </span>
     <span class='ocr_line' id='line_1_26' title="bbox 109 3480 1398 3564; baseline -0.002 -18"><span class='ocrx_word' id='word_1_188' title='bbox 109 3492 214 3546; x_wconf 88' lang='lat' dir='ltr'>tanta</span> <span class='ocrx_word' id='word_1_189' title='bbox 240 3491 275 3544; x_wconf 92' lang='lat' dir='ltr'>et</span> <span class='ocrx_word' id='word_1_190' title='bbox 298 3480 442 3563; x_wconf 90' lang='lat' dir='ltr'>pietatis</span> <span class='ocrx_word' id='word_1_191' title='bbox 466 3492 501 3543; x_wconf 91' lang='lat' dir='ltr'>et</span> <span class='ocrx_word' id='word_1_192' title='bbox 517 3480 668 3561; x_wconf 90' lang='lat' dir='ltr'>virtutis,</span> <span class='ocrx_word' id='word_1_193' title='bbox 693 3490 766 3543; x_wconf 92' lang='lat' dir='ltr'>turn</span> <span class='ocrx_word' id='word_1_194' title='bbox 782 3490 899 3544; x_wconf 91' lang='lat' dir='ltr'>autem</span> <span class='ocrx_word' id='word_1_195' title='bbox 917 3492 955 3544; x_wconf 91' lang='lat' dir='ltr'>ut</span> <span class='ocrx_word' id='word_1_196' title='bbox 970 3482 1138 3544; x_wconf 90' lang='lat' dir='ltr'>memoria</span> <span class='ocrx_word' id='word_1_197' title='bbox 1155 3492 1398 3564; x_wconf 84' lang='lat' dir='ltr'>repeteremus</span> 
     </span>
     <span class='ocr_line' id='line_1_27' title="bbox 111 3588 1397 3671; baseline -0.001 -19"><span class='ocrx_word' id='word_1_198' title='bbox 111 3602 258 3653; x_wconf 88' lang='lat' dir='ltr'>veteres</span> <span class='ocrx_word' id='word_1_199' title='bbox 290 3590 369 3651; x_wconf 90' lang='lat' dir='ltr'>illos</span> <span class='ocrx_word' id='word_1_200' title='bbox 400 3588 581 3671; x_wconf 88' lang='lat' dir='ltr'>principes</span> <span class='ocrx_word' id='word_1_201' title='bbox 612 3607 761 3669; x_wconf 90' lang='lat' dir='ltr'>quorum</span> <span class='ocrx_word' id='word_1_202' title='bbox 792 3588 939 3651; x_wconf 90' lang='lat' dir='ltr'>similem</span> <span class='ocrx_word' id='word_1_203' title='bbox 973 3600 1007 3652; x_wconf 88' lang='lat' dir='ltr'>te</span> <span class='ocrx_word' id='word_1_204' title='bbox 1036 3610 1114 3652; x_wconf 86' lang='lat' dir='ltr'>esse</span> <span class='ocrx_word' id='word_1_205' title='bbox 1143 3588 1285 3652; x_wconf 90' lang='lat' dir='ltr'>voluisti</span> <span class='ocrx_word' id='word_1_206' title='bbox 1310 3589 1397 3652; x_wconf 90' lang='lat' dir='ltr'>Con·</span> 
     </span>
     <span class='ocr_line' id='line_1_28' title="bbox 111 3694 1395 3778; baseline -0.001 -19"><span class='ocrx_word' id='word_1_207' title='bbox 111 3696 309 3775; x_wconf 65' lang='lat' dir='ltr'>stantium,</span> <span class='ocrx_word' id='word_1_208' title='bbox 343 3695 506 3776; x_wconf 86' lang='lat' dir='ltr'>Carolos,</span> <span class='ocrx_word' id='word_1_209' title='bbox 541 3694 718 3775; x_wconf 88' lang='lat' dir='ltr'>Othones‚</span> <span class='ocrx_word' id='word_1_210' title='bbox 751 3695 811 3777; x_wconf 91' lang='lat' dir='ltr'>qui</span> <span class='ocrx_word' id='word_1_211' title='bbox 843 3708 992 3777; x_wconf 90' lang='lat' dir='ltr'>propter</span> <span class='ocrx_word' id='word_1_212' title='bbox 1025 3696 1209 3778; x_wconf 87' lang='lat' dir='ltr'>egregium</span> <span class='ocrx_word' id='word_1_213' title='bbox 1244 3696 1278 3758; x_wconf 92' lang='lat' dir='ltr'>in</span> <span class='ocrx_word' id='word_1_214' title='bbox 1303 3697 1395 3758; x_wconf 91' lang='lat' dir='ltr'>hanc</span> 
     </span>
     <span class='ocr_line' id='line_1_29' title="bbox 112 3799 1398 3884; baseline -0.002 -17"><span class='ocrx_word' id='word_1_215' title='bbox 112 3802 287 3867; x_wconf 88' lang='lat' dir='ltr'>Sanctam</span> <span class='ocrx_word' id='word_1_216' title='bbox 312 3799 442 3865; x_wconf 88' lang='lat' dir='ltr'>Sedem</span> <span class='ocrx_word' id='word_1_217' title='bbox 474 3812 509 3865; x_wconf 87' lang='lat' dir='ltr'>et</span> <span class='ocrx_word' id='word_1_218' title='bbox 542 3801 797 3884; x_wconf 89' lang='lat' dir='ltr'>rempublicam</span> <span class='ocrx_word' id='word_1_219' title='bbox 822 3802 1057 3866; x_wconf 88' lang='lat' dir='ltr'>Christianam</span> <span class='ocrx_word' id='word_1_220' title='bbox 1089 3802 1259 3882; x_wconf 82' lang='lat' dir='ltr'>animum,</span> <span class='ocrx_word' id='word_1_221' title='bbox 1292 3803 1398 3865; x_wconf 89' lang='lat' dir='ltr'>etiam</span> 
     </span>
     <span class='ocr_line' id='line_1_30' title="bbox 114 3908 1398 3990; baseline -0.001 -17"><span class='ocrx_word' id='word_1_222' title='bbox 114 3930 209 3973; x_wconf 89' lang='lat' dir='ltr'>nunc</span> <span class='ocrx_word' id='word_1_223' title='bbox 234 3909 422 3972; x_wconf 89' lang='lat' dir='ltr'>immortali</span> <span class='ocrx_word' id='word_1_224' title='bbox 447 3909 571 3971; x_wconf 92' lang='lat' dir='ltr'>vivunt</span> <span class='ocrx_word' id='word_1_225' title='bbox 594 3908 698 3989; x_wconf 82' lang='lat' dir='ltr'>lama,</span> <span class='ocrx_word' id='word_1_226' title='bbox 725 3909 916 3990; x_wconf 89' lang='lat' dir='ltr'>viventque</span> <span class='ocrx_word' id='word_1_227' title='bbox 941 3912 1023 3972; x_wconf 90' lang='lat' dir='ltr'>dum</span> <span class='ocrx_word' id='word_1_228' title='bbox 1047 3912 1139 3973; x_wconf 91' lang='lat' dir='ltr'>hunc</span> <span class='ocrx_word' id='word_1_229' title='bbox 1164 3910 1260 3972; x_wconf 87' lang='lat' dir='ltr'>orbis</span> <span class='ocrx_word' id='word_1_230' title='bbox 1281 3919 1398 3972; x_wconf 88' lang='lat' dir='ltr'>terrae</span> 
     </span>
     <span class='ocr_line' id='line_1_31' title="bbox 113 4014 1398 4099; baseline -0.001 -19"><span class='ocrx_word' id='word_1_231' title='bbox 113 4030 246 4080; x_wconf 86' lang='lat' dir='ltr'>statum</span> <span class='ocrx_word' id='word_1_232' title='bbox 276 4014 486 4078; x_wconf 89' lang='lat' dir='ltr'>incolumem</span> <span class='ocrx_word' id='word_1_233' title='bbox 518 4015 705 4077; x_wconf 86' lang='lat' dir='ltr'>sustinebit</span> <span class='ocrx_word' id='word_1_234' title='bbox 729 4015 844 4095; x_wconf 88' lang='lat' dir='ltr'>Deus,</span> <span class='ocrx_word' id='word_1_235' title='bbox 876 4036 1087 4098; x_wconf 90' lang='lat' dir='ltr'>quamquam</span> <span class='ocrx_word' id='word_1_236' title='bbox 1121 4026 1174 4079; x_wconf 87' lang='lat' dir='ltr'>est</span> <span class='ocrx_word' id='word_1_237' title='bbox 1198 4017 1266 4079; x_wconf 89' lang='lat' dir='ltr'>illis</span> <span class='ocrx_word' id='word_1_238' title='bbox 1292 4019 1398 4099; x_wconf 89' lang='lat' dir='ltr'>longe</span> 
     </span>
     <span class='ocr_line' id='line_1_32' title="bbox 114 4121 1399 4206; baseline -0.001 -19"><span class='ocrx_word' id='word_1_239' title='bbox 114 4123 337 4206; x_wconf 89' lang='lat' dir='ltr'>prestantior</span> <span class='ocrx_word' id='word_1_240' title='bbox 369 4121 613 4186; x_wconf 88' lang='lat' dir='ltr'>immortalitas</span> <span class='ocrx_word' id='word_1_241' title='bbox 644 4122 679 4184; x_wconf 89' lang='lat' dir='ltr'>in</span> <span class='ocrx_word' id='word_1_242' title='bbox 711 4124 811 4185; x_wconf 89' lang='lat' dir='ltr'>caelo</span> <span class='ocrx_word' id='word_1_243' title='bbox 836 4134 980 4204; x_wconf 87' lang='lat' dir='ltr'>parata,</span> <span class='ocrx_word' id='word_1_244' title='bbox 1014 4125 1060 4185; x_wconf 90' lang='lat' dir='ltr'>ad</span> <span class='ocrx_word' id='word_1_245' title='bbox 1085 4145 1190 4206; x_wconf 89' lang='lat' dir='ltr'>quarn</span> <span class='ocrx_word' id='word_1_246' title='bbox 1215 4144 1293 4186; x_wconf 90' lang='lat' dir='ltr'>cum</span> <span class='ocrx_word' id='word_1_247' title='bbox 1317 4135 1399 4187; x_wconf 89' lang='lat' dir='ltr'>tuae</span> 
     </span>
     <span class='ocr_line' id='line_1_33' title="bbox 115 4229 1399 4312; baseline 0.001 -20"><span class='ocrx_word' id='word_1_248' title='bbox 115 4231 207 4293; x_wconf 85' lang='lat' dir='ltr'>istae</span> <span class='ocrx_word' id='word_1_249' title='bbox 232 4229 392 4292; x_wconf 87' lang='lat' dir='ltr'>actiones</span> <span class='ocrx_word' id='word_1_250' title='bbox 417 4229 577 4292; x_wconf 89' lang='lat' dir='ltr'>similiter</span> <span class='ocrx_word' id='word_1_251' title='bbox 601 4230 827 4310; x_wconf 88' lang='lat' dir='ltr'>contendant,</span> <span class='ocrx_word' id='word_1_252' title='bbox 853 4251 1057 4294; x_wconf 88' lang='lat' dir='ltr'>vereremur</span> <span class='ocrx_word' id='word_1_253' title='bbox 1081 4231 1145 4294; x_wconf 90' lang='lat' dir='ltr'>tibi</span> <span class='ocrx_word' id='word_1_254' title='bbox 1169 4251 1234 4312; x_wconf 91' lang='lat' dir='ltr'>pro</span> <span class='ocrx_word' id='word_1_255' title='bbox 1255 4235 1322 4293; x_wconf 90' lang='lat' dir='ltr'>hoc</span> <span class='ocrx_word' id='word_1_256' title='bbox 1338 4242 1399 4293; x_wconf 92' lang='lat' dir='ltr'>tuo</span> 
     </span>
     <span class='ocr_line' id='line_1_34' title="bbox 115 4335 1399 4420; baseline 0 -20"><span class='ocrx_word' id='word_1_257' title='bbox 115 4348 217 4400; x_wconf 88' lang='lat' dir='ltr'>tanto</span> <span class='ocrx_word' id='word_1_258' title='bbox 250 4335 376 4399; x_wconf 89' lang='lat' dir='ltr'>merito</span> <span class='ocrx_word' id='word_1_259' title='bbox 407 4335 569 4398; x_wconf 89' lang='lat' dir='ltr'>humanis</span> <span class='ocrx_word' id='word_1_260' title='bbox 600 4335 720 4399; x_wconf 89' lang='lat' dir='ltr'>verbis</span> <span class='ocrx_word' id='word_1_261' title='bbox 751 4335 886 4418; x_wconf 89' lang='lat' dir='ltr'>gratias</span> <span class='ocrx_word' id='word_1_262' title='bbox 914 4357 1040 4418; x_wconf 88' lang='lat' dir='ltr'>agere,</span> <span class='ocrx_word' id='word_1_263' title='bbox 1074 4337 1140 4401; x_wconf 89' lang='lat' dir='ltr'>nisi</span> <span class='ocrx_word' id='word_1_264' title='bbox 1164 4338 1294 4420; x_wconf 89' lang='lat' dir='ltr'>ingrati</span> <span class='ocrx_word' id='word_1_265' title='bbox 1321 4359 1399 4400; x_wconf 89' lang='lat' dir='ltr'>esse</span> 
     </span>
     <span class='ocr_line' id='line_1_35' title="bbox 117 4441 1399 4527; baseline 0.001 -21"><span class='ocrx_word' id='word_1_266' title='bbox 117 4446 299 4516; x_wconf 89' lang='lat' dir='ltr'>nolemus;</span> <span class='ocrx_word' id='word_1_267' title='bbox 324 4442 462 4524; x_wconf 89' lang='lat' dir='ltr'>agimus</span> <span class='ocrx_word' id='word_1_268' title='bbox 486 4441 594 4525; x_wconf 90' lang='lat' dir='ltr'>igitur</span> <span class='ocrx_word' id='word_1_269' title='bbox 618 4454 653 4505; x_wconf 88' lang='lat' dir='ltr'>et</span> <span class='ocrx_word' id='word_1_270' title='bbox 677 4443 820 4524; x_wconf 90' lang='lat' dir='ltr'>quidem</span> <span class='ocrx_word' id='word_1_271' title='bbox 844 4456 995 4526; x_wconf 90' lang='lat' dir='ltr'>quantas</span> <span class='ocrx_word' id='word_1_272' title='bbox 1011 4466 1198 4527; x_wconf 87' lang='lat' dir='ltr'>possumus</span> <span class='ocrx_word' id='word_1_273' title='bbox 1216 4446 1399 4525; x_wconf 75' lang='lat' dir='ltr'>maximaS,</span> 
     </span>
     <span class='ocr_line' id='line_1_36' title="bbox 118 4550 1399 4634; baseline -0.001 -20"><span class='ocrx_word' id='word_1_274' title='bbox 118 4552 233 4614; x_wconf 90' lang='lat' dir='ltr'>Deum</span> <span class='ocrx_word' id='word_1_275' title='bbox 258 4570 302 4613; x_wconf 90' lang='lat' dir='ltr'>ac</span> <span class='ocrx_word' id='word_1_276' title='bbox 319 4550 509 4613; x_wconf 91' lang='lat' dir='ltr'>Dominum</span> <span class='ocrx_word' id='word_1_277' title='bbox 534 4560 692 4613; x_wconf 92' lang='lat' dir='ltr'>nostrum</span> <span class='ocrx_word' id='word_1_278' title='bbox 716 4550 774 4632; x_wconf 91' lang='lat' dir='ltr'>pie</span> <span class='ocrx_word' id='word_1_279' title='bbox 799 4553 1054 4632; x_wconf 89' lang='lat' dir='ltr'>collaudantes,</span> <span class='ocrx_word' id='word_1_280' title='bbox 1079 4553 1175 4634; x_wconf 94' lang='lat' dir='ltr'>quod</span> <span class='ocrx_word' id='word_1_281' title='bbox 1194 4552 1223 4615; x_wconf 89' lang='lat' dir='ltr'>is</span> <span class='ocrx_word' id='word_1_282' title='bbox 1240 4572 1318 4615; x_wconf 92' lang='lat' dir='ltr'>cum</span> <span class='ocrx_word' id='word_1_283' title='bbox 1335 4553 1399 4614; x_wconf 89' lang='lat' dir='ltr'>tibi</span> 
     </span>
     <span class='ocr_line' id='line_1_37' title="bbox 119 4656 1399 4740; baseline 0.001 -20"><span class='ocrx_word' id='word_1_284' title='bbox 119 4657 244 4720; x_wconf 89' lang='lat' dir='ltr'>summi</span> <span class='ocrx_word' id='word_1_285' title='bbox 267 4657 303 4720; x_wconf 91' lang='lat' dir='ltr'>in</span> <span class='ocrx_word' id='word_1_286' title='bbox 328 4659 471 4720; x_wconf 86' lang='lat' dir='ltr'>saeculo</span> <span class='ocrx_word' id='word_1_287' title='bbox 495 4656 640 4721; x_wconf 88' lang='lat' dir='ltr'>honoris</span> <span class='ocrx_word' id='word_1_288' title='bbox 664 4658 822 4720; x_wconf 90' lang='lat' dir='ltr'>traderet</span> <span class='ocrx_word' id='word_1_289' title='bbox 844 4658 1041 4740; x_wconf 80' lang='lat' dir='ltr'>imperium,</span> <span class='ocrx_word' id='word_1_290' title='bbox 1065 4659 1163 4722; x_wconf 88' lang='lat' dir='ltr'>dedit</span> <span class='ocrx_word' id='word_1_291' title='bbox 1187 4670 1223 4722; x_wconf 90' lang='lat' dir='ltr'>et</span> <span class='ocrx_word' id='word_1_292' title='bbox 1246 4659 1399 4721; x_wconf 89' lang='lat' dir='ltr'>animum</span> 
     </span>
     <span class='ocr_line' id='line_1_38' title="bbox 120 4764 1399 4847; baseline 0.001 -21"><span class='ocrx_word' id='word_1_293' title='bbox 120 4764 361 4847; x_wconf 88' lang='lat' dir='ltr'>augustiorem</span> <span class='ocrx_word' id='word_1_294' title='bbox 385 4764 545 4845; x_wconf 87' lang='lat' dir='ltr'>imperio,</span> <span class='ocrx_word' id='word_1_295' title='bbox 570 4766 631 4827; x_wconf 87' lang='lat' dir='ltr'>sed</span> <span class='ocrx_word' id='word_1_296' title='bbox 658 4767 746 4826; x_wconf 90' lang='lat' dir='ltr'>haec</span> <span class='ocrx_word' id='word_1_297' title='bbox 770 4765 806 4826; x_wconf 92' lang='lat' dir='ltr'>in</span> <span class='ocrx_word' id='word_1_298' title='bbox 832 4767 959 4847; x_wconf 88' lang='lat' dir='ltr'>quibus</span> <span class='ocrx_word' id='word_1_299' title='bbox 983 4766 1104 4828; x_wconf 89' lang='lat' dir='ltr'>intimo</span> <span class='ocrx_word' id='word_1_300' title='bbox 1129 4766 1260 4829; x_wconf 89' lang='lat' dir='ltr'>affectu</span> <span class='ocrx_word' id='word_1_301' title='bbox 1279 4777 1399 4828; x_wconf 90' lang='lat' dir='ltr'>nostro</span> 
     </span>
    </p>
   </div>
   <div class='ocr_carea' id='block_1_9' title="bbox 149 4873 1240 4941">
    <p class='ocr_par' dir='ltr' id='par_1_9' title="bbox 149 4873 1240 4941">
     <span class='ocr_line' id='line_1_39' title="bbox 149 4873 1240 4941; baseline -0.001 -11"><span class='ocrx_word' id='word_1_302' title='bbox 149 4890 227 4941; x_wconf 74' lang='grc' dir='ltr'>ΒιΙιη,</span> <span class='ocrx_word' id='word_1_303' title='bbox 240 4890 383 4929; x_wconf 79' lang='lat' dir='ltr'>Documenta</span> <span class='ocrx_word' id='word_1_304' title='bbox 392 4890 530 4930; x_wconf 68' lang='lat' dir='ltr'>hotbertus.</span> <span class='ocrx_word' id='word_1_305' title='bbox 1224 4873 1240 4929; x_wconf 79' lang='grc'>5</span> 
     </span>
    </p>
   </div>
   <div class='ocr_carea' id='block_1_10' title="bbox 0 0 1687 5580">
    <p class='ocr_par' dir='ltr' id='par_1_10' title="bbox 0 0 1687 5580">
     <span class='ocr_line' id='line_1_40' title="bbox 0 0 1687 5580; baseline 0 0"><span class='ocrx_word' id='word_1_306' title='bbox 0 0 1687 5580; x_wconf 95' lang='lat' dir='ltr'> </span> 
     </span>
    </p>
   </div>
  </div>
 </body>
</html>
