3330 5580
676 530 923 601 wentae,

153 671 305 755 cipibus,
315 713 356 719 —
369 680 413 737 60.
426 676 641 738 solvanthoc
652 697 745 739 anno
757 677 907 738 ducibus
917 674 1009 738 XV¹¹¹
1024 673 1098 737 flor.
1114 713 1150 722 -
1163 694 1178 754 7
1192 725 1215 750 0.
1228 677 1369 739 solvant
1383 675 1437 739 tri·

152 783 224 844 bus
239 781 462 864 Principibus
487 781 697 862 80000fl0r,
723 793 759 845 et
783 803 852 864 quo
877 804 987 864 usque
1012 783 1107 844 illam
1133 803 1301 845 summam
1328 786 1439 847 solve-

154 888 244 963 rint,
280 899 425 951 teneant
455 890 635 972 principes
666 910 787 952 omnes
814 890 935 963 villas,
960 909 1091 971 pagos,
1124 901 1160 951 et
1184 911 1330 952 nemora
1354 892 1440 954 dicti

153 995 280 1078 oppidi
297 1016 363 1077 pro
378 996 546 1078 pignore.v
559 1033 602 1042 —
619 1010 663 1060 b0.
680 996 830 1078 singulis
846 996 949 1058 annis
965 1016 1031 1077 pro
1056 995 1264 1059 defensione
1281 1000 1440 1077 pendant

155 1102 381 1184 Principibus
411 1123 493 1181 1500
516 1101 592 1166 flor.
617 1140 660 1148 —
685 1119 731 1181 9⁰.
756 1114 791 1165 et
815 1102 978 1165 omnibus
1003 1103 1130 1164 diebus
1146 1103 1242 1166 vitae
1259 1124 1344 1167 suae
1369 1105 1439 1168 sint

153 1208 307 1272 infames
331 1221 367 1272 et
390 1211 533 1292 periuri,
559 1231 598 1273 ac
622 1209 800 1290 fidefragi,
825 1231 866 1272 ac
892 1230 957 1292 pro
989 1212 1120 1272 talibus
1150 1212 1369 1292 habeantur,
1404 1224 1439 1274 et

153 1326 363 1397 reputentur
388 1319 531 1399 impune
556 1320 603 1379 ab
627 1317 800 1378 omnibus.

247 1423 459 1487 Lubrienses
476 1424 608 1486 subditi
632 1425 757 1486 eodem
776 1423 873 1485 Maio
898 1425 1129 1495 rebellarunt:
1155 1445 1244 1506 quos
1268 1426 1439 1489 instructo

154 1531 316 1593 exercitu
342 1533 608 1613 aggredientes,
631 1531 792 1612 pluribus
817 1531 925 1605 cesis,
950 1531 1095 1612 reliquis
1125 1532 1248 1613 captis,
1281 1533 1438 1613 praecidi

154 1637 320 1700 fecerunt
344 1639 524 1720 longiores
550 1639 638 1700 duos
674 1637 806 1717 digitos
847 1638 930 1700 1800
973 1638 1131 1718 rusticis,
1166 1640 1200 1701 in
1236 1642 1437 1721 exemplum

154 1744 420 1824 fidefragorum.

247 1850 286 1911 ln
319 1853 453 1934 oppido
477 1851 655 1933 imperiali
683 1851 923 1931 Memmingen
951 1852 1144 1914 Lutherum
1175 1873 1262 1933 prae
1288 1854 1439 1915 coeteris

157 1956 284 2018 vicinis
299 1961 517 2038 pertinacius
541 1958 652 2019 secuti
678 1970 768 2036 sunt,
795 1970 830 2019 et
846 1959 1128 2039 praedicatorem
1155 1961 1326 2021 adversus
1342 1959 1438 2042 Epis-

154 2083 284 2145 copum
307 2065 411 2127 tutati
436 2080 532 2143 sunt,
565 2064 760 2126 catholicos
785 2067 992 2128 sacerdotes
1017 2068 1251 2146 expellendo:
1285 2068 1437 2146 tandem,

155 2181 283 2232 senatu
308 2173 452 2233 nolente
485 2171 624 2233 rusticis
657 2171 834 2234 seditiosis
865 2172 1035 2234 auxilium
1070 2171 1179 2253 ferre,
1213 2173 1439 2254 praedicator

155 2297 355 2340 sermonem
369 2279 404 2339 in
416 2279 587 2340 Senatum
600 2278 718 2356 vertit,
735 2289 770 2339 et
785 2278 992 2340 seditionem
1012 2279 1130 2341 movit.
1155 2279 1326 2341 Celeriter
1343 2280 1437 2361 ligae

154 2383 345 2464 implorant
362 2385 542 2464 auxilium,
563 2385 661 2447 cuius
679 2384 856 2446 exercitus
881 2385 1022 2467 longius
1046 2388 1171 2448 aberat
1197 2387 1231 2447 in
1247 2387 1436 2449 Franconi·

153 2493 242 2569 bus,
271 2492 496 2554 tumultuarie
521 2493 616 2555 mille
641 2493 780 2573 pedites
805 2492 1031 2574 colliguntur,
1056 2504 1091 2554 et
1116 2495 1264 2556 trecenti
1290 2495 1437 2575 equites,

152 2609 190 2660 et
215 2598 247 2659 in
274 2600 443 2661 auxilium
471 2599 624 2661 Senatus
649 2600 843 2663 mittuntur.
903 2600 1119 2662 lluodeeima
1148 2600 1241 2678 Junii
1266 2603 1435 2682 oppidum

151 2705 418 2784 ingrediuntur,
451 2720 523 2768 tres
557 2706 748 2768 lutherani
792 2727 873 2767 mox
900 2709 1139 2783 decollantur,
1171 2727 1319 2787 quorum
1348 2728 1437 2769 unus

153 2811 269 2873 fuerat
297 2813 572 2893 ludimagister,
606 2813 663 2894 qui
689 2833 783 2874 anno
809 2814 983 2894 superiori
1009 2814 1250 2875 calendarium
1276 2815 1435 2877 ediderat

154 2918 393 2980 lutheranum
420 2920 575 2981 omnium
599 2933 811 2997 sanctorum,
837 2921 942 2982 etiam
967 2921 1113 3000 Mariae,
1137 2921 1237 2985 sestis
1266 2923 1437 2984 exclusis:

156 3024 388 3087 Praedicator
418 3025 693 3106 Christophorus
719 3028 889 3108 Sthaplar
914 3028 946 3088 in
977 3028 1138 3089 muliebri
1174 3028 1295 3090 habitu
1325 3029 1437 3090 evasit

154 3150 233 3191 cum
258 3132 418 3212 pluribus
444 3133 685 3212 complicibus,
711 3135 769 3214 qui
786 3136 829 3194 ad
856 3134 1044 3196 seditiosos
1068 3135 1218 3196 rusticos
1244 3148 1436 3215 currenteS,

152 3238 251 3319 ipsos
275 3251 400 3301 contra
425 3240 594 3320 oppidum
630 3253 790 3318 movent,
825 3246 919 3322 quo'l
945 3252 1025 3303 octo
1051 3243 1202 3303 millibus
1228 3243 1435 3303 rusticorum

152 3345 340 3408 obsidione
365 3347 564 3421 cinxerunt,
590 3348 851 3428 decimaquinta
875 3348 1007 3410 mensis
1030 3348 1133 3426 Junii.

152 3540 528 3605 Monasteriavel
552 3544 766 3623 spoliata,
792 3546 856 3606 vel
883 3543 982 3625 igne
1007 3557 1164 3606 exusta
1193 3546 1232 3605 in
1261 3544 1428 3608 Svevis.

263 3668 541 3729 Ochsenhausen
817 3669 956 3731 Beuren

263 3774 437 3837 Bucherm
823 3775 1037 3856 Wingarten

263 3881 416 3943 Marhtal
823 3881 1033 3942 Weisenaro

265 3988 449 4051 Zwiialten
818 3988 1035 4050 Bickenreut

266 4096 511 4175 Rochenburg
817 4096 1023 4159 Richenaro

265 4202 559 4265 Wettenhausem
821 4204 1089 4267 l‘lanclrstetten

261 4308 516 4383 Oberstonsalt,
543 4319 704 4371 exustum
817 4312 853 4372 S.
880 4311 1027 4391 Georgii

266 4416 484 4478 Edelstetten
819 4416 853 4479 S.
882 4419 989 4481 Blasii

262 4524 455 4586 Minchrott
820 4526 855 4586 S.
884 4525 977 4587 l’etri

262 4628 507 4693 Ottenbeuren
817 4631 852 4695 S.
878 4631 1042 4713 'l'ruperti

263 4738 345 4814 lrsa,
370 4738 404 4799 in
432 4738 571 4818 Algoiis
821 4739 933 4801 lorch
1029 4731 1039 4827 l

264 4845 483 4925 ¹steingaden
821 4845 1006 4925 :ldelberg
1027 4828 1036 4920 Ι

1117 4472 1150 4533 in
1177 4472 1279 4554 nigra
1303 4472 1412 4553 Sylva

1063 4803 1190 4852 exusta

182 4968 261 5011 ilaluu.
276 4970 417 5008 nocumenta
430 4972 565 5010 lnrtlnuanu.
