3330 5580
713 437 958 503 eaesae*

191 588 270 652 eius
296 589 470 653 industria
494 588 737 672 precipueque
770 591 947 670 doctrina,
982 601 1017 653 et
1048 591 1190 654 intimus
1215 594 1328 672 zeluS,
1361 594 1477 675 (quem

188 709 291 758 certe
316 698 476 760 intanta
508 699 704 779 reipublice
730 698 951 760 Christianae
977 699 1177 761 calamitate
1209 711 1245 761 et
1274 700 1475 763 discrimine

187 805 380 884 cujuslibet
403 826 488 868 vere
515 805 704 867 Christiani
731 805 883 867 hominis
899 818 1024 886 pectus
1040 805 1194 868 insidere
1220 808 1335 886 decet)
1361 811 1476 870 clarus

190 909 411 992 illustrisque
429 912 565 983 extitit;
592 932 701 993 quare
726 912 828 974 huius
853 911 919 973 viri
944 914 1159 974 dexteritate
1174 912 1245 977 fide
1262 925 1298 976 et
1315 916 1476 976 doctrina

188 1036 304 1098 usque
328 1019 419 1081 adeo
438 1018 593 1081 devincti
608 1028 714 1099 atque
738 1019 847 1082 illecti
872 1039 1000 1088 sumus,
1026 1029 1064 1080 ut
1087 1019 1201 1101 ipsum
1219 1041 1305 1102 prae
1325 1022 1476 1083 coeteris

190 1127 488 1205 supramemorati
518 1126 589 1188 Avi
623 1126 734 1188 nostri
759 1126 971 1188 consiliariis
993 1128 1107 1189 solum
1132 1127 1277 1207 dignum
1303 1129 1476 1190 censueri-

191 1251 279 1310 muS,
304 1252 408 1312 quem
433 1235 528 1313 apud
553 1252 618 1294 nos
643 1233 678 1294 in
702 1232 876 1314 Hispania
902 1235 1133 1312 haberemus,
1159 1235 1304 1315 eiusque
1329 1235 1475 1298 consilio

193 1347 229 1399 et
253 1358 365 1419 opere
389 1338 424 1401 in
450 1339 757 1402 administratione
782 1337 881 1401 Sacri
908 1339 1062 1402 Romani
1088 1340 1231 1421 Imperii
1256 1341 1475 1423 potissimum

193 1455 394 1517 uteremur;
429 1467 498 1527 qua
532 1445 566 1507 in
597 1466 738 1509 recum
762 1446 864 1508 nobis
888 1447 937 1508 ita
962 1466 1106 1527 operam
1138 1467 1236 1508 suam
1271 1458 1394 1526 navet,
1428 1449 1473 1508 ni-

192 1551 313 1632 hilque
347 1551 462 1633 ipsum
494 1552 529 1614 in
562 1553 724 1615 omnibus
762 1552 963 1615 actionibus
997 1552 1068 1614 suis
1099 1563 1169 1614 tam
1201 1553 1299 1614 cordi
1331 1554 1475 1631 habere,

192 1670 337 1740 tamque
369 1661 513 1722 studere
553 1668 588 1721 et
622 1661 743 1722 conari
774 1660 1105 1738 animadvertimus,
1138 1680 1241 1740 quam
1274 1680 1340 1741 pro
1369 1673 1475 1740 pacto

194 1766 373 1828 lutherani
398 1765 528 1828 furoris
552 1766 648 1828 virus
674 1788 693 1828 e
719 1766 912 1828 Germania
940 1778 1061 1828 nostra
1086 1787 1189 1848 quam
1221 1767 1403 1828 celerrime
1435 1788 1476 1828 ac

193 1873 398 1955 plenissime
424 1872 595 1955 extirpari
620 1883 655 1935 et
680 1874 785 1935 evelli
810 1872 938 1953 possit;
967 1873 1045 1953 jure
1081 1874 1205 1935 merito
1238 1873 1475 1953 cogitationes

194 1991 335 2042 nostras
370 1979 405 2041 in
442 1982 566 2042 eodem
604 1983 764 2041 ornando
809 1994 916 2061 atque
958 1981 1182 2042 honestando
1227 1980 1475 2042 convertimus.

193 2086 326 2148 Verum
352 2107 429 2148 cum
455 2086 532 2168 ipse
557 2107 627 2148 non
662 2087 726 2148 nisi
760 2087 795 2148 in
825 2089 1006 2167 superiore
1042 2085 1234 2149 Germania
1268 2087 1383 2166 patria
1413 2107 1476 2148 sua

195 2192 457 2254 Ecclesiasticis
493 2192 676 2254 beneficiis
702 2192 827 2254 donari
861 2202 895 2254 et
927 2193 1143 2255 remunerari
1177 2193 1314 2273 cupiat,
1352 2193 1474 2255 Nobis·

195 2319 261 2379 que
289 2318 355 2379 pro
380 2319 473 2360 nunc
499 2300 594 2361 nulla
619 2299 664 2360 sit
694 2299 729 2360 in
761 2320 804 2361 ea
832 2298 1010 2379 provintia
1040 2298 1328 2361 Sacerdotiorum
1357 2299 1473 2361 confe-

193 2407 383 2468 rendorum
424 2406 576 2469 facultas
620 2416 680 2468 aut
718 2406 964 2483 commoditaS,
1005 2407 1245 2487 supplicamus
1287 2406 1475 2469 Sanctitatl

196 2512 347 2575 Vestrae
384 2514 488 2575 etiam
526 2524 632 2594 atque
669 2513 774 2575 etiam
811 2513 978 2594 dignetur
1011 2516 1068 2575 vel
1103 2524 1226 2575 nostra
1257 2534 1377 2583 causa.
1416 2515 1475 2575 vel

195 2619 404 2682 eximiorum
428 2621 533 2682 etiarn
559 2619 643 2681 dicti
669 2618 888 2681 balthasaris
913 2620 1114 2681 meritorum
1140 2621 1285 2696 intuitu,
1318 2622 1372 2681 vel
1397 2641 1474 2701 pro·

194 2738 273 2807 pter
296 2726 408 2807 ipsius
432 2727 466 2788 in
493 2726 660 2789 Sanctam
685 2727 787 2788 istam
812 2724 942 2788 Sedem
968 2726 1157 2807 singularis
1182 2727 1287 2789 studii
1326 2739 1360 2789 et
1391 2727 1475 2788 fidei

195 2835 367 2909 ardorem,
394 2832 509 2894 eidem
534 2834 579 2895 de
604 2833 749 2914 speciali
775 2844 895 2894 vestra
920 2832 1035 2913 gratia
1060 2833 1338 2895 reservationem
1363 2834 1474 2895 Bene·

195 2938 352 3001 liciorum
381 2938 710 3001 Ecclesiasticorum
737 2960 847 3019 usque
873 2941 917 3000 ad
951 2960 1119 3001 summam
1149 2940 1297 3001 duorum
1330 2940 1474 3001 millium

196 3047 411 3109 Ducatorum
436 3047 532 3124 auri,
557 3047 590 3109 in
616 3047 819 3108 civitatibus
844 3056 879 3108 et
904 3047 1044 3108 Dioces.
1072 3046 1312 3124 l'reverensis,
1339 3047 1474 3127 Argen·

196 3154 360 3234 tinensis,
391 3153 672 3216 Constantiensis
697 3165 731 3216 et
770 3154 992 3231 Basiliensis,
1031 3154 1193 3235 proxime
1230 3166 1476 3215 vacaturorum

196 3261 350 3342 benigne
390 3263 603 3331 concedere;
642 3261 690 3322 ita
727 3261 868 3341 quidem
905 3263 999 3341 quod
1036 3259 1232 3340 hujusmodi
1269 3259 1475 3341 reservatio,

196 3368 298 3431 etiam
330 3369 375 3430 ad
410 3368 614 3449 Dignitates
642 3369 857 3449 principales
881 3378 951 3429 tarn
985 3366 1340 3447 Metropolitanarunr
1370 3387 1473 3446 quam

195 3474 298 3537 etiam
328 3474 591 3538 Cathedralium
622 3485 656 3535 et
685 3474 961 3553 Collegiatarum
991 3473 1229 3536 Ecclesiarum
1263 3472 1299 3534 in
1329 3473 1474 3536 meliore

195 3580 308 3644 forma
334 3580 501 3644 latissime
527 3582 756 3660 extendatur,
793 3602 833 3643 ac
866 3581 972 3643 etiam
1009 3581 1036 3642 si
1069 3600 1158 3660 opus
1187 3579 1308 3657 fuerit,
1345 3580 1403 3660 qui
1439 3582 1474 3642 in

195 3689 392 3770 hujusmodi
425 3687 656 3749 concessione
688 3688 884 3750 reservatio
920 3687 1112 3769 spiritualis
1141 3689 1184 3748 ad
1225 3686 1475 3767 Proposituras

195 3806 395 3858 sanctorum
431 3794 567 3857 Paulini
598 3806 633 3856 et
658 3794 846 3877 Symeonis
877 3795 966 3856 intra
998 3805 1033 3856 et
1061 3804 1163 3856 extra
1194 3814 1312 3856 muros
1346 3794 1473 3855 Treve-

196 3902 308 3965 rensis
333 3901 446 3963 eidem
472 3913 726 3983 compactatur.
775 3902 813 3962 In
839 3922 908 3982 quo
934 3899 1113 3963 Sanctitas
1131 3900 1261 3963 Vestra
1277 3922 1349 3963 rem
1366 3900 1475 3962 faciet

195 4020 228 4071 et
251 4010 442 4072 clementia
465 4029 529 4071 sua
554 4009 715 4089 dignam,
751 4019 786 4070 et
820 4008 922 4070 nobis
955 4007 1126 4089 imprimis
1155 4007 1341 4068 iucundam
1367 4020 1473 4086 atque

194 4127 388 4198 acceptam,
411 4135 517 4196 quam
542 4136 605 4176 nos
629 4115 735 4177 etiam
761 4135 848 4194 erga
873 4135 950 4177 eam
975 4114 1069 4175 omni
1092 4113 1192 4175 filiali
1217 4126 1337 4175 nostra
1355 4116 1473 4174 obser·

196 4223 316 4285 vantia
340 4241 599 4303 recognoscere
619 4221 869 4300 laborabimus,
896 4222 1190 4302 quemadmodum
1216 4241 1260 4282 ex
1285 4219 1473 4301 magnifico

197 4326 290 4391 fideli
315 4327 449 4390 dilecto
474 4327 626 4391 Oratore
652 4339 687 4390 et
712 4327 923 4390 Consiliario
947 4337 1068 4389 nostro
1093 4324 1256 4390 Gerardo
1281 4329 1325 4389 de
1353 4326 1474 4405 Plana,

195 4434 311 4517 Rupis
335 4434 488 4497 Domino
520 4436 588 4513 (cui
622 4434 655 4496 in
685 4434 739 4495 his
771 4434 876 4496 etiam
901 4433 1136 4495 omnimodam
1161 4432 1266 4494 fidem
1292 4445 1326 4495 et
1351 4433 1472 4515 benig·

194 4561 271 4605 nam
306 4541 521 4603 audientiam
558 4541 720 4603 exhiberi
759 4540 930 4621 cupimus)
968 4540 1071 4602 latius
1099 4538 1301 4619 intelligere
1332 4540 1471 4621 poterit,

197 4658 231 4711 et
254 4645 488 4711 Sanctitatem
514 4649 679 4710 Vestram
704 4647 835 4729 optime
861 4650 981 4708 valere
1004 4657 1326 4726 sacrosanctaeque
1354 4646 1472 4709 Eccle-

195 4755 266 4817 siae
292 4755 351 4815 diu
376 4753 553 4816 foeliciter
576 4775 721 4836 preesse
747 4753 917 4835 cupimus
961 4754 1090 4816 Datum
1114 4752 1149 4814 in
1174 4752 1328 4815 Civitate
1353 4763 1474 4816 nostra

218 4878 299 4927 Mau,
313 4878 454 4918 Documenta
464 4879 601 4919 Luttrerana.
1279 4857 1313 4913 23
