3330 5580
761 1239 790 1302 1.

345 1375 507 1443 1111101110
533 1378 609 1443 nnn
634 1378 803 1447 8011111111.
829 1382 865 1447 S‘.
892 1382 931 1448 ll'.
956 1384 1044 1466 111111.
1070 1384 1204 1452 electori

577 1520 695 1604 Leo
730 1521 845 1605 PP.
880 1522 986 1624 ΣΕ)

497 1675 1046 1748 1111111110111111111111.Θ1)

658 1823 779 1890 [8.]1111
802 1822 888 1890 1520.)

220 2093 359 2155 Dilecta
390 2091 439 2153 fili
471 2092 619 2153 salutem
651 2100 686 2153 et
717 2092 949 2173 apostolicam
984 2093 1278 2158 benedictionem.
1331 2096 1410 2160 Cre·

118 2205 216 2264 dere
248 2201 409 2261 volumus
441 2198 662 2260 nobilitatem
694 2208 790 2260 tuam
823 2219 898 2279 nos,
930 2211 965 2261 et
989 2219 1055 2280 pro
1080 2211 1206 2263 natura
1230 2213 1351 2265 nostra
1377 2217 1412 2266 et

118 2328 193 2391 pro
221 2306 397 2369 Pastorali
422 2306 517 2387 quod
542 2304 697 2384 gerimus
721 2304 850 2384 offici0,
876 2308 921 2367 ad
947 2308 1128 2369 lenitatem
1154 2319 1189 2371 et
1213 2320 1409 2372 mansuetu·

117 2416 247 2477 dinem
262 2431 472 2494 propensos
499 2413 646 2474 moleste
669 2412 859 2473 admodum
882 2411 977 2475 ferre
1004 2435 1083 2475 cum
1100 2418 1156 2477 vel
1172 2436 1262 2478 unus
1282 2417 1410 2498 aliquis

119 2544 171 2587 ex
196 2540 313 2603 grege
338 2539 459 2581 eorum
485 2517 544 2599 qui
569 2538 670 2580 sacro
695 2518 830 2600 perfusi
854 2520 1068 2600 baptismate
1092 2520 1154 2583 filii
1178 2533 1260 2584 sunt
1284 2534 1319 2584 et
1344 2525 1410 2586 Dei

120 2641 161 2693 et
195 2626 324 2706 nostri,
358 2624 490 2706 aliquid
523 2624 717 2687 committat
750 2625 784 2687 in
818 2628 934 2707 legem
965 2637 1123 2690 sanctam
1148 2637 1183 2690 et
1208 2627 1410 2710 scripturas,

120 2757 197 2819 quo
230 2733 308 2816 ejici
340 2754 385 2795 ex
417 2733 569 2794 ecclesia
601 2741 792 2803 mereatur;
827 2734 884 2794 vel
916 2753 994 2795 curn
1025 2733 1086 2795 illo
1113 2735 1158 2795 ad
1187 2735 1333 2797 sceleris
1357 2737 1409 2797 sui

120 2842 320 2919 vesaniam,
357 2850 392 2901 et
416 2839 668 2902 contumatiam
704 2849 739 2901 et
772 2840 1047 2903 obstinationem
1079 2842 1235 2904 addente
1267 2844 1312 2903 ad
1346 2862 1410 2905 nos

119 2947 329 3013 necessario
355 2945 513 3008 defertur
537 2946 710 3009 severitas
735 2946 953 3009 vindicandi:
988 2947 1078 3009 Nam
1104 2957 1138 3009 et
1157 2947 1334 3010 interitum
1352 2952 1409 3011 vel

119 3055 292 3120 minimae
317 3054 394 3115 ovis
418 3075 464 3116 ex
488 3073 601 3135 grege
627 3063 747 3115 nostro
772 3073 850 3115 cum
875 3055 998 3117 dolore
1023 3054 1185 3134 ferimus,
1212 3064 1247 3115 et
1271 3075 1410 3136 poenae

119 3161 389 3227 animadversio
420 3159 680 3223 mansuetudini
713 3171 855 3222 nostrae
887 3163 1118 3223 vehementer
1142 3170 1195 3222 est
1219 3162 1407 3224 contraria.
1447 3244 1450 3251 .

119 3273 252 3350 ltaque
276 3269 418 3330 Testem
444 3268 558 3328 Deum
591 3266 869 3349 omnipotentem
899 3278 934 3329 et
958 3277 1053 3330 tuam
1077 3267 1299 3330 nobilitatem
1324 3269 1406 3330 faci-

119 3398 202 3441 mus
218 3395 283 3437 nos
296 3376 368 3456 jam
390 3376 435 3436 ab
453 3373 551 3435 initio
569 3395 648 3436 cum
665 3373 808 3436 Martini
827 3373 984 3454 Lutheri,
1009 3394 1113 3455 quem
1128 3374 1238 3436 filium
1256 3376 1406 3457 amplius

119 3495 285 3548 nostrum
311 3502 440 3544 vocare
465 3502 534 3543 non
551 3501 748 3562 possumuS,
773 3481 922 3562 primum
940 3481 1180 3544 malivolentia
1198 3493 1232 3543 et
1248 3482 1408 3544 inaudito

119 3592 279 3674 quodam
303 3588 337 3649 in
363 3590 454 3650 hanc
479 3587 745 3649 Sanctissimam
767 3585 898 3650 Sedem
923 3596 1106 3669 totumque
1130 3608 1258 3650 nomen
1277 3589 1406 3651 Roma-

119 3719 206 3761 num
240 3695 324 3757 odio
356 3702 643 3775 prorumpentem
668 3694 920 3769 temeritatem,
952 3693 1083 3756 deinde
1113 3714 1224 3774 usque
1254 3696 1300 3757 ad
1324 3695 1407 3757 fidei

120 3806 351 3868 orthodoxae
367 3801 597 3863 fundamenta
615 3803 861 3881 convellenda,
886 3804 1011 3881 bonos,
1036 3812 1071 3863 et
1086 3821 1202 3863 mores
1221 3812 1256 3863 et
1271 3802 1406 3864 animos

120 3910 423 3991 corrumpendOS,
463 3928 672 3990 omnemque
713 3909 872 3970 ordinem
913 3908 1133 3970 Christianae
1167 3909 1406 3990 Reipublicae

120 4016 400 4101 pervertendum
424 4024 630 4096 provectam
655 4014 828 4077 insaniam
853 4015 1054 4078 videremus
1080 4015 1208 4077 diutius
1230 4038 1308 4077 esse
1328 4037 1404 4096 pas-

120 4146 197 4205 sos,
229 4143 333 4204 quam
358 4122 504 4185 forsitan
530 4123 719 4202 pastoralis
744 4121 858 4185 Curae
884 4122 1067 4203 vigilantia
1092 4126 1311 4203 postulabat:
1343 4126 1404 4185 sed

121 4253 166 4293 ea
181 4250 246 4314 spe
264 4250 343 4291 esse
360 4249 493 4310 passos,
512 4231 606 4311 quod
623 4229 720 4291 illum
736 4230 780 4291 ad
798 4229 1052 4310 poenitentiam
1069 4230 1239 4309 converti,
1257 4243 1292 4292 et
1310 4243 1404 4292 tuam

120 4338 346 4403 nobilitatem
380 4355 448 4397 non
480 4336 613 4399 offendi
647 4336 856 4419 optavimus,
910 4335 969 4398 Sic
1004 4337 1095 4399 enim
1128 4337 1301 4399 communi
1336 4358 1404 4400 orn-

120 4447 219 4509 nium
250 4464 412 4507 sermone
443 4445 735 4525 praedicabatur,
770 4445 833 4505 tibi
857 4445 955 4506 illum
980 4447 1123 4506 charum
1148 4455 1405 4526 acceptumque

121 4573 214 4634 esse,
243 4564 375 4633 tuoque
399 4552 495 4613 illum
520 4550 717 4632 patrocinio
742 4552 857 4632 magis
881 4551 1049 4614 confisum
1074 4573 1179 4633 quam
1204 4554 1404 4632 oportebat,

144 4752 168 4814 1)
194 4748 333 4797 Diversam
360 4748 467 4795 omnino
490 4747 628 4810 epistolam
653 4747 792 4796 ediderunt
817 4749 987 4812 impressores
1012 4764 1119 4811 operum
1143 4747 1268 4805 Lutlieri,
1295 4749 1327 4795 de
1353 4764 1405 4811 qua

194 4828 309 4878 diximus
328 4829 355 4877 in
376 4829 546 4892 praelatione.

147 4935 231 4985 unt-n,
245 4934 388 4973 Documenta
399 4934 535 4973 burburena.
1228 4915 1242 4968 l
