3330 5580
719 468 947 525 eatbam

190 615 274 690 siae,
300 616 397 696 cujus
412 615 515 677 nobis
536 636 580 677 ex
606 617 726 677 suain
755 615 974 695 Imperatore
999 613 1174 675 electione
1199 611 1266 675 sibi
1290 632 1472 693 compara-

189 723 250 800 vit,
275 723 309 784 in
329 724 574 784 mandatorum
599 734 796 784 nostrorum
812 721 932 783 debita
958 720 1170 783 executione
1194 719 1407 800 prestisisse,
1431 739 1474 781 ac

185 830 287 910 juxta
311 849 409 911 spem
436 839 590 891 nostram
616 828 825 910 precipuum
848 827 931 890 fidei
956 826 1155 890 catholicae
1180 826 1406 889 defensorem
1435 847 1473 888 se

190 936 394 998 exhibuisse
420 947 455 998 et
479 947 648 1016 quantum
673 936 707 997 in
734 956 776 998 ea
800 934 866 997 fuit
891 935 923 995 in
950 936 1046 996 nulla
1070 954 1109 995 re
1135 932 1291 996 defuisse
1308 954 1378 1015 quo
1396 933 1473 1014 ipse

189 1042 363 1104 Martinus
387 1042 611 1124 resipisceret
636 1055 671 1103 et
696 1044 741 1104 ad
768 1042 859 1104 viam
886 1041 1045 1103 veritatis
1066 1040 1210 1118 rediret,
1234 1050 1340 1121 prout
1357 1049 1392 1101 et
1409 1060 1474 1102 nos

190 1151 321 1211 nullum
353 1149 508 1211 officium
540 1149 843 1230 praetermisimus
873 1159 912 1209 ut
948 1149 1021 1228 ejus
1054 1146 1204 1209 animam
1229 1148 1307 1210 Deo
1333 1145 1472 1210 lucrifa-

189 1276 367 1334 ceremus,
400 1277 442 1318 ac
473 1257 521 1336 pii
554 1276 650 1318 more
682 1256 836 1337 pastoris
861 1276 963 1318 ovem
989 1254 1164 1335 perditam
1189 1254 1233 1315 ad
1259 1255 1396 1315 caulam
1421 1274 1472 1315 re-

189 1365 397 1426 duceremus
429 1374 463 1425 et
494 1362 602 1424 filium
634 1362 824 1444 prodigum
848 1363 1002 1444 benigne
1028 1364 1284 1444 reciperemus,
1309 1362 1369 1444 qui
1394 1382 1472 1424 cum

189 1468 398 1531 medicinam
432 1471 622 1531 salutarem
657 1479 692 1531 et
723 1481 909 1550 paternam
943 1483 1099 1531 nostram
1124 1470 1351 1533 monitionem
1376 1489 1472 1550 spre-

189 1576 294 1654 verit,
320 1587 354 1638 et
371 1597 442 1639 non
460 1578 572 1638 solum
588 1597 626 1639 se
649 1575 920 1656 emendaverit¹)
941 1577 1004 1638 sed
1030 1576 1154 1657 peiora
1177 1577 1357 1658 prioribus
1380 1576 1471 1638 fece-

189 1683 233 1744 rit
259 1692 295 1745 et
308 1682 417 1745 faciet
433 1683 556 1763 indies
574 1693 610 1745 et
633 1681 769 1764 premio
795 1694 830 1745 et
854 1703 948 1764 pena
972 1683 1040 1745 sibi
1064 1703 1129 1764 per
1154 1705 1219 1746 nos
1244 1684 1384 1762 oblatis,
1413 1703 1471 1765 pe-

188 1810 269 1853 nam
285 1790 403 1871 potius
425 1810 529 1871 quam
553 1790 725 1871 premium
749 1792 894 1868 habere,
919 1789 1117 1872 impiusque
1142 1791 1322 1854 hereticus
1339 1810 1418 1852 esse
1437 1797 1472 1850 et

190 1900 384 1959 membrum
418 1899 598 1978 putridum
628 1896 704 1959 lieri
739 1909 773 1958 et
807 1918 827 1958 a
858 1897 1014 1959 fidelium
1041 1897 1221 1960 consortio
1246 1897 1388 1959 excludi
1413 1916 1472 1956 vo·

189 2003 293 2066 luerit
324 2016 360 2066 et
392 2006 512 2085 plures
548 2004 636 2067 alios
672 2004 718 2065 ad
753 2002 924 2066 nefariam
961 2013 1093 2067 sectam
1129 2025 1227 2066 suam
1263 2002 1473 2085 perduxerit

189 2131 360 2192 suumque
391 2111 508 2192 potius
539 2131 667 2174 nomen
701 2130 768 2191 per
791 2110 1007 2191 impietatem
1032 2119 1066 2174 et
1091 2110 1357 2192 pervicaciam¹)
1382 2112 1470 2172 cele-

189 2218 284 2280 brari
317 2238 422 2300 quam
447 2218 514 2280 Dei
541 2217 656 2299 gloria
685 2217 744 2298 pie
769 2227 805 2279 et
828 2218 1005 2279 humiliter
1030 2239 1068 2280 se
1092 2220 1253 2300 gerendo
1278 2217 1472 2280 collaudari

190 2325 472 2407 praeoptaverit;
510 2326 584 2387 Nos
615 2325 728 2406 ipsum
758 2325 919 2406 aliosque
943 2345 1022 2387 cum
1047 2346 1090 2387 eo
1116 2327 1289 2406 quosdam
1313 2346 1359 2387 ex
1383 2345 1471 2406 quo-

125 2440 141 2517 ὐ
189 2453 265 2494 rum
300 2432 440 2513 scriptis
472 2431 610 2494 notorie
642 2433 745 2494 nobis
777 2432 934 2494 constitit
958 2432 1072 2513 ipsum
1098 2433 1290 2494 Lutherum
1316 2452 1357 2493 ac
1381 2431 1472 2492 falsa

190 2540 264 2621 ejus
288 2540 421 2620 scripta
446 2558 508 2601 eos
531 2538 641 2601 fuisse
666 2539 832 2619 imitatos,
858 2550 892 2601 et
909 2540 999 2601 alios
1015 2539 1050 2601 in
1067 2539 1309 2621 publicatione
1324 2538 1471 2600 aliarum

189 2646 384 2708 litterarum
409 2645 643 2708 nominandos
667 2667 709 2708 ac
734 2646 822 2709 alios
847 2646 916 2709 illis
940 2648 1154 2708 adherentes
1172 2646 1382 2727 illorumque
1398 2644 1470 2706 fau·

189 2762 285 2814 tores
321 2764 356 2813 et
391 2762 635 2832 receptatores
671 2753 829 2815 notorios
867 2753 1044 2816 hereticos
1084 2773 1162 2814 esse
1202 2753 1471 2815 declaravimus.

190 2859 290 2920 Nunc
324 2879 410 2920 vero
444 2859 539 2940 quod
571 2861 743 2942 reliquum
777 2872 845 2939 est,
879 2862 1105 2923 attendentes
1130 2871 1299 2941 quantum
1323 2859 1472 2942 periculi

190 2965 373 3027 catholicis
406 2966 568 3028 omnibus
600 2967 782 3030 imminere
813 2977 920 3049 atque
955 2968 1118 3030 accidere
1150 2979 1272 3048 posset
1298 2968 1344 3049 si,
1376 2968 1471 3048 quod

189 3071 293 3150 absit,
318 3072 438 3135 debita
463 3072 659 3136 litterarum
685 3084 720 3136 et
744 3075 942 3137 sententiae
967 3075 1226 3137 declaratoriae
1252 3086 1394 3137 nostrae
1411 3076 1470 3137 hu·

185 3179 337 3260 jusmodi
363 3181 528 3242 executio
553 3180 758 3260 diferretur,
791 3183 934 3263 cujusve
959 3181 1054 3244 modi
1078 3182 1328 3244 detrimentum
1353 3201 1470 3243 succe-

189 3287 289 3348 deret
323 3286 351 3348 si
383 3307 481 3349 mora
513 3287 673 3368 quamvis
700 3309 813 3369 parva
836 3289 1123 3370 interponeretur
1148 3309 1217 3369 quo
1252 3288 1366 3350 minus
1399 3309 1470 3350 cre-

188 3393 301 3455 scenti
319 3394 411 3474 pesti
426 3415 468 3456 ac
493 3398 618 3457 morbo
638 3395 875 3458 invalescenti
889 3409 1137 3458 occurreretur
1151 3417 1229 3458 curn
1247 3397 1342 3477 quod
1359 3395 1469 3457 nostri
1496 3450 1499 3455 .

187 3499 296 3562 officii
322 3512 398 3563 erat
422 3501 458 3563 id
483 3502 705 3565 considerate
730 3523 772 3564 ac
798 3502 987 3582 diligenter
1009 3523 1074 3583 per
1091 3523 1155 3565 nos
1172 3501 1279 3565 fuerit
1294 3502 1470 3582 effectum,

188 3607 360 3688 siquidem
386 3628 510 3671 sacrae
534 3609 738 3690 theologiae
762 3630 803 3671 ac
829 3609 1010 3691 utriusque
1030 3610 1118 3691 juris
1143 3610 1408 3690 professoribus
1434 3611 1469 3672 in

188 3713 372 3776 consilium
396 3716 533 3777 vocatis
557 3736 599 3778 ac
624 3719 730 3779 rebus
755 3716 918 3778 omnibus
943 3738 1012 3778 una
1037 3738 1114 3779 cum
1139 3716 1310 3779 fratribus
1341 3717 1470 3779 nostris

188 3820 378 3903 diligenter
403 3822 563 3885 excussis
588 3835 623 3885 et
648 3823 875 3902 examinatiS,
904 3823 1056 3904 praefati
1081 3823 1225 3886 Martini
1251 3826 1394 3906 ejusque
1419 3846 1469 3886 se-

188 3928 351 4008 quacium
385 3928 495 3992 falsos
526 3950 568 3992 ac
600 3931 820 3993 damnabiles
846 3951 984 3993 errores
1010 3931 1254 3993 damnavimus
1279 3952 1470 4012 eorumque

188 4046 352 4096 auctores
385 4035 483 4116 ipsos
517 4048 684 4119 tanquam
719 4037 899 4099 morbidas
930 4040 1087 4119 pecudes
1113 4061 1156 4100 ne
1186 4050 1296 4101 totum
1322 4059 1471 4120 gregem

188 4153 456 4224 corrumperent
481 4144 695 4206 exclusimus
727 4164 769 4206 ac
803 4165 972 4207 censuras
1001 4165 1042 4206 ac
1074 4166 1186 4227 penas
1211 4146 1471 4208 ecclesiasticas

188 4249 478 4312 denunciavimus
507 4251 615 4332 prius,
645 4251 775 4315 deinde
801 4252 906 4315 etiam
940 4251 1131 4315 infliximus
1168 4255 1276 4330 ade0,
1312 4264 1350 4314 ut
1385 4253 1470 4314 nihil

188 4376 375 4437 superesse
404 4357 568 4421 videatur
592 4359 658 4420 nisi
682 4370 720 4421 ut
745 4379 892 4440 quorum
918 4370 972 4422 est
995 4361 1083 4422 haec
1108 4369 1269 4441 potestas
1293 4361 1471 4438 mandata,

187 4463 223 4525 hi
248 4473 368 4526 nostra
394 4465 597 4529 executioni
621 4466 765 4529 debitae
789 4467 949 4531 mandari
974 4477 1183 4548 procurent,
1209 4479 1325 4528 mente
1351 4478 1471 4529 nostra

187 4572 414 4634 revolventes
439 4573 613 4635 neminem
639 4593 684 4634 ex
709 4573 873 4635 omnibus
897 4574 1044 4653 regibus
1068 4594 1109 4636 ac
1135 4573 1356 4654 principibus
1383 4574 1470 4636 chri-

211 4719 232 4771 ἰ
259 4715 382 4763 Fortasse
401 4731 446 4775 „se
466 4731 519 4765 uon
538 4716 744 4767 emendaverit“.

206 4790 228 4863 ¹³)
258 4797 287 4842 lu
308 4811 354 4843 ms,
374 4795 470 4858 legitur
486 4799 654 4860 provinciam
674 4796 720 4844 sed
740 4811 857 4845 erronee.
