3330 5580
703 465 761 520 043
799 465 852 519 374
890 463 948 518 fb>

276 612 453 674 Vedendo
476 614 526 674 tal
550 614 668 674 buona
685 611 916 693 dispositione
940 613 975 676 di
999 615 1096 676 detta
1113 613 1186 695 liga
1207 616 1254 678 ho
1272 615 1359 679 dato
1376 617 1469 697 qual·

187 723 253 783 che
278 719 454 801 principio
479 721 549 781 alla
563 718 726 800 praticha
749 721 814 781 che
830 720 864 782 io
880 719 998 784 scrissi
1022 721 1081 784 del
1096 721 1229 785 Dottor
1243 720 1346 786 Sath.
1372 743 1472 786 corne

187 831 232 890 da
256 849 312 891 me
336 836 373 891 et
396 846 461 908 per
484 826 692 908 interposite
717 846 869 908 persone
872 876 982 892 .....
1028 829 1192 893 Viennae
1208 829 1355 893 XXIII.
1372 827 1472 912 Sept.

187 934 405 1000 MDXXIV.

277 1059 341 1123 Col
366 1057 528 1141 principe
551 1058 598 1119 ho
622 1056 713 1120 fatto
737 1077 848 1140 opera
872 1059 925 1122 ch'
944 1059 1015 1141 egli
1040 1068 1076 1123 et
1099 1061 1134 1124 la
1148 1060 1374 1144 principessa
1391 1060 1471 1125 scri-

187 1187 345 1232 veranno
377 1166 597 1228 caldamente
623 1165 656 1225 al
679 1164 739 1227 Re
770 1185 833 1228 suo
858 1176 1012 1248 cognato
1043 1179 1079 1230 et
1110 1167 1251 1232 fratello
1283 1168 1320 1232 in
1345 1169 1473 1235 favore

187 1278 232 1339 de
256 1277 291 1338 la
316 1294 400 1336 cosa
424 1272 460 1333 di
484 1269 641 1334 Boemia.

278 1381 336 1445 Un
361 1379 519 1442 Misseno
549 1378 654 1440 homo
679 1378 779 1440 dotto
814 1389 849 1441 et
873 1382 1055 1443 celebrato
1086 1381 1121 1444 in
1146 1383 1264 1464 quelle
1288 1384 1386 1466 parti
1416 1405 1473 1448 ma

187 1492 374 1554 lutherano
399 1497 435 1550 et
457 1486 619 1565 rubaldo,
644 1483 849 1566 navigando
866 1505 931 1568 per
954 1486 1083 1550 flumen
1099 1488 1218 1553 Albim
1244 1510 1311 1553 con
1329 1492 1366 1554 la
1381 1512 1470 1555 corn·

187 1597 321 1681 pagnia
345 1614 446 1657 come
469 1593 777 1656 mirculosamente
802 1592 830 1655 si
856 1593 874 1655 ὲ
898 1593 1067 1675 affogat0.

278 1705 306 1767 Il
331 1701 466 1766 Senato
491 1698 524 1761 d'
540 1699 704 1780 Augusta
728 1698 874 1763 intendo
903 1700 969 1764 che
993 1702 1040 1765 ha
1063 1701 1153 1765 fatto
1178 1703 1388 1786 decapitare
1412 1705 1472 1767 doi

188 1815 230 1887 di
257 1811 338 1895 quei
363 1807 528 1893 populari
560 1815 597 1870 et
620 1827 664 1868 ne
689 1806 785 1871 tiene
818 1807 934 1871 alcuni
966 1808 1048 1871 altri
1080 1809 1236 1892 prigioni
1269 1821 1305 1873 et
1337 1819 1474 1875 mostra

188 1923 310 1985 volere
341 1916 517 1997 castigare
543 1916 624 1996 quel
648 1916 823 1995 populazo
855 1917 989 1978 anchor
1022 1917 1088 1979 che
1113 1937 1184 1980 non
1209 1917 1330 1982 caccia
1363 1919 1474 2001 quelli

188 2024 406 2112 predicatori
430 2021 617 2086 lutherani.

723 2228 927 2239 mmmm-um

792 2441 866 2507 168.

438 2567 633 2671 Episcopus
660 2567 903 2647 lausanensis
931 2566 1103 2647 clementi
1131 2568 1210 2649 VII.

618 2714 715 2789 (Epist
733 2713 894 2788 Principum
911 2714 947 2773 tt
966 2714 1033 2785 116.)

657 2839 710 2887 119.
729 2826 891 2890 Septembris
915 2826 1012 2890 1524.)‘

281 2961 444 3028 Intellexi
461 2962 604 3024 dolosos
620 2960 791 3040 quosdam
807 2959 903 3021 viros
927 2958 1077 3023 sinistris
1101 2959 1325 3026 suasionibus
1342 2973 1379 3027 et
1397 2986 1469 3028 ver·

190 3072 295 3138 ericiis
319 3072 493 3134 sinceram
518 3068 561 3131 V.
587 3065 622 3130 S.
648 3086 734 3147 erga
758 3087 813 3129 me
847 3065 1030 3129 caritatem
1061 3071 1205 3131 turbare
1231 3079 1266 3132 et
1290 3068 1474 3135 divertere

190 3190 402 3262 tornptasse3
432 3197 488 3239 me
513 3174 787 3258 apostolicorum
804 3174 1049 3237 mandatorum
1074 3185 1356 3258 contemptorem
1381 3176 1473 3242 falso

191 3288 411 3352 invehentes.
467 3283 512 3346 Et
545 3283 627 3345 licet
660 3281 757 3343 nullo
790 3300 942 3362 unquam
968 3292 1073 3362 pacto
1097 3281 1202 3344 michi
1234 3284 1473 3368 persuadeam

191 3395 303 3479 {pisam
337 3390 373 3455 S.
399 3391 442 3456 V.
474 3410 539 3472 pro
572 3388 675 3451 solita
706 3386 781 3450 eius
814 3387 990 3450 constanti
1022 3389 1212 3469 prudentia
1244 3399 1279 3451 et
1312 3391 1473 3472 equitate

191 3512 297 3583 utque
321 3519 400 3562 mea
418 3516 504 3578 erga
527 3517 603 3559 earn
620 3493 848 3576 integerrima
871 3493 941 3556 fide
967 3504 1002 3557 et
1026 3496 1255 3560 observantia
1278 3498 1386 3561 ullam
1413 3501 1473 3561 du-

191 3607 398 3672 bitationem
424 3606 468 3667 de
493 3625 548 3666 me
573 3602 822 3684 quoquomodo
847 3612 1107 3684 suscepturam
1133 3603 1241 3666 nichil
1263 3612 1385 3667 tamen
1404 3609 1474 3670 hoc

191 3712 395 3780 calamitoso
421 3724 582 3793 tempore
605 3708 786 3772 molestius
810 3708 1001 3790 graviusve
1026 3710 1129 3773 michi
1155 3711 1319 3774 accidere
1343 3713 1474 3794 potuit,

190 3842 294 3906 quarn
324 3817 595 3882 sussurrantium
626 3815 805 3879 hominum
836 3815 1035 3880 huiusmodi
1066 3817 1250 3882 detractio.
1304 3817 1474 3899 Quando-

191 3929 332 4013 quidem
359 3925 466 3989 nichil
490 3944 642 4005 unquam
668 3923 800 3986 dictum
824 3944 845 3985 a
869 3944 924 3986 mo
949 3926 1007 3986 vel
1031 3922 1178 4004 factum,
1210 3945 1291 4006 ymo
1324 3926 1472 4007 quidem

191 4056 255 4101 uec
299 4033 493 4117 cogitatum
534 4030 602 4093 fuit
650 4031 744 4113 quod
793 4030 905 4092 Bea¹¹¹³
953 4040 1094 4093 vestrae
1138 4042 1198 4093 aut
1237 4034 1473 4114 Apostolicae

191 4142 296 4205 Sedis
320 4140 542 4204 incommoda
568 4138 778 4219 respiceret:
805 4139 867 4200 sed
892 4136 960 4220 ipsi
984 4138 1149 4200 continue
1175 4139 1225 4220 (ut
1248 4141 1385 4220 teneor)
1413 4144 1474 4204 ob·

189 4249 288 4332 sequi
312 4246 513 4311 desideravi
539 4255 573 4308 et
597 4245 702 4326 cupio
727 4265 875 4326 semper.
924 4244 969 4307 Et
992 4247 1060 4307 hoc
1084 4245 1316 4326 integerrimo
1342 4246 1476 4312 ductus

190 4356 330 4431 affectu,
355 4375 423 4417 non
449 4353 562 4416 minus
577 4372 643 4434 pro
668 4352 931 4416 ecclesiasticae
954 4352 1131 4415 libertatis
1147 4351 1346 4415 defensioni
1362 4374 1473 4435 quam

190 4484 256 4549 pro
281 4461 479 4545 apostolica
511 4459 720 4522 auctoritate
754 4461 931 4522 servanda
960 4479 1030 4521 non
1062 4460 1175 4522 solum
1207 4479 1294 4541 opes
1318 4459 1475 4542 exiguas

190 4591 285 4635 tusas
310 4570 373 4631 sed
398 4577 433 4632 et
457 4586 644 4650 personam
670 4565 835 4628 continue
853 4587 1035 4649 exponere
1048 4587 1116 4628 non
1134 4566 1274 4648 negavi.
1323 4565 1475 4633 Constat

190 4688 376 4761 praeterea
401 4674 528 4757 quibus
552 4673 734 4735 laboribus
759 4692 875 4755 quove
904 4673 1020 4736 studio
1052 4673 1258 4754 pestiferam
1290 4673 1387 4736 illam
1425 4677 1473 4740 lu-

190 4781 384 4849 theristrum
416 4790 566 4862 sectam,
601 4800 678 4843 mea
707 4780 742 4843 in
767 4780 900 4843 diocesi
925 4783 1023 4845 velut
1046 4783 1180 4843 hedera
1200 4782 1271 4864 jam
1294 4783 1472 4862 pullulan-
