3330 5580
577 447 580 455 ’
636 418 712 512 &a
753 460 803 514 rm
842 459 900 511 oa
937 437 952 524 'j

126 627 261 667 versus
291 605 546 686 malignitatem
567 610 615 667 ‘et
647 604 768 686 iniqua
792 604 939 669 consilia
963 624 1133 666 novorum
1159 603 1415 665 baereticorum

126 716 248 776 velles
272 721 310 775 ut
333 721 482 794 propter
505 733 648 774 causam
672 711 771 790 fidei,
795 712 831 773 in
856 711 954 773 cuius
979 711 1181 774 sinceritate
1207 720 1312 791 atque
1344 711 1414 771 uni·

127 833 209 882 tate
246 821 342 883 salus
378 820 532 881 omnium
568 830 725 881 nostrum
762 819 937 897 consistit,
975 819 1167 880 communis
1203 817 1308 879 etiam
1344 838 1414 898 pax

127 939 242 1008 atque
259 926 462 1007 concordia,
487 936 521 989 te
539 946 680 1007 quoque
695 937 839 989 auctore
861 935 896 987 et
917 925 1117 1004 defensore,
1137 925 1321 988 incolumis
1337 945 1415 986 con-

129 1045 314 1113 servetur,
348 1035 443 1115 quod
475 1043 570 1096 certe
605 1034 848 1114 dignissimum
883 1054 925 1095 ea
957 1053 1026 1114 qua
1050 1032 1167 1115 fulges
1192 1043 1227 1095 et
1251 1033 1356 1094 animi
1382 1042 1416 1094 et

128 1142 279 1223 generis
311 1141 498 1204 nobilitate
531 1143 671 1222 deoque
702 1140 985 1222 acceptissimum
1016 1139 1172 1201 futurum
1203 1149 1274 1211 est;
1314 1138 1416 1201 nobis

129 1270 231 1329 vero,
258 1248 317 1329 qui
342 1258 423 1311 tuae
440 1248 615 1311 nobilitati
631 1270 676 1311 ex
692 1248 808 1310 animo
830 1268 971 1329 semper
992 1246 1154 1326 favimus,
1179 1245 1416 1327 gratissimum

126 1357 224 1419 sicut
259 1367 374 1418 tecum
406 1356 510 1417 latius
545 1356 663 1418 dilecti
696 1355 758 1417 filii
791 1355 950 1417 Marinus
976 1354 1201 1417 Caracciolus
1235 1363 1269 1415 et
1294 1353 1415 1414 Hiero·

127 1484 262 1545 nymus
288 1464 470 1526 Aleander
486 1462 624 1525 Notarii
649 1472 684 1525 et
708 1463 825 1525 nuncii
849 1462 961 1525 nostri
984 1472 1106 1525 nostro
1131 1461 1272 1523 nomine
1297 1472 1416 1541 agent,

124 1571 262 1651 quibus
286 1590 456 1633 summam
479 1569 585 1632 iidem
610 1570 786 1632 Nobilitas
811 1579 871 1632 tua
894 1568 1052 1632 habebit.
1088 1568 1169 1631 Dat.
1193 1567 1333 1629 Romae
1359 1567 1415 1628 die

127 1677 236 1740 XVI.
262 1677 383 1740 Martii
407 1677 579 1740 MDXXI
605 1678 710 1742 Anno
736 1688 874 1740 octavo.

747 2159 801 2224 53.

446 2285 624 2369 Desiderio
650 2285 799 2365 Erasmo
827 2285 1102 2384 Roterodanou.

582 2423 724 2486 (Nuntiat.
734 2424 860 2483 deman.
872 2423 902 2482 1¹·
913 2423 967 2494 40.)

540 2535 613 2584 *Cum
634 2535 727 2584 litteris
751 2548 789 2596 19.
812 2537 898 2584 Martii
923 2539 1005 2597 1521.)

223 2659 364 2722 Dilecta
397 2659 446 2722 lili
478 2663 630 2728 salutem
661 2670 727 2724 etc.
774 2660 908 2724 Gratae
933 2657 1036 2723 nobis
1060 2662 1250 2723 admodum
1274 2660 1415 2721 fuerunt

122 2769 274 2829 litterae
298 2776 396 2837 tuae:
424 2768 649 2830 declararunt
674 2767 776 2843 enim,
802 2767 837 2829 id
863 2769 907 2830 de
931 2789 1000 2849 quo
1025 2768 1237 2830 addubitare
1259 2767 1414 2849 aliquan·

123 2890 205 2937 tum
230 2894 450 2955 ceperamus,
475 2894 590 2955 neque
614 2883 751 2937 tantum
772 2896 817 2938 ex
842 2877 1061 2956 quorundam
1086 2875 1244 2955 quamvis
1265 2877 1415 2957 pruden-

124 2982 216 3044 tium
252 2990 289 3044 et
319 2984 511 3062 proborum
541 2982 761 3061 testimonio,
795 2995 964 3064 quantum
997 3003 1041 3045 ex
1072 2982 1213 3063 scriptis
1238 2982 1415 3044 nonnullis

126 3089 201 3150 tuis
231 3108 324 3169 quae
353 3088 665 3169 circumferuntur,
696 3100 732 3151 te
757 3089 982 3152 nihilominus
1007 3089 1156 3171 egregia
1180 3100 1215 3152 et
1239 3090 1414 3152 constanti

126 3215 212 3258 esse
245 3216 325 3257 cum
356 3195 391 3256 in
423 3216 488 3258 nos
521 3206 751 3278 sanctamque
785 3199 877 3259 hanc
902 3197 1133 3277 apostolicam
1159 3194 1307 3276 Sedem,
1341 3207 1414 3258 tum

127 3322 220 3385 erga
252 3322 473 3365 communem
498 3323 622 3384 pacem
648 3303 947 3384 concordiamque
971 3313 1006 3366 et
1031 3303 1064 3365 in
1089 3303 1211 3383 primis
1236 3305 1413 3384 publicam

126 3409 360 3472 christianam
385 3423 421 3471 et
445 3430 518 3472 rem
543 3419 578 3472 et
601 3411 719 3492 legem
736 3412 934 3481 voluntate;
961 3413 1055 3492 quod
1072 3411 1234 3493 profecto
1251 3413 1413 3491 preclare

126 3516 300 3580 convenit
325 3525 360 3578 et
384 3515 464 3578 huic
488 3515 632 3598 ingenio
657 3518 753 3599 quod
770 3517 838 3580 Dei
862 3516 1036 3594 beneficio
1061 3539 1230 3580 summum
1255 3520 1301 3579 ad
1326 3520 1412 3600 opti-

125 3646 206 3688 mas
230 3623 438 3706 disciplinas
460 3623 619 3704 attulisti,
645 3635 680 3686 et
704 3623 755 3686 eis
779 3625 903 3687 studiis
928 3624 1080 3705 pietatis,
1106 3646 1196 3706 quae
1219 3646 1358 3706 semper
1376 3650 1413 3688 es

129 3731 328 3814 professus,
376 3730 500 3812 Itaque
532 3752 597 3793 nos
607 3779 616 3812 ,
650 3752 798 3813 quorum
823 3753 932 3814 saepe
956 3735 1003 3793 ob
1028 3732 1178 3795 animum
1205 3734 1414 3795 versabatur

127 3838 182 3900 tui
207 3857 410 3920 quanquam
435 3838 593 3900 absentis
617 3839 785 3902 memoria
810 3860 889 3901 cum
914 3840 957 3901 de
982 3839 1050 3900 tuis
1069 3839 1207 3902 eximiis
1224 3841 1412 3903 virtutibus

126 3945 251 4028 aliquo
275 3944 434 4026 praemio
458 3945 690 4007 honestandis
715 3945 967 4026 cogitaremus,
996 3928 1177 4027 paulisper
1202 3968 1246 4008 ex
1272 3969 1314 4009 ea
1339 3949 1411 4028 opi-

127 4053 237 4116 nione
261 4052 452 4134 deturbati,
478 4055 583 4116 valde
606 4053 789 4133 iucunde2)
814 4054 1006 4134 accipimus
1030 4054 1226 4116 restitutam
1250 4056 1284 4117 in
1311 4059 1412 4118 nobis

126 4179 210 4224 esse
235 4158 355 4222 officio
388 4170 423 4221 et
448 4159 632 4242 diligentia
660 4160 856 4222 litterarum
883 4172 1020 4222 tuarum
1048 4171 1198 4223 mentem
1228 4162 1410 4242 pristinam

126 4265 304 4348 diligendi
329 4266 390 4331 tui.
437 4267 557 4347 Atque
581 4267 729 4346 utinam,
763 4268 857 4348 quod
881 4268 951 4329 iam
975 4268 1078 4330 nobis
1102 4278 1240 4329 constat
1265 4283 1409 4331 certum·

125 4396 200 4456 que
233 4383 303 4453 est,
336 4374 379 4435 de
404 4373 522 4437 officio
551 4384 586 4436 et
610 4376 792 4438 voluntate
817 4386 877 4447 tua
908 4376 942 4436 in
967 4377 1058 4437 hanc
1083 4376 1250 4437 Sanctam
1281 4377 1410 4438 Sedent

125 4500 425 4562 communemque
449 4480 516 4543 Dei
549 4478 632 4544 fidei
663 4481 699 4544 id
730 4464 834 4563 apud·
855 4495 1015 4544 caeteros
1040 4503 1162 4545 omnes
1187 4504 1411 4546 cerneremus
1469 4491 1472 4496 ’

162 4712 182 4782 ¹)
204 4713 297 4762 Edidit
316 4714 455 4761 Laemmer
473 4713 519 4761 sed
538 4729 590 4762 non
609 4715 635 4762 in
655 4700 778 4762 omnibus
798 4725 875 4763 recte.

160 4803 182 4869 ¹)
204 4805 357 4852 Lacmmer:
376 4805 531 4851 laetabunde
548 4796 701 4868 accepirrrus.

154 4911 239 4960 suan,
252 4910 395 4949 Documenta
404 4909 542 4949 Luthcrana.
