3330 5580
776 487 1022 545 ssim&

259 660 329 702 non
354 641 400 701 ho
426 637 494 699 mai
519 646 617 700 tanto
642 636 701 718 pio
726 657 815 718 gran
841 635 1055 698 contrarieta
1079 635 1113 698 in
1139 646 1266 717 questa
1289 635 1554 718 prosecutione

260 747 304 809 de
330 765 448 821 causa,
482 745 548 805 che
573 744 715 824 quando
746 743 781 805 io
806 744 972 824 allegava
1003 738 1069 806 che
1098 737 1188 824 quel'
1213 740 1279 806 che
1302 738 1384 806 dice
1409 738 1554 807 Luther

260 853 279 914 ὲ
304 862 395 914 tutto
421 852 465 912 de
490 848 629 930 Vigleff
651 860 685 912 et
709 850 892 928 Johannes
918 850 1012 912 Huss
1037 851 1264 914 condennato
1298 853 1356 914 nel
1383 850 1551 916 Concilio

157 1028 160 1034 .
259 961 303 1022 de
327 958 551 1036 Constantia,
584 957 683 1038 quasi
714 957 795 1020 tutti
828 968 862 1021 et
893 957 1021 1038 grandi
1051 957 1186 1038 signori
1217 969 1253 1021 et
1276 957 1408 1040 piccoli
1440 978 1549 1021 como

260 1058 439 1127 daccordo
465 1064 613 1126 diceano
643 1066 708 1127 che
741 1064 777 1127 fu
806 1064 896 1126 fatto
927 1074 1022 1126 torto
1054 1085 1076 1127 a
1099 1065 1256 1144 joannes
1279 1064 1376 1128 Huss
1410 1065 1552 1148 perche

259 1183 430 1235 constava
454 1174 524 1233 ben
549 1173 625 1233 loro
650 1172 696 1233 de
721 1173 755 1233 la
779 1171 970 1235 execution
994 1171 1091 1234 facta
1114 1182 1239 1235 contra
1262 1173 1308 1235 de
1325 1171 1373 1234 lui
1388 1193 1447 1236 ma
1474 1193 1549 1237 non

259 1263 304 1341 de
329 1279 497 1342 citatione
522 1287 557 1340 et
581 1298 767 1360 processu,
805 1288 840 1341 et
874 1280 939 1341 che
975 1279 1024 1340 lui
1054 1299 1114 1341 era
1152 1288 1284 1342 venuto
1312 1287 1408 1342 sotto
1441 1278 1549 1344 salvo

259 1388 446 1465 condotto,
472 1381 541 1448 non
567 1405 668 1447 como
694 1386 803 1447 citato
828 1395 864 1448 et
887 1385 912 1447 li
935 1384 973 1448 fu
998 1396 1093 1449 rotto
1124 1386 1160 1447 la
1190 1406 1394 1468 promessa;
1428 1388 1549 1468 perho

258 1495 305 1555 ho
330 1494 452 1555 voluto
468 1513 592 1554 narrar
616 1491 674 1574 qui
700 1501 791 1553 tutto
816 1493 848 1554 el
865 1512 1034 1573 processo
1059 1500 1095 1555 et
1109 1512 1286 1572 successu,
1310 1492 1335 1554 il
1351 1493 1418 1556 che
1433 1515 1551 1558 ancor

258 1603 323 1662 che
348 1603 474 1680 longo,
507 1618 612 1680 spero
637 1618 708 1661 non
733 1597 812 1661 sara
836 1620 874 1661 se
900 1620 970 1662 non
995 1598 1154 1682 proficuo
1179 1608 1215 1662 et
1239 1598 1269 1662 a’
1296 1599 1408 1662 nostri
1432 1601 1550 1683 tempi

258 1717 293 1769 et
317 1706 348 1769 a’
374 1706 481 1768 futuri
505 1708 615 1769 veder
640 1703 828 1768 testificato
854 1707 900 1767 da
915 1704 1025 1769 Cesar
1049 1708 1082 1769 el
1105 1726 1271 1769 successo
1296 1708 1341 1769 de
1366 1708 1400 1769 la
1425 1706 1525 1771 cosa.

347 1815 388 1876 Li
414 1812 578 1896 originali
603 1815 736 1896 tengho
762 1812 821 1895 qui
846 1833 946 1876 meco
971 1813 1115 1895 persar
1139 1814 1223 1877 fede
1237 1813 1377 1878 interim
1396 1814 1431 1877 la
1449 1817 1575 1879 dove·

258 1921 334 1984 sara
358 1925 520 2003 besogna
545 1930 579 1983 et
603 1920 664 2004 poi
687 1921 882 2003 presentati
906 1923 964 1984 nel
998 1921 1068 1985 mio
1099 1921 1236 1985 ritorno
1271 1943 1292 1985 a
1324 1919 1399 1985 Sua
1423 1919 1480 1985 Sl*
1508 1943 1550 1987 se

258 2020 435 2111 potranno
459 2037 608 2091 mettere
632 2028 667 2091 in
693 2031 727 2091 la
751 2028 898 2091 libraria
920 2030 967 2090 ad
994 2038 1206 2112 perpetuam
1241 2028 1292 2092 rei
1324 2030 1547 2113 memoriam,

259 2137 322 2197 che
358 2156 379 2196 a
402 2137 552 2215 qualche
586 2145 707 2216 tempo
736 2136 871 2197 anchor
898 2155 936 2198 se
965 2135 1167 2200 inscrivano
1196 2137 1232 2199 in
1264 2155 1416 2219 corpore
1445 2137 1548 2202 iuris,

258 2242 301 2305 V.
328 2241 363 2304 S.
389 2241 484 2304 Rma
508 2241 622 2323 pona,
649 2240 869 2322 piacendole,
895 2242 1112 2306 reteniruno
1130 2263 1256 2326 presso
1272 2245 1318 2306 de
1333 2264 1382 2325 se,
1407 2246 1548 2326 perche

257 2351 315 2413 nel
340 2351 496 2431 pacheto
522 2352 567 2411 de
590 2349 638 2412 M.
663 2349 792 2428 Joanni
814 2349 961 2412 Matheo
985 2350 1020 2413 io
1045 2352 1175 2414 mando
1200 2352 1220 2414 l'
1237 2353 1329 2414 altro
1353 2361 1550 2433 presentat·

258 2481 278 2521 a
303 2456 377 2520 Sua
401 2455 465 2519 8¹³.

347 2564 380 2626 A
405 2564 564 2626 Lovanio
590 2585 678 2626 sono
702 2573 796 2628 stato
820 2584 913 2628 nove
938 2565 988 2637 di:
1020 2567 1106 2648 ogni
1137 2586 1221 2629 cosa
1245 2587 1283 2628 se
1307 2576 1413 2648 porta
1436 2569 1548 2632 bene.

258 2672 392 2752 Questa
417 2671 618 2734 orthodoxa
641 2664 883 2736 universitade
908 2693 946 2735 se
970 2667 1260 2736 ricomanda'alli
1285 2672 1381 2755 piedi
1407 2674 1442 2735 di
1469 2672 1549 2738 Sua

258 2778 417 2847 samita:
443 2780 490 2840 ho
515 2779 599 2840 dato
625 2778 648 2841 li
673 2780 798 2842 ordeni
827 2778 938 2842 debiti
964 2779 1114 2856 etysarei
1139 2779 1308 2862 expedito
1333 2780 1393 2862 piu
1418 2792 1549 2864 presto

257 2908 388 2949 senon
425 2888 521 2951 fosse
546 2898 637 2951 stata
668 2891 702 2952 la
726 2892 831 2971 colpa
855 2890 936 2953 dell’
954 2889 1147 2972 impressor
1176 2892 1209 2953 cl
1233 2891 1317 2971 qual
1352 2910 1418 2972 per
1443 2911 1548 2956 man·

257 3015 318 3056 car
342 2997 386 3056 de
411 2996 577 3059 caratteri
606 3017 677 3059 non
701 3006 810 3078 potea
833 2997 888 3059 far
912 3017 950 3060 se
975 3017 1045 3060 non
1072 3017 1143 3060 una
1166 2997 1281 3060 forma
1305 2998 1339 3059 al
1364 2998 1397 3059 dl
1423 3007 1460 3059 et
1486 3019 1548 3061 me

257 3105 466 3184 besognava
501 3124 599 3167 esser
632 3114 813 3168 corrector
846 3125 912 3188 per
951 3106 1047 3168 bella
1085 3104 1184 3167 forza
1217 3125 1282 3186 per
1316 3103 1460 3166 defecto
1499 3106 1550 3169 de

258 3211 462 3272 correctori.
509 3211 543 3274 A
568 3213 667 3274 detto
691 3211 884 3294 impressor
907 3212 941 3274 io
972 3211 1043 3274 feci
1067 3214 1156 3275 altre
1180 3213 1295 3274 voltre
1319 3210 1450 3292 pigliar
1475 3231 1550 3292 per

257 3315 314 3377 via
335 3318 383 3378 'de
414 3318 449 3379 la
476 3317 610 3380 iustitia
635 3319 727 3382 assai
761 3320 899 3401 grande
933 3340 1080 3382 numero
1110 3319 1165 3381 de'
1200 3318 1281 3381 libri
1315 3319 1360 3380 de
1392 3317 1547 3401 Luther,

256 3421 352 3484 forse
377 3425 442 3486 che
467 3425 580 3505 perho
604 3446 659 3488 me
684 3425 1032 3508 ha-stangheggiato
1058 3435 1094 3489 et
1116 3427 1296 3509 possendo
1315 3425 1372 3488 far
1394 3423 1419 3488 il
1443 3446 1545 3492 man·

258 3531 342 3591 dato
374 3531 409 3592 in
443 3536 496 3594 tre
525 3531 601 3595 folii
624 3534 721 3596 hallo
745 3533 835 3595 fatto
861 3534 894 3595 in
920 3534 1047 3615 cinque
1071 3554 1137 3614 per
1159 3533 1218 3615 piu
1244 3552 1308 3594 suo
1333 3532 1547 3616 guadagno‚

256 3638 466 3700 altramente
491 3639 509 3700 ὁ
533 3639 640 3701 homo
665 3639 758 3701 assai
783 3642 902 3702 buono
927 3650 963 3702 et
987 3650 1085 3703 certo
1114 3638 1274 3702 horamai
1298 3641 1368 3701 ben
1392 3639 1544 3705 redutto

256 3745 327 3806 alla
349 3747 445 3807 bona
468 3745 527 3807 via
552 3746 645 3808 della
670 3747 753 3827 qual
784 3767 849 3828 per
874 3747 993 3809 avanti
1019 3767 1080 3810 era
1104 3747 1245 3808 sedotto
1274 3747 1321 3809 da
1349 3745 1406 3808 chi
1430 3745 1474 3810 V.
1504 3745 1544 3814 S.

256 3851 351 3913 Rma
375 3863 459 3932 pote
484 3854 553 3915 ben
578 3873 710 3935 pensar
733 3852 789 3914 chi
814 3852 909 3915 volio
935 3853 1027 3933 dire,
1052 3854 1118 3915 che
1143 3853 1161 3915 ὲ
1186 3852 1292 3914 collui
1317 3854 1382 3915 che
1405 3854 1453 3915 ha
1476 3873 1545 3935 pu·

257 3959 401 4022 trefatto
426 3968 516 4021 tutta
541 3972 666 4041 questa
690 3959 855 4022 Fiandra.
903 3957 947 4022 Et
971 3959 1063 4022 basti
1088 3959 1219 4041 perche
1248 3979 1355 4040 spero
1371 3961 1546 4040 parlame

255 4065 315 4146 piir
340 4087 361 4129 a
385 4067 504 4147 longo

345 4174 400 4234 De
425 4173 559 4236 matino
592 4174 769 4255 piacendo
805 4196 826 4236 a
858 4173 928 4236 Dio
962 4174 1097 4236 andaro
1128 4194 1149 4235 a
1185 4173 1375 4252 Bruxelle‚
1410 4172 1546 4239 farassi

256 4289 347 4341 tutto
379 4281 498 4361 quello
532 4282 599 4344 che
631 4282 692 4364 piir
724 4282 852 4363 pareri
885 4282 918 4342 al
949 4279 1135 4362 proposito
1169 4289 1205 4342 et
1235 4279 1314 4341 sara
1347 4279 1544 4360 possibile;

255 4386 316 4468 poi
340 4408 378 4449 se
403 4387 483 4449 sara
508 4389 552 4450 de
576 4391 739 4470 besogno
764 4389 899 4451 restaro
925 4388 969 4449 de
995 4408 1065 4469 qua
1088 4389 1219 4469 perche
1244 4385 1435 4449 altrimenti
1452 4398 1544 4452 met·

255 4493 381 4555 teromi
405 4493 440 4556 in
465 4494 602 4556 camino
628 4515 693 4575 per
716 4495 836 4557 Roma
860 4514 961 4557 como
987 4515 1052 4575 per
1080 4495 1207 4556 lettere
1241 4495 1286 4555 de
1310 4493 1354 4558 V.
1379 4490 1415 4558 S.
1441 4493 1545 4560 Rma

255 4599 403 4663 intendo
420 4598 492 4663 Sua
506 4598 643 4663 Santita
662 4622 759 4664 esser
773 4610 951 4664 contenta.
992 4601 1136 4663 Interim
1153 4603 1241 4663 baso
1266 4602 1298 4662 le
1317 4619 1418 4662 sacre
1442 4603 1545 4666 mani

255 4708 290 4768 di
316 4707 360 4770 V.
384 4704 421 4769 S.
447 4708 551 4771 Rma.
599 4708 758 4771 Lovanii.
