3330 5580
702 441 759 493 0-{l
799 443 852 495 5³4
891 439 949 493 *Ἡ

187 605 269 687 quin
295 626 350 667 me
375 606 469 686 apud
496 605 578 665 B¹¹⁹⁰¹
600 604 641 666 V.
666 603 852 684 superbis
877 623 1097 684 excusarem,
1124 624 1167 666 ne
1200 604 1294 666 forte
1317 604 1478 665 tacendo

185 711 465 792 indignationem
491 713 546 772 vel
555 759 563 790 ,
598 710 693 791 quod
718 708 828 788 absit,
862 711 985 772 harum
1010 729 1128 772 rerum
1151 709 1390 791 suspitionem
1416 711 1477 772 ali-

181 814 292 900 'quam
316 818 543 881 incurrerem.
598 816 715 897 Quare
744 816 946 879 beatissime
978 826 1082 898 pater
1104 816 1299 880 humillime
1325 816 1477 880 obnixe·

189 946 257 1006 que
283 946 346 988 oro
371 924 398 985 si
424 925 508 1006 quid
534 925 656 986 talium
680 944 853 1006 nugarum
879 925 924 986 de
948 943 1004 986 rne
1028 924 1076 985 ad
1099 923 1144 986 V.
1169 924 1255 986 Βιιοιιι
1286 924 1324 987 in
1354 944 1477 987 meum

186 1033 319 1095 forsam
344 1032 461 1094 odium
487 1054 508 1093 a
532 1031 742 1112 quibusdam
767 1030 855 1094 meis
879 1030 1004 1093 emulis
1032 1030 1188 1093 delatum
1220 1040 1317 1094 esset
1349 1033 1411 1093 vel
1442 1031 1477 1092 in

187 1140 344 1202 futurum
368 1137 569 1213 deferetur,
601 1138 687 1200 nihil
717 1137 800 1199 fidei
831 1137 900 1201 illis
924 1139 1077 1218 prebere
1101 1157 1167 1200 nec
1191 1137 1298 1200 facile
1323 1140 1478 1201 credere

188 1249 280 1310 velle
304 1249 430 1309 meab
455 1248 605 1307 honesto
629 1245 792 1327 iustoque
808 1246 1020 1318 concedere;
1045 1245 1231 1326 perpalam
1246 1246 1341 1307 enim
1359 1255 1418 1308 est
1443 1257 1479 1308 et

187 1354 252 1417 toti
276 1353 352 1416 fere
377 1351 589 1415 Germaniae
614 1351 794 1432 cognitum
819 1363 988 1433 quantum
1014 1372 1083 1434 ego
1107 1370 1172 1432 pro
1197 1352 1369 1415 sedandis
1405 1352 1480 1414 illis

187 1460 397 1523 rusticorum
421 1458 537 1540 impiis
570 1458 776 1520 tumultibus
801 1458 946 1539 egerim,
978 1458 1156 1540 hodieque
1187 1461 1385 1534 contend0,
1417 1460 1479 1540 qui

189 1588 257 1629 non
284 1570 395 1628 solum
421 1567 516 1646 apud
541 1564 721 1647 principes
736 1564 1060 1628 confaederationis
1084 1565 1249 1629 suevicae
1273 1567 1338 1629 sed
1364 1567 1478 1629 etiam

188 1694 253 1756 per
277 1674 628 1754 Magdeburgensem
653 1683 688 1734 et
712 1654 1030 1734 Alberstadensem
1054 1672 1217 1735 dioceses
1248 1692 1320 1735 non
1353 1692 1477 1753 asper·

188 1782 342 1843 nandam
367 1779 507 1861 copiam
532 1778 701 1842 nobilium
726 1778 881 1859 equitum
907 1790 942 1840 et
966 1779 1113 1841 militum
1131 1781 1303 1842 adversus
1320 1780 1480 1841 rusticos

188 1908 254 1969 pro
280 1891 415 1950 honore
440 1885 621 1947 Ecclesiae
646 1886 832 1948 Romanae
857 1887 990 1947 tuendo
1015 1895 1051 1947 et
1079 1885 1244 1967 publicae
1277 1886 1477 1966 tranquilli-

189 1993 271 2056 tatis
296 1993 568 2056 conservatione
593 1991 761 2073 impensis
785 1990 940 2072 propriis
963 1992 1163 2071 habuerim,
1188 1991 1224 2054 in
1249 2012 1339 2073 quas
1362 1994 1480 2055 multa

189 2099 285 2162 milia
307 2097 522 2162 florenorum
548 2111 584 2161 et
607 2098 788 2179 ingentem
814 2118 930 2160 rerum
956 2099 1094 2180 copiam
1126 2098 1382 2180 impenderim,
1416 2100 1477 2163 ho-

190 2205 319 2287 dieque
345 2206 378 2267 in
404 2206 627 2288 corrigendis
651 2205 719 2267 illis
743 2205 893 2268 subditis
917 2205 1003 2267 meis
1032 2206 1091 2288 qui
1123 2206 1158 2268 in
1182 2217 1304 2287 partes
1333 2206 1479 2268 illorum

190 2315 364 2376 latronum
397 2313 606 2375 rusticorum
643 2322 915 2392 concesserunt,
954 2314 1078 2376 sedulo
1118 2333 1325 2394 summoque
1354 2314 1479 2376 studio

190 2440 282 2501 ag0;
308 2430 442 2482 tantum
467 2422 580 2499 abest,
605 2419 814 2481 Beatissime
839 2419 957 2497 Pater,
982 2429 1019 2481 ut
1043 2421 1102 2483 vel
1125 2421 1160 2481 in
1178 2420 1392 2482 rusticorum
1419 2423 1481 2483 vel

190 2529 454 2589 lutheranorum
471 2537 591 2607 partes
616 2546 770 2608 unquam
794 2529 992 2590 concedere
1013 2529 1071 2589 vel
1089 2527 1331 2610 cogitaverim.
1372 2528 1480 2591 Ideo-

193 2654 261 2714 que
286 2632 425 2696 interim
451 2652 513 2695 oro
538 2654 582 2695 ne
607 2632 803 2695 istiusmodi
828 2633 927 2696 vanis
952 2634 1121 2715 falsisque
1146 2634 1265 2718 nugis,
1296 2633 1326 2696 si
1350 2634 1482 2697 forsan

193 2741 238 2802 de
262 2762 318 2803 me
344 2742 389 2802 ad
406 2739 449 2802 V.
474 2741 514 2802 B.
541 2741 681 2802 delatae
707 2751 826 2803 essent
849 2742 1008 2823 credere,
1033 2742 1118 2823 quin
1144 2742 1247 2805 immo
1272 2741 1342 2804 sibi
1357 2742 1404 2804 de
1421 2764 1481 2804 me

191 2850 407 2929 persuadere
432 2847 518 2911 velit
542 2849 638 2928 quod
663 2846 724 2909 illa
748 2848 871 2910 sedulo
897 2848 961 2910 sim
991 2847 1149 2912 facturus
1181 2868 1272 2930 quae
1304 2849 1480 2912 obedien·

191 2954 362 3016 tissimum
386 2974 560 3035 quemque
586 2955 714 3016 decent
738 2952 846 3016 filiurn
872 2966 906 3017 et
930 2975 1022 3036 quae
1047 2956 1092 3018 ad
1117 2957 1285 3019 tuendum
1300 2957 1481 3019 honorem

191 3060 444 3142 omnipotentis
467 3061 536 3123 Dei
561 3070 773 3141 vestraeque
798 3061 1035 3125 Beatitudinis
1059 3083 1100 3125 ac
1125 3060 1161 3125 S.
1178 3063 1224 3124 R.
1242 3061 1337 3125 Eccl.
1363 3064 1479 3126 hono·

192 3188 266 3229 rem
289 3167 627 3248 amplitudinemque
652 3167 852 3249 augendam
877 3169 1126 3251 publicamque
1160 3189 1283 3252 pacem
1316 3179 1352 3231 et
1383 3181 1482 3233 tran-

192 3274 402 3356 quillitatem
428 3275 710 3337 conservandam
723 3274 903 3356 pertinere
920 3275 1146 3339 videbuntur.
1163 3323 1170 3338 .
1188 3323 1195 3338 .
1214 3328 1221 3341 .
1250 3276 1332 3339 Dat.
1358 3276 1484 3340 Hallis

194 3401 239 3443 ex
265 3401 347 3443 arce
373 3381 444 3442 divi
470 3380 621 3443 Maurini
655 3381 713 3442 die
738 3379 886 3444 Sabathi
919 3382 1087 3446 vicesima
1121 3403 1214 3446 nona
1244 3382 1380 3445 Mensis
1407 3384 1483 3447 Au-

192 3488 298 3571 gusti,
323 3489 428 3551 Anno
454 3488 596 3551 Domini
620 3488 820 3553 MDXXV.

1055 3651 1213 3700 Humillima
1231 3660 1351 3699 creatura

1010 3738 1143 3801 albertus
1162 3737 1242 3800 tul.
1261 3739 1385 3812 lerunt.

283 4006 475 4067 Praeterea
500 4004 710 4067 Beatissime
735 4005 843 4068 Pater
867 4026 913 4066 ex
938 4006 1059 4070 debito
1085 4007 1311 4071 obedientiae
1335 4019 1371 4070 et
1390 4008 1479 4072 filia-

194 4114 235 4176 lis
259 4110 489 4174 subiectionis
513 4131 631 4187 meae,
669 4111 711 4176 V.
738 4111 821 4173 ΒΜ
854 4114 965 4175 latere
994 4112 1101 4175 nolim
1134 4115 1261 4176 multos
1294 4115 1482 4198 principes

194 4221 286 4282 haud
313 4219 558 4299 aspernandae
584 4217 803 4280 auctoritatis
826 4239 892 4300 per
916 4217 1143 4282 Germaniam
1167 4240 1246 4282 cum
1262 4220 1479 4302 quibusdam

194 4326 397 4389 civitatibus
423 4323 564 4406 Imperii
589 4339 624 4386 et
649 4324 791 4406 quidem
817 4325 954 4387 eximiis
978 4325 1218 4407 conspirasse,
1250 4337 1383 4390 sectam
1410 4329 1478 4392 Lu·

194 4436 421 4495 theranorum
456 4431 489 4494 vi
527 4433 677 4513 quadam
714 4442 749 4493 et
783 4432 888 4494 armis
926 4432 1121 4496 defendere
1156 4454 1198 4496 ac
1233 4444 1479 4517 manutenere,

194 4541 290 4621 quod
314 4539 460 4602 indubie
485 4560 561 4601 cum
587 4539 740 4602 maximo
765 4539 947 4621 religionis
972 4551 1115 4604 nostrae
1139 4541 1297 4623 periculo
1331 4551 1367 4605 et
1397 4564 1477 4606 san-

196 4646 312 4728 guinis
336 4646 517 4709 christiani
542 4646 743 4727 perditione
769 4650 1001 4729 conabuntur,
1034 4647 1100 4710 nisi
1124 4648 1168 4710 V.
1203 4648 1264 4710 Β(10
1290 4652 1478 4729 oportunis

194 4753 360 4816 remediis
384 4754 578 4815 eorundem
603 4753 679 4834 (sic)
704 4753 890 4815 conatibus
914 4754 1060 4817 obviare
1086 4754 1321 4818 meditabitur.
1375 4756 1477 4822 Haec
