3330 5580
647 426 894 481 <><3257ἱ>0

126 585 162 638 et
187 595 300 656 opere
325 573 424 636 aecio
449 572 560 636 Cesar
584 591 737 635 conosca
762 581 797 634 et
821 582 912 634 tutto
939 573 960 634 ’l
985 575 1115 636 mondo
1141 576 1205 637 che
1230 575 1272 639 N.
1298 573 1352 636 S⁰r
1376 593 1410 637 et

127 692 255 763 questa
280 682 393 742 Santa
417 677 513 740 Sede
538 689 712 761 reputano
737 689 864 759 questa
887 679 1003 760 gratia
1028 683 1148 762 doppo
1174 681 1243 744 Dio
1268 683 1314 744 da
1338 680 1411 746 Sua

128 788 203 849 Mta
234 788 391 850 Cesarea
422 794 458 849 et
489 789 554 849 che
586 806 630 847 ne
665 806 792 848 serano
823 807 963 867 sempre
995 788 1209 850 ricordevoli
1251 800 1286 851 et
1318 790 1410 871 grati

130 916 233 957 verso
259 897 379 976 quella
403 903 438 956 et
461 903 554 955 tutta
578 914 618 955 su
643 892 735 955 Casa
766 893 1000 955 serenissima.
1048 894 1118 956 Voi
1149 916 1252 958 mess.
1288 896 1410 958 Hiero·

130 1022 236 1083 nymo
262 1000 512 1083 ringratierete
546 1020 656 1062 ancor
687 1000 720 1062 el
753 1019 828 1062 rev.
852 1000 969 1061 Padre
1003 1000 1205 1082 confessor,
1237 1003 1411 1083 Palentia,

130 1108 330 1172 consellieri
355 1121 389 1170 et
415 1107 437 1169 li
461 1107 541 1169 altri
565 1106 700 1188 signori
722 1107 879 1169 secondo
904 1107 927 1168 li
952 1107 1075 1190 meriti,
1101 1118 1136 1170 et
1160 1110 1412 1190 persuadetevi

129 1219 194 1278 che
219 1225 319 1277 tante
343 1213 494 1291 fatiche,
527 1213 616 1275 tanti
647 1213 753 1275 stenti
787 1222 821 1275 et
847 1212 969 1293 vigilie
993 1224 1093 1277 usate
1117 1215 1151 1278 in
1178 1227 1304 1298 questa
1328 1237 1412 1279 cosa

130 1322 163 1383 vi
187 1341 343 1383 saranno
369 1322 664 1383 cumulatamente
688 1320 864 1382 ristorate.
911 1319 953 1383 N.
980 1318 1016 1386 S.
1050 1323 1156 1384 lauda
1184 1343 1250 1386 con
1277 1344 1412 1386 summa

132 1427 416 1491 commendation
440 1427 461 1490 l’
478 1446 608 1508 opera,
641 1426 666 1489 il
699 1426 816 1488 studio
850 1436 886 1488 et
913 1426 996 1489 fede
1022 1438 1057 1490 et
1081 1428 1266 1492 animositi
1291 1443 1413 1493 vostra

132 1535 237 1618 piena
253 1534 297 1619 ,di
321 1533 496 1616 religione
520 1533 554 1595 in
580 1543 706 1614 questa
730 1553 813 1595 cosa
838 1543 937 1596 tanto
961 1533 1202 1617 travaglios'a‚
1235 1548 1270 1599 et
1294 1537 1352 1599 noi
1377 1539 1411 1599 vi

132 1642 281 1705 amiamo
315 1641 570 1703 cordialmente
605 1651 640 1702 et
672 1660 844 1721 pensamo
874 1661 896 1703 a
927 1643 1178 1704 commodarvi.
1226 1644 1267 1705 El
1301 1647 1411 1708 breve

133 1751 174 1812 de
199 1748 334 1812 accessi
359 1769 424 1830 per
448 1747 469 1810 l'
487 1745 641 1810 officiale
666 1747 710 1808 de
735 1747 883 1810 Treveri
907 1747 943 1809 vi
967 1747 996 1811 si
1020 1750 1150 1811 manda
1182 1770 1249 1813 con
1274 1762 1410 1832 questa,

134 1856 155 1918 il
176 1868 275 1919 resto
299 1855 328 1917 si
352 1875 464 1936 segue
488 1853 524 1916 di
547 1854 681 1917 vedere
705 1853 735 1915 si
759 1854 964 1935 expedisca.
1011 1855 1056 1916 Et
1071 1857 1163 1919 bene
1180 1858 1318 1940 valete„
1356 1858 1410 1920 Ex

135 1962 312 2026 Florentia
336 1962 369 2022 V
393 1960 487 2040 Junii
510 1960 694 2024 MDXXI.

217 2069 299 2131 Non
324 2068 358 2130 vi
383 2067 500 2131 scordi
524 2068 557 2130 le
582 2077 704 2130 nostre
727 2068 1053 2131 raccomandationi
1078 2091 1099 2130 a
1124 2069 1160 2132 S.
1184 2070 1247 2132 Mt*
1267 2072 1409 2152 quando

137 2176 164 2238 vi
198 2195 346 2238 occorre
378 2172 625 2256 opportunita,
654 2174 721 2237 che
752 2185 850 2236 certo
882 2185 1045 2256 portamo
1077 2178 1135 2239 nel
1169 2197 1252 2240 core
1283 2188 1408 2258 questo

137 2285 223 2346 buon
250 2281 412 2365 principe
437 2291 472 2345 et
495 2281 606 2344 siamo
631 2302 696 2364 per
727 2282 887 2362 portarlo
919 2283 1004 2363 ogni
1036 2281 1070 2345 di
1102 2283 1161 2362 pii1
1191 2303 1256 2365 per
1284 2296 1410 2365 questa

134 2410 191 2453 sua
215 2409 352 2452 summo
375 2388 495 2452 bonta.
547 2390 594 2451 Al
624 2387 808 2450 confessor
838 2389 1155 2452 osservandissimo
1185 2388 1258 2452 fate
1294 2393 1408 2453 anche

132 2496 162 2559 le
185 2497 315 2560 iterate
339 2495 663 2558 raccornandationi
688 2496 722 2558 al
745 2515 836 2576 gran
861 2495 1072 2558 Cancellieri
1096 2507 1161 2562 etc.

218 2603 322 2667 Circa
339 2603 363 2665 il
380 2602 502 2666 venire
518 2612 640 2665 vostro
656 2604 761 2685 quale
777 2612 946 2665 mostrate
963 2603 1176 2684 desiderare,
1195 2604 1236 2667 N.
1254 2604 1407 2686 Signore

119 2712 208 2775 dice
232 2713 299 2774 che
324 2730 363 2772 se
387 2729 458 2772 non
483 2708 517 2770 vi
534 2728 622 2789 pare
637 2708 696 2790 piri
712 2709 916 2771 necessaria
940 2710 960 2772 l’
977 2730 1088 2792 opera
1103 2721 1223 2773 vostra
1239 2711 1274 2773 in
1291 2715 1407 2793 quelle

113 2820 247 2882 bande
281 2820 348 2881 che
379 2817 398 2880 ὲ
439 2826 607 2879 contento
639 2836 683 2878 ve
714 2836 758 2878 ne
796 2817 952 2898 possiate
985 2825 1127 2879 tornare
1167 2838 1188 2879 a
1223 2819 1407 2882 commodo

106 2936 262 2989 vostro.
309 2924 356 2987 Et
378 2926 471 2986 bene
496 2924 623 2985 valete.
671 2921 873 2986 Florentiae
899 2923 950 2985 VI
974 2924 1067 3003 Junii
1092 2924 1272 2987 MDXXI.

878 3047 926 3110 vr.
945 3047 1051 3118 frain,
1073 3056 1138 3104 vice
1157 3055 1371 3120 eaucenarnsst)

730 3498 803 3564 100.

457 3625 662 3705 Aleander
694 3624 1079 3706 vicecancellario.

600 3763 699 3834 (Nune
720 3764 809 3823 dem
827 3763 858 3822 ir
876 3763 944 3830 1³³.)

651 3875 687 3941 (1.
706 3875 779 3940 Junii
802 3871 888 3943 1521.)

220 4000 300 4063 Non
325 4021 387 4063 era
409 4020 474 4081 per
497 4001 664 4062 molestar
688 4001 722 4063 al
754 4008 920 4082 presente
950 4020 1016 4063 con
1045 3999 1111 4060 mie
1139 4000 1242 4061 lettre
1274 3999 1402 4061 Vostra

91 4086 301 4187 Signoria
324 4107 658 4187 Reverendissirna‚
689 4127 729 4171 se
753 4128 821 4169 non
851 4107 948 4169 fusse
972 4108 1038 4169 che
1062 4108 1096 4168 lo
1120 4105 1297 4187 Episcopo
1320 4106 1403 4167 olim

93 4207 207 4274 mio
228 4214 362 4276 Patron
387 4213 409 4275 li
433 4213 549 4276 scrive
573 4216 698 4278 alcune
723 4213 931 4276 credentiali
957 4213 991 4275 di
1016 4213 1082 4275 mie
1107 4215 1228 4275 lettre:
1254 4213 1344 4274 Pero
1370 4213 1401 4274 le

97 4320 296 4402 Supplico
321 4322 386 4383 che
411 4341 450 4383 se
474 4341 545 4382 non
569 4341 634 4402 per
656 4321 846 4403 preghiere
872 4322 930 4383 del
955 4323 1052 4383 detto
1077 4320 1253 4402 Episcopo
1272 4320 1313 4380 ne
1338 4339 1402 4398 per

98 4421 206 4488 mie
231 4426 353 4490 humili
385 4426 638 4506 summissioni,
667 4428 806 4491 almeno
834 4448 900 4510 per
930 4449 1028 4492 amor
1056 4429 1148 4490 della
1173 4425 1282 4488 Santa
1306 4424 1400 4487 Sede

107 4514 353 4615 Apostolica,
368 4544 403 4596 et
414 4542 692 4597 sustentamento
706 4534 740 4598 di
751 4537 880 4617 quella,
894 4535 1026 4598 Vostra
1043 4533 1208 4616 Signoria
1221 4534 1400 4594 Reveren-

113 4654 344 4687 N..-

169 4759 192 4827 ¹)
208 4764 341 4814 Alcander
358 4780 438 4814 manu
456 4764 564 4828 propria
582 4764 730 4816 adnotavit:
749 4767 885 4818 Redditae
904 4768 1015 4817 Lovanii
1036 4779 1076 4816 21.
1097 4767 1178 4831 Junii.

162 4860 239 4922 Edon,
250 4873 395 4912 Doonmonta
404 4870 543 4910 Lutherm.
1211 4853 1242 4905 li
