3344 5564
711 477 958 538 *082904

193 624 242 687 ad
278 625 534 689 correctionem
569 644 705 688 morum
743 632 779 687 et
813 621 1100 687 reformationem
1137 621 1224 685 cleri
1261 619 1474 684 Germaniae

194 731 471 813 pertinentibus,
502 751 544 795 ac
575 731 610 794 in
640 751 682 795 eo
719 741 839 795 nostra
862 730 941 794 vice
966 738 1001 793 et
1025 728 1164 792 nomine
1187 731 1324 792 honore
1349 728 1474 791 eodem

196 837 387 920 legationis
411 838 654 920 praesidendi,
679 839 832 921 amplam
856 847 981 900 tenore
1005 835 1245 919 praesentium
1269 835 1474 899 facultatem

196 944 300 1008 simul
325 945 552 1010 concedimus
580 953 617 1009 et
639 954 875 1027 potestatem
900 943 936 1007 in
951 941 1165 1008 contrarium
1179 940 1393 1007 facientibus
1408 949 1474 1004 etc.

196 1070 269 1114 non
293 1051 518 1116 obstantibus
541 1050 819 1135 quibuscumque
843 1060 910 1117 etc.

286 1176 427 1240 Romae
458 1175 516 1241 die
545 1174 638 1238 XIV
661 1175 797 1259 Aprilis
828 1175 1035 1239 MDXXIV
1069 1175 1173 1238 Pont.
1224 1173 1346 1241 Nostri
1380 1192 1474 1237 anno

197 1303 323 1365 primo.

396 1962 656 2067 Fragmentum
684 1847 925 2066 epistoliis
952 1963 1059 2045 rebus
1086 1963 1281 2067 Augustae.

641 2112 724 2182 (Aeto
741 2110 957 2179 wem-uma
975 2109 1045 2181 eut)

688 2230 744 2298 (15.
764 2229 869 2296 Aprilis
891 2228 980 2297 1⁵24)

286 2372 430 2437 Domini
452 2373 675 2437 Baithazaris
699 2373 744 2437 de
768 2371 964 2436 Wolffstall
987 2392 1079 2435 uxor
1102 2369 1260 2454 scripsit:

286 2497 481 2581 Postquam
504 2498 686 2583 prefectus
717 2497 774 2562 die
806 2497 974 2562 Mercurii
1009 2498 1054 2560 ad
1086 2496 1288 2579 Augustam
1320 2495 1477 2559 venisset

204 2605 360 2669 redditae
384 2604 528 2668 fuerunt
551 2605 634 2669 mihi
659 2605 718 2668 die
741 2604 841 2686 Jovis
864 2607 953 2668 hora
976 2604 1078 2666 tarda
1102 2602 1219 2667 littere
1252 2601 1410 2667 eiusdem
1441 2603 1477 2666 in

205 2712 327 2794 quibus
350 2711 506 2794 scripsit:
530 2710 722 2795 Postquam
738 2711 816 2795 ipse
833 2711 929 2775 dicto
950 2711 1008 2774 die
1025 2711 1071 2773 ad
1086 2710 1287 2793 Augustam
1310 2709 1477 2792 venisset,

203 2817 394 2881 invenisset
425 2817 462 2880 in
486 2816 647 2881 Ecclesia
675 2819 789 2882 Beate
820 2817 934 2882 Marie
968 2816 1207 2901 Augustensis
1240 2826 1276 2880 et
1307 2816 1478 2880 cimiterio

202 2924 357 2990 eiusdem
390 2923 648 2988 multitudinem
680 2925 805 3009 populi
840 2924 994 2988 virorum
1029 2934 1064 2987 et
1096 2924 1281 2987 mulierum
1315 2932 1350 2987 et
1383 2924 1479 3005 apud

202 3033 279 3097 illos
295 3041 434 3117 septem
449 3031 606 3115 pictores
623 3053 701 3096 cum
724 3032 875 3095 madidis
899 3031 1059 3115 spongiis
1077 3031 1136 3114 qui
1151 3030 1325 3112 imagines
1348 3033 1478 3093 beatae

200 3139 336 3205 Mariae
368 3138 529 3221 Virginis
562 3147 599 3202 et
629 3137 841 3203 Sanctorum
874 3140 1083 3202 deleverunt
1123 3159 1233 3220 usque
1277 3138 1322 3200 ad
1362 3147 1478 3200 certas

198 3245 373 3329 imagines
398 3243 583 3327 Crucifixi‚
608 3247 671 3309 sed
701 3246 737 3309 in
771 3256 875 3309 nocte
904 3245 1066 3328 sequenti
1097 3245 1271 3328 imagines
1311 3243 1476 3306 Crucifixi

199 3351 426 3437 spurcissimo
458 3363 494 3415 et
525 3351 609 3415 fedo
641 3352 814 3435 sanguine
848 3361 1076 3434 asperserunt
1110 3363 1145 3415 et
1181 3351 1411 3431 desederunt,
1443 3360 1479 3415 et

200 3458 342 3524 cuidam
366 3468 483 3525 statue
506 3459 613 3522 beate
636 3457 750 3523 Marie
774 3458 923 3541 virginis
948 3478 1114 3521 coronam
1138 3457 1245 3541 capiti
1270 3457 1344 3520 eius
1368 3457 1477 3541 impo-

199 3566 304 3629 sitam
329 3566 570 3649 deponentes,
602 3565 718 3629 eidem
748 3565 855 3648 capiti
883 3565 967 3628 feda
996 3575 1154 3628 stercora
1184 3564 1478 3648 reimposuerunt.

201 3672 369 3754 Unquam
393 3673 519 3737 diebus
543 3673 615 3736 vite
639 3692 717 3736 mee
741 3694 788 3736 ex
812 3673 931 3754 aliqua
955 3694 993 3735 re
1018 3671 1132 3755 magis
1156 3674 1298 3736 turbata
1331 3670 1392 3736 fui.
1440 3671 1478 3735 Si

200 3778 306 3845 solito
335 3779 527 3862 gloriosam
550 3779 735 3862 Virginem
760 3779 899 3861 amatis,
933 3778 1006 3844 scio
1030 3800 1096 3843 vos
1120 3779 1305 3842 cordiatim
1340 3799 1385 3841 ex
1409 3781 1477 3842 hoc

201 3888 335 3952 dolere.
376 3884 407 3951 Ο
423 3887 521 3950 Deus
538 3885 760 3970 omnipotens
785 3886 939 3949 defende
955 3886 1180 3949 benedictam
1196 3884 1346 3949 Matrem
1371 3895 1477 3951 tuam.

202 3993 334 4057 Datum
356 3993 393 4057 in
417 3992 554 4057 Worde
578 3991 636 4057 die
659 3993 812 4057 Veneris
841 4013 876 4074 15
904 3992 1038 4075 Aprilis
1068 4014 1161 4075 1524·

733 4306 939 4319 mmm
