3330 5580
604 483 752 543 eoru
793 479 852 541 ΕῊ

136 631 243 717 pn'ncipi
265 644 299 697 et
324 634 369 697 de
393 643 484 696 tutto
509 635 542 696 el
565 634 695 696 mondo
721 632 755 696 in
773 643 899 715 questo
914 637 985 697 bon
1001 631 1128 715 giorno
1144 631 1368 698 sottoscrisse

135 744 235 804 desua
264 743 457 805 benedetta
488 761 592 805 mano
624 741 789 805 ambedoi
814 741 838 803 li
861 741 1020 804 mandati
1045 741 1079 804 in
1104 740 1214 806 latino
1239 752 1276 805 et
1299 746 1367 806 ale·

135 869 213 929 mano,
232 851 272 912 de
295 848 326 912 si
348 850 420 912 bon
446 848 563 912 animo
587 850 653 911 che
677 869 787 930 parea
811 856 903 912 tutto
927 848 1118 929 regioirse;
1143 849 1202 931 poi
1219 850 1369 912 ridendo

133 956 254 1020 uidisse
277 977 409 1021 ancora
433 956 467 1020 in
493 956 671 1019 francese:
705 956 774 1018 Voi
798 967 915 1019 sarete
946 976 1014 1038 pur
1042 968 1209 1019 contento
1233 978 1308 1029 mo;
1334 970 1369 1018 et

132 1063 249 1128 insimili
271 1065 395 1147 lingua
417 1064 563 1146 risposi:
595 1062 633 1126 Sl
658 1074 774 1142 certo,
806 1063 892 1141 sire,
921 1085 979 1126 ma
1003 1066 1111 1126 molto
1135 1064 1194 1146 piir
1221 1086 1265 1127 ne
1289 1065 1368 1126 sari

132 1171 265 1236 satisfatto
299 1175 333 1236 el
370 1170 434 1235 8¹⁰⁰
469 1174 505 1234 la
528 1171 641 1235 Santa
675 1169 770 1233 Sede
799 1180 835 1232 et
870 1181 961 1234 tutta
995 1173 1029 1233 la
1053 1168 1296 1250 christianin,
1333 1182 1368 1234 et

131 1279 381 1360 rengratiaranno
405 1277 475 1342 Dio
500 1280 565 1341 che
588 1278 686 1341 habii
707 1279 790 1340 dato
806 1277 898 1353 cossi
918 1281 1010 1341 bono
1026 1287 1128 1340 santo
1146 1288 1181 1339 et
1197 1279 1368 1359 religioso

131 1382 232 1465 Caesar,
254 1387 288 1449 el
311 1388 396 1469 qual
421 1386 490 1448 Dio
514 1385 723 1468 mantenghi
748 1394 784 1447 et
807 1385 972 1467 prosperi
996 1384 1032 1447 in
1058 1385 1173 1466 questi
1198 1386 1249 1448 sui
1276 1388 1368 1449 santi

130 1492 271 1575 propositi,
296 1512 362 1576 per
385 1493 409 1556 li
433 1492 529 1575 quali
552 1493 597 1557 V.
623 1492 670 1558 M.
696 1513 740 1554 ne
764 1494 811 1554 ha
831 1492 1029 1572 acquistato
1053 1502 1228 1574 perpetua
1252 1494 1368 1573 gloria

130 1608 294 1681 etapresso
318 1600 389 1663 Dio
413 1600 549 1682 premio
575 1609 709 1663 eterno.

189 1707 259 1770 Pari
293 1727 459 1771 successu
489 1706 576 1790 hogi
608 1726 656 1788 po
687 1725 820 1789 pranso
852 1725 940 1769 sono
972 1705 1055 1768 stati
1080 1704 1235 1786 sigillati,
1261 1716 1367 1769 sotto·

129 1812 207 1877 scritti
225 1835 331 1878 ancor
354 1814 482 1878 iterato
508 1815 554 1877 da
569 1813 782 1896 Magontino
798 1823 834 1876 et
849 1812 1057 1876 finalmente
1073 1813 1252 1895 registrati
1278 1814 1367 1876 detti

128 1922 245 1985 mandati
268 1932 304 1986 et
327 1943 417 1986 sono
441 1923 500 2004 qui
524 1922 667 1985 tandem
696 1921 732 1983 in
767 1942 848 1984 man
884 1920 970 1987 mia.
1006 1923 1072 1984 che
1107 1920 1181 1983 scio
1217 1941 1286 1982 non
1322 1921 1367 1983 mi

128 2042 347 2108 scamparanno
378 2029 449 2111 piir.
496 2029 566 2092 Del
598 2038 690 2090 tutto
723 2027 765 2090 sii
798 2028 942 2090 laudata
975 2030 1011 2090 la
1040 2026 1154 2091 Santa
1183 2027 1367 2090 Trinitade

129 2130 173 2193 che
198 2135 225 2198 in
260 2156 325 2199 sua
359 2136 483 2220 vigilia
518 2146 554 2199 et
589 2135 682 2199 festa
705 2156 749 2198 ne
775 2137 821 2197 ha
846 2137 930 2198 dato
955 2136 1038 2217 quel
1062 2134 1184 2197 ultimo
1209 2135 1366 2197 remedio

129 2236 174 2299 che
190 2260 244 2322 per
266 2244 421 2306 humana
444 2254 520 2306 arte
545 2264 566 2306 a
590 2251 716 2324 questa
740 2262 824 2304 cosa
848 2242 876 2304 si
905 2243 966 2323 pol
998 2241 1200 2323 excogitat,
1234 2244 1365 2324 perchi¹

128 2341 271 2412 demutat
293 2349 318 2412 li
342 2349 415 2413 cori
440 2352 485 2412 de
503 2349 526 2412 li
542 2350 684 2412 homeni
701 2359 736 2412 et
753 2348 957 2412 convertirli
975 2350 1045 2411 alla
1062 2369 1148 2411 vera
1164 2350 1222 2411 via
1239 2362 1366 2431 questo

128 2458 166 2511 sla
183 2473 199 2516 a
216 2459 286 2520 solo
310 2457 425 2537 Iddio,
451 2459 484 2520 el
508 2459 590 2538 qual
615 2476 721 2539 spero
747 2476 857 2519 ancor
884 2457 950 2518 che
975 2476 1045 2518 non
1070 2455 1102 2518 ci
1126 2457 1366 2536 abandoneri,

127 2562 342 2633 pochoancor
366 2567 431 2627 che
455 2563 571 2646 questi
594 2564 723 2626 ribaldi
748 2563 833 2645 ogni
858 2561 893 2624 di
917 2562 1057 2625 saccino
1075 2565 1226 2644 qualche
1243 2564 1366 2644 paccia

127 2660 158 2722 de
174 2666 236 2733 libri
257 2670 445 2751 lutherani,
470 2680 561 2733 tutta
584 2673 681 2733 volta
705 2674 822 2734 hanno
846 2681 945 2732 tanto
960 2689 1066 2751 perso
1083 2671 1115 2732 el
1139 2671 1276 2733 credito
1301 2673 1366 2734 che

126 2765 167 2845 85²³
184 2777 269 2856 quasi
291 2797 362 2840 non
388 2778 417 2841 si
441 2779 543 2858 parla
567 2777 602 2839 di
626 2778 717 2847 loro:
743 2777 847 2839 immo
872 2797 938 2858 par
962 2778 1028 2839 che
1054 2777 1186 2857 venghi
1211 2777 1245 2840 in
1271 2777 1365 2840 fasti-

126 2872 167 2936 dio
182 2900 199 2943 a
217 2885 271 2965 piri
297 2886 483 2968 patiarne,
517 2885 648 2948 excetti
673 2884 789 2947 alcuni
819 2884 965 2965 maligni
991 2883 1189 2964 desperati,
1222 2883 1245 2945 li
1270 2885 1366 2966 quali

126 2978 166 3058 Pil
182 3006 235 3069 per
256 2994 367 3054 robar
390 2992 456 3054 ohe
481 3011 545 3073 per
569 2993 661 3055 altro
686 2991 819 3074 piliano
844 3012 865 3053 a
896 2990 1101 3072 favoregiar
1127 2989 1275 3070 Luther,
1310 3012 1365 3053 ma

125 3102 185 3153 sono
210 3097 360 3160 nancati
391 3099 435 3160 de
467 3099 500 3160 le
531 3099 619 3160 dece
651 3109 753 3179 parte
782 3100 815 3160 le
848 3117 940 3159 nove
964 3098 1010 3159 de
1033 3097 1134 3179 pacci
1159 3096 1274 3160 favori
1299 3100 1364 3161 che

123 3192 205 3269 Pss'mo
224 3225 261 3267 se
286 3204 311 3267 li
335 3205 533 3268 donavano.
581 3205 625 3267 Et
649 3205 709 3286 piu
736 3206 801 3267 che
819 3204 954 3266 Lazaro
972 3202 1152 3286 Spengler
1175 3206 1366 3269 cancellier

122 3296 396 3394 dellorimberga‚
421 3331 491 3375 uno
507 3312 553 3374 de
570 3313 688 3394 quelle
713 3323 855 3394 quattro
880 3321 1027 3373 cornute
1051 3311 1165 3374 bestie
1179 3313 1365 3376 lutherane

121 3402 160 3467 ἅθ’
177 3419 260 3498 quali
285 3421 319 3480 el
332 3418 398 3481 S¹¹¹⁰
421 3440 460 3482 se
485 3439 631 3483 reserva
655 3419 678 3481 l’
692 3419 916 3482 absolutione
941 3439 961 3480 a
986 3439 1025 3480 se
1049 3421 1136 3498 solo,
1162 3418 1180 3480 ἐ
1205 3419 1239 3482 in
1265 3430 1365 3482 tanta

120 3505 181 3596 iuga
208 3526 271 3589 che
306 3526 344 3588 fa
380 3528 638 3608 protestatione
674 3527 718 3589 de
754 3535 1018 3589 sottometterse
1043 3535 1078 3588 et
1103 3545 1200 3587 esser
1223 3546 1363 3608 sempre

119 3626 186 3689 stato
212 3642 423 3695 sottomesso
452 3634 487 3696 al
521 3632 700 3715 pontefice
732 3652 878 3696 romano
912 3644 947 3695 et
976 3643 1136 3713 protesta
1166 3634 1232 3694 che
1257 3632 1362 3695 Eccio

117 3721 258 3802 l’haveva
274 3739 335 3823 gia
357 3742 520 3804 absoluto
546 3752 580 3804 et
601 3742 677 3819 che,
703 3748 828 3822 questo
848 3759 919 3801 non
937 3741 1114 3816 obstante,
1140 3739 1157 3800 o
1181 3739 1361 3807 nominato

116 3824 185 3906 inla
203 3848 317 3919 bulla;
351 3866 416 3928 per
449 3847 472 3910 il
498 3849 563 3910 che
588 3847 740 3912 lacendo
765 3846 813 3908 lui
838 3845 1085 3908 iustificatione
1111 3865 1173 3906 sua
1198 3866 1218 3906 a
1243 3844 1363 3919 Cesar,

116 3936 168 4008 3²¹³
186 3951 319 4016 Maesti
348 3953 370 4016 l'
384 3955 430 4016 ha
460 3954 607 4017 rimesso
639 3976 660 4016 a
688 3975 743 4017 me
769 3964 804 4016 et
827 3953 861 4015 io
886 3953 910 4014 li
934 3954 980 4015 ho
1005 3954 1103 4014 detto
1129 3972 1199 4013 non
1224 3953 1363 4032 poterlo

115 4047 264 4140 absolvet,
303 4080 360 4123 rna
393 4061 472 4123 chel
508 4081 623 4145 porga
659 4082 723 4124 sua
753 4060 1012 4142 supplicatione
1044 4080 1064 4120 a
1090 4057 1138 4121 Su
1164 4058 1303 4120 Sontini
1329 4070 1363 4121 et

115 4164 196 4229 prusti
217 4167 241 4230 li
265 4166 377 4230 debiti
401 4166 496 4230 modi
521 4169 565 4230 de
589 4167 751 4245 abiurar,
783 4168 848 4229 che
878 4167 906 4228 si
932 4165 1087 4228 scrivera
1112 4166 1146 4228 in
1172 4186 1235 4228 suo
1260 4166 1363 4226 favor

115 4268 308 4352 etsperamo
340 4275 405 4336 ohe
436 4275 470 4337 la
501 4275 689 4339 clementia
722 4275 766 4337 de
792 4272 842 4336 Su
867 4271 1007 4335 Santita
1031 4272 1266 4335 l’absolvera.
1315 4271 1363 4331 Se

114 4381 211 4446 questo
233 4380 405 4460 adviene‚
434 4383 504 4444 ben
535 4381 653 4443 vorrei
678 4382 744 4444 che
769 4382 815 4444 da
839 4379 900 4462 poi
923 4380 1015 4442 fatto
1040 4382 1073 4442 la
1098 4379 1219 4442 debita
1244 4399 1361 4462 repre·

114 4468 253 4550 hensione
277 4509 317 4551 se
341 4487 365 4550 li
389 4487 527 4551 facesse
550 4488 667 4570 gratia
690 4508 755 4570 per
778 4508 849 4551 non
884 4496 1032 4550 mettere
1064 4486 1097 4548 in
1133 4486 1361 4568 desperation

114 4577 273 4663 lihomini.
1280 4666 1286 4681 .

178 4697 393 4765 Similmente
430 4701 575 4765 intendo
611 4703 668 4765 del
707 4722 908 4784 compagno
946 4722 1009 4763 suo
1034 4701 1240 4762 Pirchemer
1271 4719 1360 4780 gran

115 4792 269 4872 lllhnano
292 4829 404 4873 ancor
427 4809 475 4871 lui
500 4809 618 4872 dottor
638 4826 673 4872 et
694 4807 847 4872 Senator
871 4811 916 4871 de
936 4807 1182 4888 Noremberga
1206 4806 1235 4869 si
1260 4816 1363 4869 trova
