3330 5580
797 760 869 822 194.

420 875 632 977 Campegius
660 879 695 955 et
721 876 812 956 Baro
840 877 882 955 de
909 868 1041 978 Burgio
1070 868 1244 956 Sadoleto.

605 1013 747 1084 (nume
772 1014 898 1073 semu.
916 1013 990 1073 uu
1009 1013 1065 1084 ro.)

674 1136 728 1198 (11.
748 1135 886 1182 Februarii
909 1139 993 1197 1525.)

281 1267 356 1331 Con
389 1288 459 1330 una
482 1278 604 1330 nostra
627 1269 738 1330 breve
762 1269 890 1330 lettera
923 1279 959 1330 et
990 1287 1058 1330 con
1081 1267 1252 1331 immensa
1276 1270 1482 1350 allegrezza

192 1375 413 1456 significamo
445 1395 466 1436 a
489 1373 532 1436 N.
558 1371 594 1436 S.
626 1376 661 1436 la
685 1372 912 1436 conclusione
945 1374 990 1436 de
1014 1376 1049 1436 la
1072 1375 1203 1437 unione
1234 1376 1279 1438 de
1305 1375 1434 1440 Boemi
1459 1397 1482 1439 a

193 1486 226 1544 la
261 1483 354 1544 Sede
385 1480 612 1562 Apostolica,
649 1483 682 1541 la
717 1483 821 1561 quale
854 1479 889 1542 in
923 1481 1142 1563 quest'hora
1174 1484 1325 1545 havemo
1360 1482 1481 1547 inteso

193 1609 292 1651 come
318 1591 352 1650 la
376 1585 507 1649 vedere
533 1607 598 1668 per
622 1588 654 1649 le
680 1588 806 1650 lettere
840 1590 905 1650 che
930 1609 996 1651 con
1022 1590 1056 1651 le
1081 1599 1201 1650 nostre
1225 1591 1418 1654 mandamo
1443 1591 1479 1654 in

193 1716 296 1758 mano
321 1694 356 1757 di
381 1692 416 1759 S.
442 1693 494 1755 S'l
516 1693 551 1754 di
576 1695 642 1756 che
666 1695 977 1775 particolarmente
1002 1716 1046 1758 ne
1071 1698 1268 1777 allegramo
1293 1717 1361 1760 con
1379 1696 1469 1760 V.S

192 1815 226 1865 et
251 1804 306 1865 col
331 1802 454 1882 signer
478 1801 626 1863 Datario
660 1822 725 1883 per
748 1801 770 1863 l’
785 1803 921 1864 honore
951 1812 986 1864 et
1010 1802 1126 1884 gloria
1149 1803 1185 1864 di
1210 1804 1246 1867 S.
1272 1801 1324 1865 ga
1352 1817 1389 1865 et
1414 1824 1480 1885 per

192 1908 333 1991 publica
357 1908 586 1971 satisfacione
619 1919 654 1970 et
679 1909 922 1971 consolatione
954 1909 999 1971 de
1023 1908 1104 1971 tutti
1129 1908 1311 1971 christiani
1347 1920 1385 1973 et
1408 1932 1478 1973 ser-

192 2017 297 2079 vitori
321 2015 360 2077 di
381 2012 417 2077 S.
443 2012 505 2076 Βιω
525 2014 562 2076 di
586 2016 652 2078 che
676 2015 730 2078 sia
754 2014 789 2078 in
813 2025 936 2079 eterno
960 2013 1082 2078 lodato
1108 2012 1176 2077 Dio
1202 2010 1243 2079 N.
1262 2016 1298 2078 S.
1324 2018 1478 2080 authore

192 2124 240 2185 dil
265 2130 367 2201 tutte,
392 2123 426 2184 la
451 2124 532 2203 qual
549 2142 634 2184 cosa
657 2120 677 2184 ὲ
702 2132 801 2184 tanto
826 2123 886 2204 piu
903 2123 1042 2204 grande
1067 2131 1102 2184 et
1120 2124 1166 2184 da
1181 2120 1325 2186 stimate
1341 2135 1477 2204 quanto

191 2233 257 2293 che
289 2249 453 2310 speramo
486 2230 551 2290 che
583 2229 725 2292 tornerl
758 2251 779 2291 a
803 2228 1012 2292 confusione
1044 2229 1088 2291 de
1120 2226 1236 2310 questi
1258 2229 1409 2292 heretici
1442 2243 1478 2293 et

191 2336 275 2399 novi
299 2336 448 2418 giganti.

280 2443 320 2505 In
344 2453 470 2524 questo
495 2451 594 2504 tanto
619 2462 784 2506 successo
809 2455 928 2507 essent
950 2444 1199 2505 decernendae
1213 2441 1381 2523 publicae
1397 2464 1474 2527 sup·

191 2551 401 2632 plicationes
434 2561 470 2611 et
504 2549 574 2611 alia
597 2549 754 2612 laetitiae
788 2558 823 2611 et
848 2549 1076 2612 exultationis
1101 2549 1220 2630 signa:
1258 2571 1313 2612 ma
1338 2554 1472 2632 perch}

191 2657 394 2738 expetiamo
419 2655 443 2717 li
467 2655 598 2718 oratori
624 2654 668 2718 de
693 2655 775 2736 quei
798 2655 922 2738 populi
948 2676 1015 2719 con
1040 2656 1063 2718 li
1089 2654 1183 2737 quali
1208 2652 1345 2719 darassi
1362 2658 1477 2721 forma

193 2766 263 2826 alla
286 2762 523 2844 expedicione
548 2770 583 2824 et
607 2758 847 2826 stabilimento
872 2765 993 2843 totale,
1018 2762 1177 2826 saresino
1196 2762 1231 2824 di
1255 2782 1385 2843 parere
1410 2766 1478 2827 che

191 2871 220 2933 si
245 2881 451 2951 expettasse
476 2891 496 2931 a
521 2879 647 2950 questo
664 2869 787 2932 effetto
808 2891 854 2932 un
871 2871 963 2932 altro
979 2879 1100 2932 nostro
1117 2866 1215 2933 aviso
1237 2871 1282 2931 de
1299 2871 1334 2932 la
1350 2870 1478 2951 gionta

191 2981 285 3050 loro;
321 2979 364 3040 ne
403 2988 529 3058 questo
559 2977 594 3038 vi
619 2973 769 3037 diciamo
802 2978 933 3058 perche
967 2977 1136 3040 debbiate
1167 2978 1300 3040 havere
1331 2978 1366 3039 la
1391 2997 1478 3041 cosa

191 3106 268 3148 men
302 3094 400 3146 certa
432 3094 468 3144 et
492 3080 629 3162 chiara,
666 3103 723 3144 ma
746 3098 812 3164 per
843 3104 889 3145 un
914 3083 1055 3146 ricordo
1087 3079 1132 3146 ‹ia
1157 3084 1299 3166 seguire
1330 3105 1369 3147 se
1403 3091 1478 3149 cosl

190 3192 328 3274 parer'a,
352 3189 485 3272 perche
510 3210 579 3252 non
604 3190 757 3251 havemo
782 3189 835 3251 sin
852 3189 912 3272 qui
935 3192 1025 3253 altra
1041 3191 1323 3272 particolaritate
1348 3192 1393 3255 ne
1411 3213 1479 3275 per

190 3302 278 3363 hora
317 3299 472 3380 possiam
513 3292 571 3378 pid
608 3295 684 3357 dire
720 3312 742 3357 a
778 3295 820 3360 V.
857 3296 892 3361 S.
934 3298 999 3359 che
1035 3319 1056 3360 a
1091 3296 1137 3360 lei
1171 3299 1478 3365 raccomandarci.

192 3408 315 3468 Budae
342 3406 396 3468 XI
421 3406 522 3468 Febr.
549 3407 638 3466 hora
661 3402 766 3465 tertia
791 3415 872 3483 post
895 3403 1077 3467 meridiem
1102 3404 1302 3469 MDXXV.

760 3535 788 3596 l.
809 3532 888 3596 wli.
908 3526 1120 3608 sssslllllbsslus—
1130 3541 1157 3589 lo
1170 3543 1272 3590 Barone
1291 3544 1334 3592 del
1345 3546 1459 3608 Burglo.

727 3718 884 3730 vmwmmv»
888 3718 932 3729 υννκ.

794 3950 867 4015 195.

643 4064 816 4146 Roianus
845 4064 1019 4146 Sedoleto.

596 4210 744 4282 (Verlor.
769 4212 814 4271 ad
838 4212 937 4271 olem.
961 4212 999 4270 11.
1023 4214 1072 4281 u.)

671 4311 725 4382 (14.
745 4314 884 4364 Februarii
906 4317 991 4378 1525.)

279 4501 338 4516 ...
364 4430 393 4514 E
417 4459 510 4512 stato
535 4447 594 4530 qui
620 4447 680 4510 dui
703 4448 820 4531 giorni
852 4449 888 4511 el
912 4450 1003 4512 duca
1027 4450 1211 4514 Ludovico
1236 4451 1281 4512 de
1305 4446 1471 4531 Baviera,

188 4562 293 4644 quale
323 4561 370 4621 ho
395 4556 538 4620 visitato
567 4576 632 4637 per
656 4576 760 4619 nome
785 4557 830 4618 de
854 4555 896 4619 N.
922 4554 958 4620 S.
990 4566 1026 4619 et
1056 4558 1179 4620 factoli
1203 4552 1238 4618 in
1263 4559 1470 4623 conclusion

186 4667 374 4732 intendere
399 4665 465 4727 che
489 4683 528 4726 se
545 4662 567 4725 'l
591 4662 709 4725 vicere
734 4673 770 4725 et
794 4663 875 4725 altri
899 4664 1129 4744 governatori
1151 4664 1286 4727 cesarei
1301 4686 1470 4730 avessero

187 4774 375 4842 attenduto
406 4772 440 4836 al
466 4768 625 4835 conselio
650 4779 685 4832 et
709 4769 949 4832 admonitione
981 4772 1026 4833 de
1050 4770 1093 4834 N.
1118 4771 1154 4834 S.
1180 4792 1250 4834 non
1274 4774 1470 4838 solamente
