3330 5580
703 450 761 502 ΗΒ
800 451 853 503 237
892 448 950 501 &0

188 591 245 652 alli
279 592 312 652 m
348 593 482 672 passati
508 595 573 655 che
600 596 716 655 hanno
748 596 818 657 tale
844 595 1011 677 opinione
1035 598 1101 658 che
1126 596 1244 656 avanti
1271 616 1334 676 per
1359 597 1466 658 molte

188 698 346 761 decenne
371 701 415 761 de
445 700 526 762 anni
551 721 660 762 erano
685 702 768 763 stati
792 702 948 783 coperti,
974 712 1009 765 et
1033 701 1139 784 dopoi
1165 702 1335 783 publicati
1360 714 1394 764 et
1418 704 1464 764 fa·

189 806 387 886 voreggiati
418 806 533 888 questi
564 807 644 869 libri
676 808 725 869 de·
746 809 896 888 Luther,
925 811 1042 871 hanno
1074 829 1179 890 preso
1205 810 1300 871 ardir
1324 810 1368 870 de.
1393 830 1464 872 sco-

188 911 309 992 prirse.

275 1020 326 1080 La
351 1030 478 1101 quarta
502 1041 611 1101 opera
636 1023 702 1084 che
727 1043 781 1084 me
807 1023 929 1085 dubito
963 1024 1006 1085 de
1037 1032 1163 1105 questo
1195 1023 1354 1102 ribaldo,
1387 1022 1465 1084 sarit

188 1127 250 1188 che
276 1127 449 1189 Dominus
475 1127 603 1189 Noster
627 1128 756 1206 Jeshus
781 1128 940 1191 Christus
974 1150 1043 1191 non
1074 1140 1128 1191 est
1152 1129 1464 1192 consubstantialis

189 1233 296 1313 patri,
330 1245 365 1296 et
398 1237 491 1315 quod
526 1244 603 1296 erat
635 1246 776 1318 tempus
800 1237 943 1316 quando
968 1255 1037 1298 non
1064 1246 1140 1298 erat
1164 1236 1269 1314 filius,
1303 1247 1336 1299 et
1369 1238 1462 1317 quod

189 1337 277 1401 filius
302 1352 357 1401 est
382 1352 543 1403 creatura
569 1343 632 1403 sed
657 1363 726 1405 non
753 1355 791 1404 ut
815 1354 955 1404 ceterae
980 1353 1175 1422 creaturae,
1201 1356 1236 1406 et
1254 1345 1348 1424 quod
1372 1343 1465 1405 filius

189 1459 239 1507 est
263 1447 310 1509 de
334 1448 439 1510 nullis
464 1449 669 1511 extantibus
695 1461 730 1511 et
754 1470 825 1510 non
850 1451 900 1511 de·
920 1450 997 1512 Deo
1022 1462 1142 1532 patre,
1175 1452 1208 1511 le
1233 1451 1328 1531 quali
1353 1450 1462 1531 opini-

189 1553 241 1614 oni
265 1552 372 1616 furno
397 1556 456 1616 del
480 1555 715 1636 perfidissimo
740 1566 776 1617 et
800 1556 977 1618 diabolico
1003 1557 1129 1635 Arrio,
1154 1577 1261 1619 causa
1286 1559 1329 1619 de
1355 1569 1465 1619 morte

189 1661 229 1722 de
263 1671 363 1723 tante
394 1661 543 1723 milliara
577 1663 622 1724 de
646 1662 838 1725 christiani.
887 1663 930 1723 Et
962 1675 1087 1743 questo
1119 1684 1188 1725 non
1221 1685 1326 1726 senza
1358 1685 1463 1726 causa

188 1769 284 1848 parlo
317 1769 450 1851 perche
483 1771 514 1830 el
545 1767 737 1831 Confessor
767 1770 811 1830 de
837 1768 946 1830 Cesar
979 1770 1021 1830 m’
1039 1771 1085 1832 ha
1118 1771 1217 1832 detto
1249 1772 1314 1833 che
1346 1772 1464 1851 quello

189 1873 323 1934 ribaldo
348 1874 403 1935 fra
428 1875 581 1937 Martino
597 1876 724 1938 Putzer
740 1876 953 1956 predicator,
979 1879 1011 1938 el
1027 1880 1109 1958 qual
1127 1878 1245 1938 scrissi
1260 1879 1350 1940 altre
1368 1881 1464 1939 volte

188 2000 281 2042 esser
313 1982 429 2063 fugito
464 1994 499 2044 et
533 2003 630 2044 esser
655 1982 688 2044 in
714 1984 748 2044 la
772 1983 926 2045 fortezza
955 1984 989 2044 di
1016 1984 1206 2046 Francisco
1233 1983 1462 2065 Sichinghen,

189 2090 249 2150 hor
272 2101 400 2170 questo
424 2089 563 2151 ribaldo
589 2089 805 2151 conferendo
831 2111 852 2151 a
876 2092 1026 2170 qualche
1052 2090 1235 2172 proposito
1261 2112 1338 2153 cum
1364 2093 1462 2152 detto

189 2195 369 2259 confessor
393 2196 486 2258 disse
512 2206 755 2277 apertamente
774 2198 839 2258 che
863 2195 910 2258 lui
928 2205 1034 2258 tenea
1058 2200 1123 2259 che
1142 2198 1247 2259 Arrio
1272 2219 1342 2261 non
1367 2199 1463 2261 fusse

189 2313 276 2364 stato
317 2305 387 2365 ben
428 2312 462 2364 et
501 2303 711 2365 iustamente
749 2304 974 2364 condennato
1005 2305 1060 2366 nel
1086 2304 1243 2366 Concilio
1267 2305 1403 2368 Niceno
1430 2316 1464 2368 et

189 2411 336 2490 qualche
369 2430 439 2471 uno
472 2410 516 2470 de
548 2429 636 2489 gran
673 2430 775 2470 nome
804 2409 839 2470 in
864 2420 989 2490 questo
1015 2419 1135 2474 nostro
1161 2422 1280 2492 tempo
1304 2412 1340 2474 in
1365 2423 1418 2474 tre
1444 2434 1464 2474 o

189 2527 327 2598 quattro
361 2517 453 2578 lochi
489 2518 533 2577 de
564 2537 625 2578 sue
650 2535 760 2597 opere
791 2535 856 2596 par
888 2517 953 2578 che
977 2527 1076 2579 senta
1109 2519 1141 2580 el
1166 2519 1298 2592 simile;
1323 2528 1359 2580 et
1384 2519 1464 2581 tutti

189 2623 299 2705 questi
329 2644 417 2686 sono
451 2621 645 2701 lutherani,
686 2623 846 2702 quamvis
887 2622 1106 2685 dissimulent
1141 2625 1307 2695 maxime:
1351 2628 1463 2706 perho

190 2730 278 2793 Rme
294 2730 446 2793 Domine
471 2750 515 2792 ne
540 2750 689 2811 spernas
713 2731 824 2791 verba
848 2728 986 2809 parvuli
1012 2751 1130 2792 coram
1156 2743 1191 2793 te
1216 2733 1403 2812 loquentis,
1430 2743 1464 2795 et

190 2837 329 2900 facciasi
347 2838 406 2919 piu
424 2837 619 2918 provisioni
644 2857 682 2898 se
708 2848 839 2916 poteno
864 2856 929 2916 per
953 2836 1057 2918 piliar
1081 2848 1206 2919 questo
1231 2859 1319 2902 cane
1344 2840 1463 2901 avanti

191 2946 263 3007 chel
287 2946 371 3006 vadi
395 2945 429 3006 in
452 2944 599 3006 Boemia
623 2953 658 3006 et
682 2947 747 3006 che
772 2944 903 3023 venghi
929 2947 976 3005 tal
999 2944 1239 3007 abomination
1265 2948 1298 3007 al
1324 2948 1464 3026 mund0,

192 3064 222 3112 et
242 3051 278 3114 in
302 3051 358 3113 his
383 3051 544 3112 omnibus
573 3050 637 3112 Dio
662 3051 746 3113 volii
772 3052 838 3112 che
864 3051 896 3112 io
921 3051 1040 3113 menti.

273 3159 366 3221 Altri
399 3161 517 3220 hanno
549 3158 714 3238 opinione
749 3160 814 3220 che
840 3158 972 3220 Luther
1006 3179 1044 3221 se
1073 3159 1169 3220 retiri
1195 3159 1228 3220 in
1255 3159 1360 3222 Datia
1386 3162 1463 3223 ete

192 3264 278 3328 fama
314 3268 381 3327 che
420 3286 484 3346 per
515 3265 635 3328 avanti
672 3268 703 3327 el
728 3286 767 3327 re
793 3266 826 3327 lo
852 3267 966 3327 havea
990 3265 1078 3327 fatto
1104 3266 1288 3329 rechieder
1312 3269 1404 3330 assai
1430 3280 1465 3331 et

192 3391 252 3434 non
290 3373 448 3453 petendo
483 3374 629 3435 haverlo
665 3374 711 3433 ha
747 3372 893 3434 retirato
927 3373 984 3453 gii
1019 3372 1132 3457 (come
1158 3395 1212 3435 me
1237 3376 1283 3436 ha
1307 3377 1405 3437 detto
1431 3377 1464 3438 el
1524 3415 1528 3428 ·

191 3479 304 3542 dottor
328 3475 470 3562 Capito)
502 3479 668 3561 Philippo
695 3480 898 3541 Melancton
934 3481 965 3541 el
998 3481 1102 3560 quale
1131 3483 1176 3541 ha
1201 3502 1245 3542 un
1270 3482 1464 3545 bellissimo

191 3605 240 3648 ma
262 3586 519 3666 malignissimo
543 3585 712 3668 ingegno,
737 3596 772 3648 et
797 3587 904 3649 credo
930 3588 995 3649 che
1012 3586 1059 3648 lui
1073 3587 1170 3649 habii
1186 3591 1369 3668 composto
1395 3610 1464 3650 una

191 3694 277 3755 bona
308 3705 413 3776 parte
438 3695 482 3755 de
512 3693 535 3755 li
568 3693 646 3755 libri
679 3696 723 3756 de
749 3694 884 3756 Luther
907 3715 928 3755 ο
953 3695 1076 3755 saltem
1102 3697 1209 3756 molto
1234 3695 1403 3757 adiutado
1429 3707 1464 3758 et

191 3809 282 3863 tanto
321 3799 382 3881 piu
422 3803 454 3862 el
495 3821 533 3862 re
567 3800 611 3862 de
636 3801 744 3862 Datia
769 3799 914 3863 cercard
939 3801 1048 3862 havet
1073 3812 1240 3880 questore
1265 3823 1329 3883 per
1353 3805 1464 3865 haver

190 3906 328 3988 aliquod
361 3907 522 3969 solatium
556 3919 591 3968 et
620 3906 844 3988 refrigerium
874 3908 919 3968 de
947 3910 981 3969 la
1015 3907 1207 3969 coscientia
1231 3929 1297 3990 per
1320 3930 1463 3971 enorme

191 4014 290 4076 crime
315 4015 382 4075 che
407 4015 452 4074 ha
476 4012 566 4074 fatto
591 4013 625 4075 in
652 4033 846 4076 ammazzar
870 4013 976 4093 quelli
1002 4013 1177 4095 episcopi,
1202 4036 1239 4076 se
1265 4035 1331 4096 pur
1355 4036 1393 4078 se
1418 4037 1462 4077 ne

190 4120 229 4182 ha
251 4119 470 4183 conscientia
495 4124 574 4202 quel
600 4141 639 4182 re
670 4122 735 4182 che
767 4120 834 4182 mai
859 4123 976 4182 hebbe
1005 4121 1241 4192 conscientia:
1280 4123 1392 4203 perhb
1424 4144 1461 4183 se

192 4245 246 4307 per
278 4236 453 4290 eventura
483 4227 531 4289 lui
565 4248 669 4290 cerca
693 4248 714 4288 a
738 4228 856 4289 Roma
891 4227 912 4289 l’
927 4227 1170 4306 absolutione,
1207 4249 1278 4290 non
1310 4231 1461 4291 sarebbe

192 4336 251 4397 mal
274 4334 496 4416 redarguere
520 4334 662 4414 quidem
688 4343 722 4395 et
747 4334 877 4395 acriter
901 4336 1007 4396 talem
1033 4354 1155 4415 regem
1180 4356 1236 4397 ma
1262 4356 1330 4397 non
1356 4336 1380 4398 li
1412 4357 1461 4398 es·

194 4457 260 4502 sere
284 4449 416 4523 troppo
440 4439 607 4502 renitenti
632 4443 688 4504 all'
714 4440 947 4519 absolutione,
973 4441 1137 4503 accioche
1163 4462 1228 4522 per
1253 4443 1417 4522 despetto
1442 4464 1462 4504 0

193 4562 249 4624 per
270 4546 520 4629 desperatione
552 4568 622 4610 non
653 4569 690 4610 se
721 4550 872 4610 donasse
909 4548 966 4609 del
1000 4556 1090 4608 tutto
1123 4569 1143 4608 a
1167 4550 1286 4629 quella
1309 4549 1463 4630 pessima

194 4650 310 4716 riade
335 4654 485 4732 Luther,
515 4654 550 4715 la
581 4657 664 4736 qual
696 4654 859 4717 conforta
891 4656 936 4715 ad
968 4674 1144 4717 ammazar
1175 4655 1198 4716 li
1222 4655 1331 4737 preti,
1364 4667 1462 4718 tanto

197 4761 361 4826 crudelior
385 4762 547 4842 Johanne
573 4762 718 4824 Hussita
749 4773 917 4844 quantum
950 4761 1008 4823 ille
1043 4764 1247 4828 sacerdotes
1276 4776 1462 4846 presentes
