3330 5580
708 466 954 523 “QUOD-0

804 649 848 714 45

582 765 754 847 Carolus
781 767 821 847 V.
849 701 1077 864 iothoroi.

641 906 725 975 (Auta
742 905 876 964 nomae.
895 903 940 963 id.
958 904 1023 976 uu.)

697 1014 750 1084 (11.
771 1017 860 1065 uranii
884 1020 968 1078 1521.)

280 1141 510 1205 Honorabilis
535 1143 665 1204 devote
690 1141 837 1204 dilecte:
868 1140 1044 1222 Quoniam
1061 1141 1135 1204 Nos
1160 1152 1195 1203 et
1219 1141 1310 1203 sacri
1335 1141 1477 1223 imperii

191 1258 304 1312 status
327 1250 384 1311 hie
410 1249 622 1330 congregati
639 1248 863 1327 intendimus,
889 1258 925 1310 et
941 1248 1176 1310 conclusimus
1191 1248 1329 1311 ratione
1345 1248 1474 1311 doctri-

190 1377 330 1435 narum,
365 1366 400 1417 et
432 1355 602 1418 librorum
634 1355 693 1436 qui
724 1375 790 1437 per
822 1354 968 1436 aliquod
1002 1368 1142 1436 tempus
1165 1376 1187 1418 a
1210 1366 1245 1417 te
1271 1355 1356 1418 editi
1380 1366 1474 1435 sunt,

190 1485 235 1525 ex
260 1472 294 1524 te
319 1463 566 1526 certitudinem
592 1463 774 1545 accipere:
810 1463 894 1525 Ideo
919 1462 993 1524 Nos
1019 1462 1080 1524 tibi
1106 1465 1173 1526 huc
1198 1463 1413 1526 adveniendi
1438 1473 1476 1527 et

189 1572 235 1631 ab
255 1569 336 1631 hinc
354 1571 480 1631 iterum
496 1569 688 1632 recedendi
704 1570 749 1631 ad
765 1579 860 1632 tuam
877 1590 1038 1632 securam
1055 1569 1290 1649 securitatem,
1315 1579 1475 1634 nostrum

189 1687 225 1738 et
251 1676 342 1738 sacri
366 1676 505 1758 imperii
528 1675 694 1755 liberum,
727 1687 763 1738 et
786 1676 993 1757 expeditum
1017 1677 1153 1738 salvum
1177 1677 1390 1738 conductum
1415 1677 1473 1739 de·

190 1763 320 1863 dimus,
354 1803 458 1864 quem
491 1782 592 1845 iuxta
615 1793 802 1865 presentes
826 1784 871 1845 ad
896 1793 931 1844 te
956 1781 1139 1844 mittimus:
1181 1780 1366 1865 Cupiendo
1391 1804 1475 1865 qua·

188 1903 290 1952 tenus
316 1899 351 1951 te
375 1889 544 1951 maturius
569 1891 686 1952 leves:
716 1889 766 1951 ita
791 1890 886 1969 quod
911 1888 944 1951 in
970 1888 1096 1970 viginti
1122 1899 1157 1951 et
1180 1909 1251 1952 uno
1276 1890 1414 1971 diebus,
1438 1891 1474 1953 in

188 1997 387 2059 huiusmodi
418 2006 541 2059 nostro
575 1998 675 2059 salvo
708 1997 887 2058 conductu
920 1995 1127 2075 nominatis,
1161 2006 1259 2059 certo
1290 1996 1347 2059 hic
1376 2000 1475 2078 apud

189 2124 253 2165 nos
285 2103 437 2175 existas;
472 2111 508 2164 et
539 2124 584 2165 ne
615 2105 745 2165 absens
778 2122 941 2180 maneas,
976 2111 1012 2164 et
1044 2102 1109 2163 tibi
1143 2104 1187 2165 de
1220 2102 1390 2166 violentia
1413 2107 1475 2168 vel
1523 2167 1524 2170 ,

189 2210 317 2273 iniuria
340 2212 437 2273 nullo
462 2212 567 2271 modo
587 2207 730 2271 timeas:
756 2208 847 2290 Quia
863 2229 927 2270 nos
943 2228 1030 2289 erga
1045 2218 1079 2270 te
1096 2207 1295 2289 praefatum
1313 2221 1475 2276 nostrum

189 2319 325 2379 salvum
349 2318 562 2380 conductum
585 2315 733 2380 firmiter
756 2316 919 2379 obtinere
944 2318 1105 2378 volumus
1112 2365 1120 2396 ,
1144 2336 1252 2398 super
1273 2319 1475 2383 huiusmodi

189 2425 294 2486 etiam
325 2424 481 2487 adventu
514 2436 574 2487 tuo
607 2444 671 2487 nos
701 2424 844 2487 omnino
875 2425 1081 2485 fundamus:
1116 2424 1160 2485 Et
1193 2434 1230 2486 tu
1255 2424 1344 2487 facis
1368 2427 1403 2488 in
1429 2448 1474 2490 eo

190 2543 346 2594 nostram
379 2531 548 2594 seriosam
579 2533 815 2594 voluntatem:
851 2532 981 2593 Datum
1013 2530 1048 2592 in
1073 2530 1225 2593 Ciuitate
1258 2542 1379 2595 nostra
1412 2534 1473 2597 im-

189 2639 315 2719 periali
339 2637 539 2699 Wormatia
570 2638 638 2700 Die
663 2638 719 2699 XI
750 2637 881 2700 mensis
914 2637 1032 2699 Martii
1063 2637 1234 2699 MDXXI
1259 2639 1474 2721 Regnorum

188 2757 388 2808 nostrorum
413 2745 569 2807 Romani
594 2746 751 2808 secundo
777 2755 998 2808 coeterorum
1026 2745 1082 2806 X⁰
1105 2743 1236 2808 Sexto:

278 2852 489 2914 Honorabili
522 2854 653 2914 devoto
686 2852 789 2914 nobis
814 2852 944 2914 dilecto
970 2851 1106 2914 doctori
1132 2851 1287 2915 Martino
1314 2854 1473 2919 Luthero

188 2959 323 3021 ordinis
346 2958 469 3021 Sancti
495 2959 699 3041 Augustini.

801 3379 854 3444 46.

487 3502 621 3584 Salvus
650 3505 844 3584 oonduotus
873 3505 979 3584 datus
1006 3505 1171 3586 Luthoro.

630 3644 716 3713 (Aeta
733 3642 868 3700 nomae.
886 3640 931 3700 id.
950 3641 1021 3713 100.)

276 3771 423 3834 Carolus
440 3781 505 3835 etc.
528 3772 847 3854 Recognoscimus,
865 3791 944 3833 cum
961 3771 1035 3833 Nos
1053 3793 1098 3834 ex
1112 3773 1338 3835 moventibus
1352 3773 1472 3836 causis

188 3879 377 3941 Martinum
402 3879 595 3941 Lutherum
621 3879 755 3941 ordinis
779 3878 892 3940 sancti
917 3878 1120 3960 Augustini,
1144 3881 1212 3942 huc
1234 3879 1471 3942 Wormatiam

187 3987 233 4047 ad
258 4006 322 4047 nos
347 3986 603 4065 vocaverimus,
629 3988 722 4067 quod
749 3985 779 4047 ei
804 3985 897 4047 iilius
922 3985 1121 4065 occasione,
1147 3998 1303 4048 nostrum
1328 3996 1362 4048 et
1378 3988 1472 4049 sacri

187 4092 324 4173 imperii
349 4092 509 4172 liberum,
535 4092 751 4174 expeditum,
776 4094 911 4153 salvum
937 4095 1160 4173 conductum,
1186 4103 1220 4154 et
1244 4093 1470 4156 securitatem

186 4200 358 4261 adversus
382 4218 624 4280 quoscumque
648 4199 897 4278 concessimus,
922 4208 957 4260 et
981 4199 1198 4261 addiximus:
1237 4211 1271 4262 et
1296 4202 1362 4262 hoc
1387 4199 1470 4262 saci·

186 4325 263 4367 mus
288 4327 333 4367 ex
359 4306 536 4368 Caesarea
560 4315 755 4387 potestate,
791 4326 836 4367 ex
863 4317 961 4367 certa
985 4305 1149 4385 scientia,
1183 4318 1218 4368 et
1243 4317 1366 4368 tenore
1391 4328 1468 4389 pre-

187 4412 346 4474 sentium.
395 4413 448 4474 Ita
473 4432 578 4493 quum
602 4412 679 4493 ipse
697 4411 797 4496 ⁸inira
822 4411 974 4492 spatium
992 4412 1088 4474 XXI
1113 4413 1259 4493 dierum,
1284 4424 1366 4495 post
1391 4434 1469 4494 pre·

186 4518 420 4581 sentationem
438 4522 561 4582 harum
578 4530 776 4581 nostrarum
792 4519 998 4598 litterarum,
1014 4521 1082 4581 huc
1097 4520 1331 4583 Wormatiam
1347 4520 1470 4583 venire

221 4711 239 4777 ¹)
260 4717 320 4761 Hoc
347 4715 532 4763 documentum
559 4731 610 4763 nou
629 4731 726 4786 ¹purum
753 4716 779 4762 in
805 4715 917 4763 lectione
943 4716 1030 4765 differt
1055 4732 1069 4763 a
1096 4733 1148 4779 quo
1169 4717 1236 4764 inter
1259 4733 1339 4780 opera
1360 4717 1469 4766 Luiheri

259 4805 320 4857 Vol.
340 4806 375 4852 11.
395 4811 473 4855 extat.
