3330 5580
717 506 775 560 ΜΒ
814 507 846 560 21
890 502 947 556 tis-0

190 672 295 713 rones
329 653 490 714 dominos
521 653 736 731 temporales
771 661 806 713 et
838 650 926 712 alios
960 669 1201 730 quoscumque
1234 657 1304 709 tam
1334 647 1368 708 in
1394 668 1471 728 ger·

190 758 306 820 mania
338 779 444 840 quam
478 759 512 820 in
546 758 827 839 quibuscumque
857 756 935 819 aliis
959 754 1230 819 christianorum
1262 753 1357 833 locis,
1384 774 1472 834 quos

189 865 397 947 apostolicis
415 865 590 927 mandatis
606 864 855 928 inobedientes
869 861 1086 942 inueneritis,
1111 861 1327 943 deponendi,
1352 863 1472 942 appel·

189 972 343 1035 lationes
367 972 514 1054 insuper
539 972 817 1054 provocationes
841 979 877 1034 et
902 969 1072 1050 suffragia
1097 989 1316 1050 quecumque
1341 990 1405 1050 per
1424 968 1472 1030 M.

190 1078 248 1140 W.
268 1080 326 1142 Ul.
345 1090 380 1142 et
404 1080 458 1159 Jo.
484 1099 525 1141 ac
552 1078 642 1141 alios
666 1098 909 1159 quoscumque
933 1076 1052 1138 forsan
1078 1076 1288 1156 interposita
1304 1078 1360 1137 vel
1378 1075 1471 1137 dein-

189 1205 276 1266 ceps
302 1186 429 1266 quavis
455 1184 644 1248 occasione
670 1186 728 1247 vel
751 1205 859 1247 causa
882 1183 1154 1265 interponenda,
1179 1183 1308 1244 frivola
1342 1196 1377 1245 et
1401 1183 1471 1244 ina-

188 1292 247 1353 nia
271 1292 473 1373 nulliusque
498 1292 637 1354 roboris
670 1293 727 1354 vel
758 1292 926 1355 momenti
951 1291 1060 1354 fuisse
1094 1301 1129 1354 et
1163 1311 1241 1353 esse
1273 1291 1378 1352 etiam
1409 1311 1474 1371 per

191 1399 347 1461 edictum
363 1398 544 1480 publicum
566 1398 784 1477 declarandi,
809 1419 873 1461 nec
903 1419 972 1460 non
997 1398 1279 1462 contradictores
1304 1419 1473 1478 quoscun-

189 1527 257 1586 que
282 1526 348 1587 per
373 1526 542 1568 censuras
560 1504 820 1568 ecclesiasticas
845 1514 881 1567 et
896 1505 965 1567 alia
981 1517 1184 1588 opportuna
1204 1505 1291 1587 juris
1315 1506 1474 1568 remedia

189 1612 434 1694 appellatione
460 1611 660 1693 postposita
684 1611 946 1693 compescendi,
983 1624 1018 1674 et
1051 1613 1080 1675 si
1113 1624 1148 1676 et
1179 1621 1353 1695 quatenus
1384 1634 1473 1694 opus

191 1719 298 1781 fuerit
324 1719 494 1781 auxilium
520 1718 656 1781 brachii
681 1718 874 1781 charissimi
905 1718 941 1781 in
967 1718 1105 1783 Christo
1134 1720 1196 1783 filii
1221 1721 1331 1784 nostri
1356 1721 1473 1784 Caroli

193 1828 439 1888 Romanorum
466 1837 502 1888 et
526 1825 778 1908 Hispaniarum
803 1825 920 1908 Regis
949 1824 1121 1890 Catholici
1151 1828 1187 1890 in
1218 1828 1473 1909 Imperatorem

191 1934 296 1996 electi
325 1953 367 1995 ac
392 1933 515 1995 sancte
540 1933 706 1996 Romane
731 1931 881 1995 ecclesie
905 1934 1071 1997 advocati
1105 1955 1146 1997 ac
1175 1934 1322 1997 aliorum
1348 1934 1472 1997 Catho-

191 2041 338 2103 licorum
354 2040 561 2121 Principum
587 2039 787 2104 invocandi.
814 2039 946 2102 Verum
972 2041 1160 2124 omniaque
1185 2042 1253 2104 alia
1278 2063 1320 2104 ac
1334 2042 1474 2124 singula

191 2169 260 2230 que
286 2149 332 2210 ad
357 2147 558 2210 huiusmodi
576 2157 713 2229 pestem
738 2146 1018 2227 extinguendam
1042 2158 1078 2210 et
1102 2147 1270 2210 radicitus
1295 2149 1473 2230 extirpan-

191 2256 273 2317 dam
305 2266 506 2335 opportuna
538 2276 616 2316 esse
641 2253 909 2336 quomodolibet
933 2254 1120 2333 noveritis,
1146 2255 1300 2318 faciendi
1325 2255 1474 2336 gerendi

192 2361 386 2424 mandandi
412 2362 600 2425 ordinandi
631 2360 822 2424 exercendi
855 2372 891 2423 et
922 2360 1125 2442 excipiendi
1157 2372 1193 2424 et
1223 2364 1268 2424 ad
1301 2363 1474 2444 premissa

192 2468 311 2531 omnia
337 2478 371 2531 et
397 2469 538 2548 singula
563 2469 591 2530 si
617 2480 652 2531 et
675 2470 819 2550 quando
853 2467 1025 2549 expedire
1056 2467 1215 2530 videritis
1245 2469 1341 2531 viros
1372 2479 1475 2552 aptos

192 2586 226 2636 et
251 2576 414 2657 ydoneos
439 2596 519 2637 cum
545 2575 648 2638 simili
672 2585 733 2637 aut
757 2574 907 2638 limitata
929 2573 1100 2637 facultate
1121 2576 1323 2638 assumendi
1348 2577 1473 2640 subde-

192 2682 339 2763 legandi
357 2692 392 2744 et
417 2682 625 2763 deputandi,
650 2682 820 2765 ipsosque
845 2681 1007 2764 quotiens
1032 2692 1271 2762 opportunum
1294 2683 1474 2746 videbitur

192 2787 385 2851 revocandi
415 2800 450 2850 et
481 2790 560 2851 loco
591 2788 749 2871 ipsorum
779 2788 868 2851 alios
893 2788 1053 2850 similiter
1082 2789 1242 2871 ydoneos
1279 2790 1474 2871 deputandi

191 2898 335 2977 plenam
367 2906 403 2957 et
433 2894 581 2957 liberam
616 2907 741 2958 tenore
765 2895 982 2977 presentium
1007 2895 1233 2958 concedimus
1258 2896 1473 2960 facultatem.

193 3002 268 3063 Vos
292 3001 401 3083 igitur
425 3003 483 3064 vel
507 3002 634 3082 aliquis
658 3013 824 3083 vestrum,
849 3001 978 3064 ceteris
1006 3000 1128 3064 forsan
1166 3000 1354 3082 impeditis,
1385 3024 1474 3066 onus

191 3123 263 3171 tam
289 3108 463 3171 meritorii
489 3109 623 3190 negotii
648 3112 779 3172 devota
801 3116 920 3172 mente
944 3107 1190 3189 suscipientes,
1225 3129 1287 3169 vos
1322 3108 1356 3169 in
1382 3109 1474 3171 illius

191 3215 405 3280 executione
431 3214 480 3277 sic
508 3215 679 3278 sollicitos
703 3236 745 3278 ac
768 3218 881 3279 verbo
906 3224 942 3278 et
965 3234 1075 3296 opere
1099 3214 1277 3277 studiosos
1302 3224 1408 3296 atque
1426 3215 1470 3276 di-

192 3324 349 3405 ligentes
374 3321 575 3385 exhibeatis
600 3323 695 3404 quod
719 3342 765 3385 ex
790 3321 918 3386 vestris
942 3321 1124 3385 laboribus
1149 3320 1270 3383 divina
1300 3322 1402 3384 vobis
1425 3322 1473 3384 fa·

191 3442 298 3492 vente
330 3429 448 3512 gratia
481 3429 615 3511 sperati
648 3429 785 3491 fructus
809 3429 1012 3509 adveniant,
1045 3448 1087 3491 ac
1112 3449 1178 3510 per
1202 3427 1474 3491 sollicitudinem

191 3548 348 3600 vestram
373 3557 441 3617 que
467 3557 591 3599 causas
621 3536 698 3618 pias
728 3536 936 3617 gerentibus
967 3555 1033 3617 pro
1064 3534 1298 3597 retributione
1324 3536 1474 3597 debetur

192 3647 345 3727 palmam
377 3643 492 3726 glorie
524 3663 594 3706 non
628 3644 740 3706 solum
771 3642 941 3724 consequi
972 3642 1187 3717 mereamini,
1214 3662 1335 3704 verum
1367 3642 1473 3704 etiam

191 3752 288 3832 apud
313 3772 379 3814 nos
404 3763 440 3813 et
464 3752 586 3813 sedem
611 3750 810 3832 predictam
835 3771 905 3813 non
929 3749 1102 3812 immerito
1119 3747 1269 3811 valeatis
1284 3750 1329 3811 de
1346 3761 1474 3811 exacta

191 3858 379 3939 diligentia
430 3867 549 3921 vestra
589 3856 731 3919 uberius
769 3856 1019 3920 commendari.
1092 3856 1221 3917 Datum
1256 3856 1374 3918 Rome
1408 3866 1476 3919 ete.

194 3968 300 4027 Anno
342 3964 527 4027 millesimo
570 3963 853 4045 quingentesimo
895 3963 1085 4046 vigesimo;
1130 3962 1235 4025 tertio
1277 3963 1379 4025 nonis
1418 3962 1473 4041 Ja-

193 4071 306 4134 nuarii
332 4072 438 4133 Anno
464 4080 602 4133 octavo

1167 4209 1198 4271 t.
1220 4209 1347 4271 unuln.

1080 4299 1190 4366 (Collat.
1208 4301 1273 4364 Hip.
1293 4301 1325 4348 de
1345 4298 1439 4366 Cesis.)
