3330 5580
721 505 779 558 043
818 506 949 559 37⁸&0

191 649 317 712 stianis
350 671 428 711 esse
461 651 506 711 ad
540 671 643 730 quern
669 649 782 731 magis
806 671 910 731 quarn
936 653 981 712 ad
1007 649 1252 713 celsitudinem
1278 661 1374 712 tuam
1400 670 1476 731 per·

189 757 303 819 tineat
336 756 518 819 nobiscum
551 777 617 838 pro
648 756 845 820 catholicae
879 756 962 819 fidei
995 758 1130 819 unitate
1158 759 1323 819 laborare
1349 777 1475 838 oppor-

189 872 348 943 tuneque
380 864 587 944 providere,
613 874 647 925 et
672 866 767 943 quod
793 874 933 927 veteres
957 863 1123 925 catholici
1148 863 1382 944 imperatores
1407 874 1477 925 tam

190 992 209 1031 e
236 968 392 1032 Graecia
423 991 528 1051 quam
553 969 722 1033 Germani
753 990 823 1032 non
852 972 964 1033 solum
999 969 1106 1033 exilio
1132 981 1167 1032 et
1191 970 1293 1052 penis
1318 972 1381 1033 sed
1406 971 1478 1034 suis

190 1076 299 1138 etiam
324 1076 571 1139 sacratissimis
603 1077 744 1159 legibus
778 1098 900 1140 omnes
925 1099 945 1139 a
971 1077 1178 1141 Catholicae
1202 1077 1386 1159 religionis
1410 1087 1477 1140 tra-

189 1184 275 1246 mite
301 1183 488 1245 deviantes
511 1186 687 1247 hereticos
712 1184 865 1265 censeri,
898 1206 938 1246 ac
965 1185 997 1246 ei
1027 1184 1206 1248 hominum
1235 1184 1359 1265 generi
1390 1184 1477 1246 nihil

190 1312 236 1352 ex
261 1291 460 1353 rationibus
486 1291 571 1353 nihil
596 1311 641 1354 ex
666 1291 808 1373 legibus
832 1312 1017 1354 commune
1050 1312 1128 1354 cum
1161 1291 1329 1368 caeteris,
1364 1290 1476 1372 publi-

190 1417 342 1479 cumque
367 1399 433 1459 hoc
461 1397 591 1460 crimen
619 1418 697 1461 esse
721 1399 933 1472 decrevere;
958 1398 1042 1480 quia
1066 1399 1162 1480 quod
1187 1398 1222 1460 in
1247 1397 1477 1477 Religionem

190 1504 348 1566 divinam
373 1504 601 1567 committitur
625 1505 660 1567 in
686 1526 809 1568 omnes
833 1505 1002 1568 committi
1026 1526 1068 1567 ac
1094 1506 1257 1569 omnibus
1281 1505 1407 1586 injuria
1429 1505 1475 1566 in·

189 1610 277 1674 ferri
308 1612 466 1691 videtur,
501 1622 536 1673 et
568 1632 629 1674 eos
661 1613 721 1694 qui
754 1613 840 1676 talia
870 1621 1117 1694 presumerent
1147 1613 1183 1674 in
1208 1613 1375 1675 Romano
1401 1614 1476 1674 solo

190 1719 435 1780 commorandi
460 1739 530 1781 non
555 1719 687 1782 debere
712 1721 846 1782 habere
870 1719 1096 1801 facultatem,
1130 1719 1287 1801 quinimo
1312 1719 1397 1781 nihil
1423 1719 1478 1781 his

190 1825 439 1906 reliquendum
471 1826 540 1888 loci
572 1846 650 1889 esse
684 1827 744 1908 qui
770 1827 856 1909 ipsis
881 1828 987 1890 etiam
1017 1828 1202 1890 elementis
1234 1826 1396 1889 iniuriam
1428 1826 1477 1889 fa·

190 1942 331 2003 cerent;
366 1952 432 1994 nec
466 1936 578 1996 solum
609 1933 846 1996 hereticorum
870 1954 1042 2016 personas
1067 1935 1130 1995 sed
1155 1953 1276 1996 eorum
1301 1934 1411 1997 libros
1436 1955 1477 1996 ac

190 2050 419 2102 monumenta
443 2040 632 2122 persecuti,
657 2041 718 2103 illa
741 2041 884 2122 ignibus
909 2042 1000 2103 tradi
1018 2041 1287 2120 mandaverunt,
1313 2061 1357 2103 ne
1382 2041 1475 2103 vide·

191 2148 275 2209 licet
311 2147 401 2209 adeo
438 2146 638 2210 facinorose
674 2149 919 2229 perversitatis
954 2147 1105 2229 vestigia
1149 2157 1314 2210 extarent
1358 2150 1477 2229 aliqua

191 2256 255 2316 sed
278 2252 428 2315 fiammis
453 2256 637 2317 combusta
661 2256 802 2336 penitus
828 2276 874 2318 ex
898 2255 1097 2336 hujusmodi
1122 2255 1233 2318 oculis
1256 2265 1291 2316 et
1309 2256 1477 2317 memoria

191 2362 403 2423 tollerentur
420 2382 461 2423 ac
479 2361 704 2442 immaginem
722 2362 866 2425 sceleris
879 2373 915 2424 et
928 2361 1105 2443 sacrilegii
1120 2361 1398 2442 magnitudinem
1411 2382 1477 2442 par

191 2488 286 2549 pena
317 2478 537 2550 sequeretur.
585 2468 684 2532 Haec
713 2490 778 2531 nos
803 2471 921 2531 clarae
946 2489 1135 2532 memorzae
1160 2470 1477 2551 praedecessorum

191 2589 333 2638 tuorum
357 2574 518 2638 facinora
544 2577 692 2656 egregia
716 2580 823 2658 plena
848 2575 1045 2658 sapientiae
1071 2586 1106 2638 et
1130 2597 1239 2639 verae
1254 2575 1407 2657 pietatis
1432 2578 1475 2637 de

190 2703 341 2764 quorum
357 2684 473 2765 gloria
493 2685 589 2745 nulla
614 2704 767 2765 unquam
792 2693 892 2746 aetas
917 2682 1144 2762 conticescet,
1170 2682 1273 2745 nobis
1298 2693 1380 2745 ante
1397 2702 1475 2744 ocu-

191 2793 246 2854 los
262 2800 506 2872 proponentes
532 2811 572 2853 ac
598 2812 676 2861 cum
701 2802 761 2854 tua
785 2791 997 2854 celsitudine
1022 2789 1260 2870 conferentes
1286 2810 1348 2870 spe
1378 2800 1476 2851 certa

191 2918 311 2960 sumus
336 2918 425 2979 quos
449 2909 484 2959 tu
511 2898 677 2960 coelestis
701 2918 789 2979 erga
813 2918 851 2960 se
875 2897 1132 2960 beneficentiae
1158 2897 1259 2962 donis
1280 2897 1396 2959 vicisti
1414 2917 1475 2959 eos

191 3006 298 3069 etiam
314 3005 447 3086 pietate
472 3006 505 3067 in
522 3006 637 3067 Deum
662 3017 697 3067 et
722 3005 815 3067 omni
841 3005 972 3068 virtute
987 3007 1038 3069 Te
1064 3014 1321 3086 superaturum.
1363 3002 1475 3083 Quem

191 3113 284 3175 enim
311 3132 463 3193 unquam
480 3113 577 3174 Deus
602 3133 664 3173 sua
688 3112 839 3174 mirabili
863 3112 1090 3194 providentia
1114 3122 1185 3174 tam
1212 3111 1336 3173 virenti
1358 3122 1475 3172 aetate

190 3222 237 3283 ad
270 3240 442 3283 summurn
472 3219 657 3301 imperium
689 3219 849 3297 vocavit,
886 3217 942 3281 'cui
974 3219 1108 3301 largius
1140 3228 1175 3280 et
1206 3217 1240 3280 in
1271 3218 1407 3280 honore
1441 3229 1476 3280 et

191 3329 226 3390 in
244 3327 368 3389 iuditio
384 3327 529 3389 indulsit
544 3328 720 3406 unquam?
752 3325 866 3406 Quem
891 3325 1082 3408 majoribus
1107 3335 1142 3387 et
1165 3323 1379 3387 firmioribus
1404 3344 1475 3386 sur-

191 3455 279 3516 gere
312 3433 552 3496 fundamentis
583 3446 618 3494 et
650 3432 716 3494 nisi
749 3434 793 3495 ad
819 3433 1070 3514 amplissimam
1095 3433 1235 3494 laudem
1261 3432 1475 3513 sperandam

191 3540 322 3618 voluit,
354 3540 510 3601 accinxit
534 3552 568 3602 te
593 3551 757 3602 terrenae
788 3540 976 3621 potestatis
1001 3559 1167 3622 supremo
1199 3538 1336 3619 gladio,
1371 3558 1475 3619 quem

191 3649 324 3711 frustra
358 3647 521 3730 profecto
552 3646 688 3709 sereres
716 3648 818 3729 juxta
844 3648 945 3710 Pauli
972 3645 1139 3729 Apostoli
1171 3644 1384 3707 sententiam
1409 3643 1475 3706 nisi

191 3778 234 3817 eo
259 3767 400 3817 uterere
425 3775 503 3816 cum
528 3755 700 3816 adversus
724 3753 886 3817 infideles
910 3765 984 3817 tum
1009 3765 1132 3815 contra
1148 3751 1349 3814 infidelibus
1366 3753 1474 3813 multo

192 3862 389 3925 deteriores
422 3861 631 3924 haereticos,
679 3861 757 3924 Hac
792 3882 880 3943 ergo
917 3872 999 3923 tuae
1035 3859 1297 3942 magnitudinis,
1331 3879 1401 3940 qua
1438 3868 1475 3920 ut

191 3970 340 4051 imperio
364 3966 413 4030 ita
442 3969 576 4051 pietate
600 3989 679 4032 esse
703 3970 857 4032 maxima
888 3971 1010 4049 debes,
1044 3988 1108 4049 spe
1141 3966 1234 4045 freti,
1268 3966 1403 4046 tibique
1437 3965 1472 4026 in

191 4077 396 4140 memoriam
428 4077 641 4139 reducentes
673 4078 764 4138 hanc
793 4076 941 4157 primam
967 4096 1045 4138 esse
1071 4076 1227 4137 oblatam
1252 4072 1473 4135 occasionem

191 4182 396 4246 declarandi
422 4202 525 4262 quam
552 4182 614 4243 tibi
640 4183 755 4244 unitas
780 4195 815 4244 et
839 4182 938 4263 quies
963 4181 1161 4244 catholicae
1186 4180 1359 4242 ecclesiae
1376 4179 1475 4241 cordi

191 4291 247 4369 sit,
272 4289 518 4351 celsitudinem
544 4299 639 4351 tuam
665 4291 847 4351 hortamur
871 4290 906 4351 in
924 4288 1077 4350 Domino
1103 4298 1139 4350 et
1164 4308 1228 4369 per
1253 4287 1391 4348 viscera
1416 4286 1473 4347 mi-

191 4396 408 4460 sericordiae
438 4396 507 4458 Dei
540 4397 793 4479 omnipotentis
824 4396 1034 4477 requirimus
1065 4407 1121 4474 ut,
1148 4395 1352 4458 eorumdem
1376 4414 1474 4456 more

191 4503 508 4584 praedecessorum
533 4514 670 4566 tuorum
697 4503 755 4585 qui
773 4503 948 4566 Romanis
965 4501 1198 4565 Pontificibus
1223 4503 1474 4584 praedecesso-

191 4611 288 4672 ribus
319 4609 448 4672 nostris
478 4610 513 4671 in
538 4613 645 4672 rebus
670 4610 786 4672 dubiis
810 4630 852 4672 ac
876 4609 1086 4691 periculosis
1111 4630 1251 4692 semper
1275 4610 1474 4686 astiterunt,

189 4717 282 4780 velis
306 4728 473 4798 tanquam
499 4717 665 4799 princeps
692 4717 903 4795 catholicus,
929 4727 964 4779 et
988 4717 1032 4778 de
1057 4738 1126 4797 quo
1153 4716 1270 4778 omnia
1294 4737 1385 4797 quae
1410 4737 1475 4798 per

190 4837 226 4887 te
250 4845 317 4906 pro
342 4823 424 4887 fidei
449 4824 645 4888 catholicae
671 4828 889 4888 exaltatione
913 4823 1065 4905 prestari
1090 4833 1250 4907 possunt,
1275 4823 1378 4885 nobis
1395 4844 1472 4907 pro-
