3330 5580
703 489 949 544 estut&

187 633 371 714 sollicitat3
397 655 543 716 quorum
568 635 696 717 partim
720 637 856 718 predae
880 635 1068 698 dulcedine
1093 634 1187 717 capti
1203 635 1300 716 quod
1317 635 1476 697 saluber·

187 742 294 804 rimas
326 762 396 804 non
434 742 547 804 minus
583 764 687 824 quam
720 743 915 807 uberrimas
949 741 1088 806 Galliae
1118 742 1287 831 regiones
1315 762 1383 824 spe
1417 742 1477 804 de-

188 849 366 911 vorandas
389 848 424 912 in
449 851 513 911 hac
538 860 736 932 temporum
760 850 962 913 calamitate
986 861 1241 932 presumerent,
1257 848 1392 931 partim
1417 869 1476 910 au-

187 966 259 1018 tem
282 956 448 1019 licentiae
472 956 666 1039 cupiditate
691 956 846 1036 adducti,
864 957 951 1019 istos
966 956 1100 1039 oppido
1119 956 1305 1039 recipiunt,
1330 955 1479 1019 nomina

188 1064 284 1142 dant,
309 1083 417 1143 seque
442 1063 536 1125 omni
561 1063 595 1125 in
623 1085 659 1127 re
684 1085 753 1145 qua
777 1064 916 1146 possint
939 1064 1132 1146 nepharios
1154 1064 1302 1127 istorum
1323 1074 1479 1127 conatus

187 1170 371 1232 adiuturos
395 1168 615 1234 confirmant.
662 1171 703 1234 Id
727 1172 788 1235 ubi
812 1172 961 1254 primum
980 1170 1123 1235 rescivit
1140 1171 1345 1234 Anthonius
1361 1170 1479 1234 frater

190 1277 420 1358 Lotharingie
436 1279 519 1340 Dux
543 1278 725 1362 principes
748 1279 945 1343 nobilitatis
969 1288 1154 1358 convocat,
1179 1279 1297 1360 palam
1323 1279 1480 1360 exponit

191 1385 275 1465 quid
301 1387 344 1446 de
369 1384 444 1447 istis
468 1385 646 1449 seditiosis
670 1387 872 1450 hominibus
888 1386 1050 1467 audierit,
1067 1396 1173 1469 rogat
1189 1395 1226 1448 ut
1243 1406 1310 1467 pro
1327 1385 1479 1468 panagii

189 1491 405 1554 iureiurandi
445 1501 710 1556 auctoramento
750 1494 817 1557 sibi
849 1496 895 1556 ad
932 1494 1211 1575 propulsandam
1240 1501 1408 1573 egestate
1442 1504 1479 1555 et

191 1600 326 1661 scelere
363 1599 581 1681 perditorum
623 1600 802 1663 hominum
842 1600 1025 1663 audaciam
1058 1600 1117 1663 die
1153 1619 1257 1682 quam
1293 1599 1480 1681 prestituit

190 1715 310 1788 presto
335 1706 463 1785 adsint,
488 1726 678 1789 secumque
702 1706 825 1771 florem
849 1728 988 1770 omnem
1012 1707 1207 1770 nobilitatis
1232 1717 1398 1786 evocent,
1423 1727 1476 1769 re·

191 1814 287 1893 liqua
320 1834 388 1895 que
414 1814 459 1875 ad
488 1825 721 1878 commeatum
746 1815 928 1898 pertinent
952 1825 1169 1895 cunctasque
1194 1813 1378 1877 machinas
1402 1815 1481 1877 bel<

192 1919 278 1982 licas
303 1919 369 1982 sibi
392 1941 497 1982 curae
523 1920 599 1984 fore
624 1921 715 1984 dixit
739 1923 986 2003 delectumque
1010 1921 1168 2002 peditum
1189 1929 1264 1983 tota
1287 1919 1480 2002 provincia

191 2026 409 2098 habiturum
436 2027 628 2091 auxiliares
653 2039 841 2112 praterea
866 2028 987 2110 copias
1018 2027 1047 2090 si
1072 2047 1162 2108 opus
1184 2025 1293 2090 fuerit
1317 2049 1339 2090 a
1362 2027 1480 2091 fratri-

191 2136 258 2197 bus
282 2135 447 2216 praeside
464 2134 680 2217 Campaniae
704 2136 903 2217 comiteque
916 2133 1178 2197 Vaudemontio
1194 2133 1479 2217 impetraturum.

193 2241 272 2321 Quo
296 2241 417 2304 audito
446 2241 662 2305 confirmatis
696 2242 850 2305 omnium
890 2242 1016 2305 animis
1050 2241 1130 2304 illos
1163 2242 1209 2303 ad
1234 2244 1481 2324 comparanda

193 2369 283 2429 quae
307 2348 510 2411 necessaria
533 2349 746 2412 videbantur
771 2349 923 2412 dimittit.
970 2349 1122 2411 Praeses
1146 2368 1232 2411 vero
1257 2347 1481 2430 Campaniae

194 2476 383 2537 comesque
415 2456 698 2519 Vaudemontius
730 2456 900 2519 certiores
933 2458 978 2519 de
1006 2455 1126 2518 fratris
1157 2454 1360 2519 discrimine
1393 2455 1481 2519 facti

194 2583 263 2625 non
290 2571 483 2644 expectant
507 2565 589 2625 dum
613 2574 795 2646 rogentur,
825 2564 909 2645 quin
934 2573 1077 2645 praesto
1102 2564 1272 2625 advolant
1302 2565 1481 2626 ducentos

195 2668 333 2750 equites
369 2670 619 2753 cataphractos
660 2691 738 2734 cum
775 2670 1046 2754 quadringentis
1078 2670 1326 2751 hippotoxotis
1357 2691 1481 2733 secum

195 2777 389 2856 adducunt,
418 2778 579 2859 peditum
607 2790 795 2861 praeterea
829 2780 969 2842 circiter
993 2777 1148 2859 quinque
1173 2777 1290 2840 millia.
1340 2777 1482 2858 Quibus

194 2883 276 2946 freti
300 2883 413 2966 copiis
447 2885 605 2948 delectos
636 2897 712 2949 tota
745 2886 928 2969 provincia
961 2884 1118 2968 pedites,
1150 2883 1247 2965 prius
1278 2885 1323 2946 de
1355 2904 1481 2947 eorum

195 2991 290 3054 facili
314 2991 571 3075 inffpdncipem
597 2995 768 3076 obsequio
793 2994 1016 3057 collaudatos
1029 3040 1038 3072 ,
1071 2991 1195 3072 paucis
1218 2991 1393 3073 receptis,
1419 2993 1481 3054 do·

196 3119 288 3161 mum
312 3098 507 3173 dimittunt;
533 3120 611 3163 cum
636 3101 780 3183 reliquis
806 3101 946 3165 obviam
971 3099 1133 3163 hostibus
1157 3097 1208 3161 ire
1224 3108 1392 3179 pergunt,
1419 3098 1481 3180 qui

196 3208 241 3268 ad
272 3205 469 3269 Sabernam
503 3207 537 3270 in
571 3228 659 3290 agro
691 3209 830 3272 Alsatio
861 3208 962 3270 sitam
992 3207 1243 3285 consederant,
1274 3204 1482 3287 circumque

195 3312 397 3376 adiacentia
412 3313 546 3396 oppida
564 3312 660 3377 ferro
678 3314 824 3397 ignique
839 3317 1041 3378 vastabant.
1080 3313 1237 3394 Quorum
1254 3332 1297 3375 eo
1313 3313 1483 3396 prorupit

197 3421 295 3483 furor
317 3420 447 3502 impius
470 3420 701 3503 immanisque
726 3421 907 3484 temeritas
941 3429 979 3482 ut
1010 3441 1080 3484 non
1106 3422 1219 3483 solum
1243 3419 1483 3483 nobilioribus

197 3528 377 3609 sacrisque
403 3528 648 3592 sacerdotibus
672 3529 949 3592 internecionem
975 3527 1236 3607 minitarentur,
1273 3528 1336 3590 sed
1371 3526 1481 3591 etiam

198 3639 276 3700 Deo
302 3635 464 3718 divisque
495 3635 750 3699 immortalibus
780 3637 911 3698 bellum
941 3635 1148 3717 nepharium
1182 3634 1353 3697 indixisse
1382 3634 1481 3697 vide·

197 3754 338 3822 rentur,
368 3745 501 3826 templa
530 3743 609 3806 Deo
635 3742 795 3823 divisque
821 3742 938 3804 dicata
968 3742 1044 3804 solo
1072 3762 1227 3823 aequare
1260 3752 1297 3804 et
1326 3741 1361 3804 in
1392 3741 1482 3825 ipsis

199 3862 334 3915 statuas
366 3851 470 3914 divae
502 3851 607 3913 etiam
639 3850 775 3913 Mariae
808 3869 929 3912 sacras
962 3869 1113 3931 arasque
1148 3847 1366 3928 disturbare,
1397 3849 1481 3912 huic

199 3969 316 4042 caput,
341 3959 388 4022 illi
415 3978 529 4038 crura,
553 3958 764 4039 quibusdam
788 3967 974 4038 utrumque
1006 3977 1075 4019 non
1104 3955 1180 4018 sine
1203 3975 1334 4037 magna
1359 3967 1480 4019 contu·

198 4068 303 4131 melia
326 4066 553 4138 abscindere;
579 4064 794 4147 quinetiam,
819 4066 914 4145 quod
939 4063 1129 4125 scribendo
1146 4063 1315 4124 abhorret
1332 4062 1479 4143 animuS,

198 4175 235 4238 in
246 4174 384 4255 Corpus
396 4173 525 4237 Christi
534 4174 629 4254 quod
641 4175 685 4234 de
694 4192 790 4235 more
802 4170 1119 4253 templisreligiose
1127 4167 1296 4232 custodiri
1310 4171 1402 4232 solet
1416 4218 1423 4232 .
1438 4218 1446 4233 .
1458 4170 1479 4251 ¹)

289 4282 517 4364 Quantopere
543 4281 724 4343 meliorem
749 4277 963 4343 Germaniae
987 4289 1125 4360 partem
1155 4276 1360 4339 iamdudum
1393 4275 1478 4339 infe-

201 4389 289 4453 cerit
313 4390 595 4452 Lutheranorum
624 4388 751 4468 factio,
784 4385 994 4450 Beatissime
1025 4385 1147 4466 Pater,
1176 4403 1480 4466 supervacaneum

283 4607 308 4660 ¹l
327 4608 380 4656 Hic
401 4606 492 4654 solium
512 4605 623 4660 desinit;
649 4604 724 4661 alter,
743 4618 792 4652 nec
812 4603 922 4650 fortasse
941 4600 1058 4649 eiusdem
1077 4597 1214 4662 epistolae,
1241 4597 1336 4661 incipit
1361 4596 1477 4646 eiusdem

202 4692 282 4739 ferme
296 4688 450 4751 argumenti.
470 4687 523 4735 Sed
538 4686 656 4734 forsitam
670 4685 722 4733 alia
735 4683 847 4748 epistola
861 4682 958 4745 scripto
975 4681 1018 4729 dic
1032 4680 1048 4727 6
1068 4679 1161 4743 incipit
1179 4677 1280 4726 verbis:
1311 4677 1480 4740 Qrcantopere

201 4778 249 4820 etc.
271 4772 331 4818 dum
352 4768 465 4833 epistola
483 4768 567 4831 prima
586 4766 628 4814 die
648 4780 664 4828 4
684 4766 789 4828 scripta,
809 4779 861 4811 non
880 4763 984 4810 videtur
1002 4759 1143 4824 completa.
1187 4758 1277 4807 Prima
1301 4756 1416 4824 epistola
1441 4763 1480 4806 est

201 4851 359 4909 Cardinalis,
378 4851 443 4899 haec
463 4848 579 4898 secunda
598 4847 681 4895 Ducis
700 4843 897 4905 Lotharingioe.
