<?xml version="1.0" encoding="UTF-8"?>
<!DOCTYPE html PUBLIC "-//W3C//DTD XHTML 1.0 Transitional//EN"
    "http://www.w3.org/TR/xhtml1/DTD/xhtml1-transitional.dtd">
<html xmlns="http://www.w3.org/1999/xhtml" xml:lang="en" lang="en">
 <head>
  <title>
</title>
<meta http-equiv="Content-Type" content="text/html;charset=utf-8" />
  <meta name='ocr-system' content='tesseract 3.04.00' />
  <meta name='ocr-capabilities' content='ocr_page ocr_carea ocr_par ocr_line ocrx_word'/>
</head>
<body>
  <div class='ocr_page' id='page_1' title='image "./monumentareform00vatigoog_0586.png"; bbox 0 0 3330 5580; ppageno 0'>
   <div class='ocr_carea' id='block_1_1' title="bbox 703 484 950 548">
    <p class='ocr_par' dir='ltr' id='par_1_1' title="bbox 703 484 950 548">
     <span class='ocr_line' id='line_1_1' title="bbox 703 484 950 548; baseline -0.008 -1"><span class='ocrx_word' id='word_1_1' title='bbox 703 484 950 548; x_wconf 41' lang='lat' dir='ltr'>&amp;bibli-0</span> 
     </span>
    </p>
   </div>
   <div class='ocr_carea' id='block_1_2' title="bbox 185 633 1472 1896">
    <p class='ocr_par' dir='ltr' id='par_1_2' title="bbox 185 633 1472 1896">
     <span class='ocr_line' id='line_1_2' title="bbox 185 633 1468 723; baseline -0.002 -23"><span class='ocrx_word' id='word_1_2' title='bbox 185 635 391 719; x_wconf 85' lang='lat' dir='ltr'>beneficiis,</span> <span class='ocrx_word' id='word_1_3' title='bbox 427 640 527 722; x_wconf 85' lang='lat' dir='ltr'>(puta</span> <span class='ocrx_word' id='word_1_4' title='bbox 564 659 654 701; x_wconf 92' lang='lat' dir='ltr'>unus</span> <span class='ocrx_word' id='word_1_5' title='bbox 690 660 797 720; x_wconf 89' lang='lat' dir='ltr'>super</span> <span class='ocrx_word' id='word_1_6' title='bbox 833 638 871 700; x_wconf 93' lang='lat' dir='ltr'>X</span> <span class='ocrx_word' id='word_1_7' title='bbox 897 648 958 701; x_wconf 87' lang='lat' dir='ltr'>aut</span> <span class='ocrx_word' id='word_1_8' title='bbox 983 635 1076 723; x_wconf 82' lang='lat' dir='ltr'>XX)</span> <span class='ocrx_word' id='word_1_9' title='bbox 1110 636 1252 720; x_wconf 85' lang='lat' dir='ltr'>litigant</span> <span class='ocrx_word' id='word_1_10' title='bbox 1286 636 1320 700; x_wconf 93' lang='lat' dir='ltr'>in</span> <span class='ocrx_word' id='word_1_11' title='bbox 1355 633 1468 700; x_wconf 86' lang='lat' dir='ltr'>Rota:</span> 
     </span>
     <span class='ocr_line' id='line_1_3' title="bbox 189 744 1470 828; baseline -0.002 -21"><span class='ocrx_word' id='word_1_12' title='bbox 189 758 309 808; x_wconf 90' lang='lat' dir='ltr'>tamen</span> <span class='ocrx_word' id='word_1_13' title='bbox 335 746 404 808; x_wconf 93' lang='lat' dir='ltr'>iam</span> <span class='ocrx_word' id='word_1_14' title='bbox 428 747 553 828; x_wconf 90' lang='lat' dir='ltr'>procul</span> <span class='ocrx_word' id='word_1_15' title='bbox 569 745 678 808; x_wconf 92' lang='lat' dir='ltr'>dubio</span> <span class='ocrx_word' id='word_1_16' title='bbox 692 745 860 808; x_wconf 86' lang='lat' dir='ltr'>Pontifex</span> <span class='ocrx_word' id='word_1_17' title='bbox 878 746 928 808; x_wconf 92' lang='lat' dir='ltr'>eis</span> <span class='ocrx_word' id='word_1_18' title='bbox 952 766 1064 808; x_wconf 92' lang='lat' dir='ltr'>novas</span> <span class='ocrx_word' id='word_1_19' title='bbox 1089 744 1228 809; x_wconf 87' lang='lat' dir='ltr'>confert</span> <span class='ocrx_word' id='word_1_20' title='bbox 1252 744 1386 827; x_wconf 83' lang='lat' dir='ltr'>gratias</span> <span class='ocrx_word' id='word_1_21' title='bbox 1411 764 1470 806; x_wconf 86' lang='lat' dir='ltr'>ex-</span> 
     </span>
     <span class='ocr_line' id='line_1_4' title="bbox 189 852 1470 935; baseline -0.002 -20"><span class='ocrx_word' id='word_1_22' title='bbox 189 852 405 935; x_wconf 88' lang='lat' dir='ltr'>pectativas,</span> <span class='ocrx_word' id='word_1_23' title='bbox 430 853 559 933; x_wconf 91' lang='lat' dir='ltr'>quibus</span> <span class='ocrx_word' id='word_1_24' title='bbox 582 863 709 934; x_wconf 90' lang='lat' dir='ltr'>postea</span> <span class='ocrx_word' id='word_1_25' title='bbox 725 853 821 914; x_wconf 91' lang='lat' dir='ltr'>viros</span> <span class='ocrx_word' id='word_1_26' title='bbox 837 856 951 915; x_wconf 89' lang='lat' dir='ltr'>bonos</span> <span class='ocrx_word' id='word_1_27' title='bbox 969 853 1150 933; x_wconf 82' lang='lat' dir='ltr'>divexant,</span> <span class='ocrx_word' id='word_1_28' title='bbox 1166 862 1201 915; x_wconf 93' lang='lat' dir='ltr'>et</span> <span class='ocrx_word' id='word_1_29' title='bbox 1216 852 1331 934; x_wconf 91' lang='lat' dir='ltr'>ipsum</span> <span class='ocrx_word' id='word_1_30' title='bbox 1348 853 1470 913; x_wconf 92' lang='lat' dir='ltr'>orbem</span> 
     </span>
     <span class='ocr_line' id='line_1_5' title="bbox 187 942 1469 1041; baseline -0.001 -21"><span class='ocrx_word' id='word_1_31' title='bbox 187 979 340 1040; x_wconf 90' lang='lat' dir='ltr'>quoque,</span> <span class='ocrx_word' id='word_1_32' title='bbox 366 970 403 1022; x_wconf 92' lang='lat' dir='ltr'>et</span> <span class='ocrx_word' id='word_1_33' title='bbox 424 979 625 1041; x_wconf 91' lang='lat' dir='ltr'>supremum</span> <span class='ocrx_word' id='word_1_34' title='bbox 642 959 761 1021; x_wconf 90' lang='lat' dir='ltr'>odium</span> <span class='ocrx_word' id='word_1_35' title='bbox 779 959 966 1022; x_wconf 85' lang='lat' dir='ltr'>Romanae</span> <span class='ocrx_word' id='word_1_36' title='bbox 990 959 1109 1022; x_wconf 84' lang='lat' dir='ltr'>cun&#39;ae</span> <span class='ocrx_word' id='word_1_37' title='bbox 1134 942 1319 1022; x_wconf 86' lang='lat' dir='ltr'>concitent.</span> <span class='ocrx_word' id='word_1_38' title='bbox 1357 957 1469 1038; x_wconf 85' lang='lat' dir='ltr'>Quam</span> 
     </span>
     <span class='ocr_line' id='line_1_6' title="bbox 189 1063 1470 1149; baseline -0.002 -21"><span class='ocrx_word' id='word_1_39' title='bbox 189 1067 319 1128; x_wconf 91' lang='lat' dir='ltr'>vellem</span> <span class='ocrx_word' id='word_1_40' title='bbox 348 1063 385 1131; x_wconf 84' lang='lat' dir='ltr'>S.</span> <span class='ocrx_word' id='word_1_41' title='bbox 409 1065 453 1129; x_wconf 91' lang='lat' dir='ltr'>D.</span> <span class='ocrx_word' id='word_1_42' title='bbox 479 1065 520 1130; x_wconf 94' lang='lat' dir='ltr'>N.</span> <span class='ocrx_word' id='word_1_43' title='bbox 545 1066 581 1128; x_wconf 91' lang='lat' dir='ltr'>in</span> <span class='ocrx_word' id='word_1_44' title='bbox 605 1066 660 1128; x_wconf 90' lang='lat' dir='ltr'>his</span> <span class='ocrx_word' id='word_1_45' title='bbox 684 1066 878 1128; x_wconf 91' lang='lat' dir='ltr'>remedium</span> <span class='ocrx_word' id='word_1_46' title='bbox 901 1086 1104 1149; x_wconf 76' lang='lat' dir='ltr'>apponere,</span> <span class='ocrx_word' id='word_1_47' title='bbox 1136 1076 1174 1128; x_wconf 91' lang='lat' dir='ltr'>ut</span> <span class='ocrx_word' id='word_1_48' title='bbox 1196 1066 1319 1128; x_wconf 92' lang='lat' dir='ltr'>harum</span> <span class='ocrx_word' id='word_1_49' title='bbox 1351 1084 1470 1146; x_wconf 89' lang='lat' dir='ltr'>quere·</span> 
     </span>
     <span class='ocr_line' id='line_1_7' title="bbox 190 1170 1470 1253; baseline -0.002 -18"><span class='ocrx_word' id='word_1_50' title='bbox 190 1174 302 1235; x_wconf 88' lang='lat' dir='ltr'>larum</span> <span class='ocrx_word' id='word_1_51' title='bbox 325 1170 405 1235; x_wconf 91' lang='lat' dir='ltr'>finis</span> <span class='ocrx_word' id='word_1_52' title='bbox 429 1171 546 1235; x_wconf 88' lang='lat' dir='ltr'>fieret:</span> <span class='ocrx_word' id='word_1_53' title='bbox 577 1174 642 1235; x_wconf 89' lang='lat' dir='ltr'>has</span> <span class='ocrx_word' id='word_1_54' title='bbox 678 1173 770 1235; x_wconf 90' lang='lat' dir='ltr'>enim</span> <span class='ocrx_word' id='word_1_55' title='bbox 804 1193 927 1253; x_wconf 87' lang='lat' dir='ltr'>voces,</span> <span class='ocrx_word' id='word_1_56' title='bbox 951 1175 1016 1234; x_wconf 92' lang='lat' dir='ltr'>has</span> <span class='ocrx_word' id='word_1_57' title='bbox 1040 1171 1286 1234; x_wconf 81' lang='lat' dir='ltr'>accusationes</span> <span class='ocrx_word' id='word_1_58' title='bbox 1310 1170 1470 1253; x_wconf 90' lang='lat' dir='ltr'>quotidie</span> 
     </span>
     <span class='ocr_line' id='line_1_8' title="bbox 188 1277 1469 1362; baseline -0.002 -21"><span class='ocrx_word' id='word_1_59' title='bbox 188 1279 310 1341; x_wconf 89' lang='lat' dir='ltr'>audire</span> <span class='ocrx_word' id='word_1_60' title='bbox 344 1298 465 1360; x_wconf 84' lang='lat' dir='ltr'>cogor.</span> <span class='ocrx_word' id='word_1_61' title='bbox 522 1278 562 1341; x_wconf 95' lang='lat' dir='ltr'>In</span> <span class='ocrx_word' id='word_1_62' title='bbox 607 1299 646 1341; x_wconf 90' lang='lat' dir='ltr'>re</span> <span class='ocrx_word' id='word_1_63' title='bbox 684 1299 762 1341; x_wconf 88' lang='lat' dir='ltr'>mea</span> <span class='ocrx_word' id='word_1_64' title='bbox 798 1281 921 1342; x_wconf 89' lang='lat' dir='ltr'>eadem</span> <span class='ocrx_word' id='word_1_65' title='bbox 957 1290 1058 1362; x_wconf 90' lang='lat' dir='ltr'>peto,</span> <span class='ocrx_word' id='word_1_66' title='bbox 1104 1299 1196 1359; x_wconf 89' lang='lat' dir='ltr'>quae</span> <span class='ocrx_word' id='word_1_67' title='bbox 1229 1277 1401 1360; x_wconf 86' lang='lat' dir='ltr'>proximis</span> <span class='ocrx_word' id='word_1_68' title='bbox 1433 1277 1469 1339; x_wconf 89' lang='lat' dir='ltr'>li-</span> 
     </span>
     <span class='ocr_line' id='line_1_9' title="bbox 190 1383 1471 1476; baseline -0.001 -29"><span class='ocrx_word' id='word_1_69' title='bbox 190 1386 285 1448; x_wconf 90' lang='lat' dir='ltr'>teris.</span> <span class='ocrx_word' id='word_1_70' title='bbox 333 1386 392 1448; x_wconf 91' lang='lat' dir='ltr'>Ad</span> <span class='ocrx_word' id='word_1_71' title='bbox 417 1397 631 1449; x_wconf 89' lang='lat' dir='ltr'>conventum</span> <span class='ocrx_word' id='word_1_72' title='bbox 655 1387 904 1476; x_wconf 87' lang='lat' dir='ltr'>Augustanum</span> <span class='ocrx_word' id='word_1_73' title='bbox 929 1386 1070 1448; x_wconf 90' lang='lat' dir='ltr'>omnino</span> <span class='ocrx_word' id='word_1_74' title='bbox 1103 1383 1139 1450; x_wconf 89' lang='lat' dir='ltr'>S.</span> <span class='ocrx_word' id='word_1_75' title='bbox 1171 1386 1214 1448; x_wconf 93' lang='lat' dir='ltr'>D.</span> <span class='ocrx_word' id='word_1_76' title='bbox 1252 1384 1294 1447; x_wconf 85' lang='lat' dir='ltr'>N.</span> <span class='ocrx_word' id='word_1_77' title='bbox 1319 1384 1471 1465; x_wconf 85' lang='lat' dir='ltr'>aliquem</span> 
     </span>
     <span class='ocr_line' id='line_1_10' title="bbox 194 1490 1471 1576; baseline -0.001 -22"><span class='ocrx_word' id='word_1_78' title='bbox 194 1492 356 1556; x_wconf 89' lang='lat' dir='ltr'>destinet.</span> <span class='ocrx_word' id='word_1_79' title='bbox 404 1491 645 1576; x_wconf 87' lang='lat' dir='ltr'>Sperabamus</span> <span class='ocrx_word' id='word_1_80' title='bbox 677 1493 849 1573; x_wconf 88' lang='lat' dir='ltr'>Joannem</span> <span class='ocrx_word' id='word_1_81' title='bbox 885 1490 1064 1556; x_wconf 85' lang='lat' dir='ltr'>Saxonem</span> <span class='ocrx_word' id='word_1_82' title='bbox 1100 1491 1280 1554; x_wconf 87' lang='lat' dir='ltr'>meliorem</span> <span class='ocrx_word' id='word_1_83' title='bbox 1314 1490 1471 1553; x_wconf 83' lang='lat' dir='ltr'>futurum</span> 
     </span>
     <span class='ocr_line' id='line_1_11' title="bbox 193 1596 1472 1682; baseline -0.003 -20"><span class='ocrx_word' id='word_1_84' title='bbox 193 1600 378 1680; x_wconf 86' lang='lat' dir='ltr'>Federico,</span> <span class='ocrx_word' id='word_1_85' title='bbox 402 1601 466 1663; x_wconf 91' lang='lat' dir='ltr'>sed</span> <span class='ocrx_word' id='word_1_86' title='bbox 491 1601 523 1662; x_wconf 93' lang='lat' dir='ltr'>in</span> <span class='ocrx_word' id='word_1_87' title='bbox 550 1602 742 1682; x_wconf 82' lang='lat' dir='ltr'>apologum</span> <span class='ocrx_word' id='word_1_88' title='bbox 768 1602 812 1662; x_wconf 89' lang='lat' dir='ltr'>de</span> <span class='ocrx_word' id='word_1_89' title='bbox 837 1600 928 1682; x_wconf 91' lang='lat' dir='ltr'>lupis</span> <span class='ocrx_word' id='word_1_90' title='bbox 952 1598 1156 1668; x_wconf 78' lang='lat' dir='ltr'>incidimus:</span> <span class='ocrx_word' id='word_1_91' title='bbox 1189 1596 1353 1680; x_wconf 88' lang='lat' dir='ltr'>profecto</span> <span class='ocrx_word' id='word_1_92' title='bbox 1387 1597 1472 1680; x_wconf 91' lang='lat' dir='ltr'>quid</span> 
     </span>
     <span class='ocr_line' id='line_1_12' title="bbox 192 1705 1472 1788; baseline -0.002 -20"><span class='ocrx_word' id='word_1_93' title='bbox 192 1708 404 1788; x_wconf 89' lang='lat' dir='ltr'>sperandum</span> <span class='ocrx_word' id='word_1_94' title='bbox 429 1708 473 1768; x_wconf 92' lang='lat' dir='ltr'>sit</span> <span class='ocrx_word' id='word_1_95' title='bbox 501 1707 621 1770; x_wconf 89' lang='lat' dir='ltr'>nescio</span> <span class='ocrx_word' id='word_1_96' title='bbox 655 1707 837 1788; x_wconf 83' lang='lat' dir='ltr'>augurari,</span> <span class='ocrx_word' id='word_1_97' title='bbox 872 1708 969 1769; x_wconf 89' lang='lat' dir='ltr'>Deus</span> <span class='ocrx_word' id='word_1_98' title='bbox 994 1709 1086 1768; x_wconf 89' lang='lat' dir='ltr'>bene</span> <span class='ocrx_word' id='word_1_99' title='bbox 1120 1716 1245 1767; x_wconf 88' lang='lat' dir='ltr'>vertat.</span> <span class='ocrx_word' id='word_1_100' title='bbox 1306 1705 1365 1768; x_wconf 88' lang='lat' dir='ltr'>Me</span> <span class='ocrx_word' id='word_1_101' title='bbox 1389 1714 1472 1767; x_wconf 90' lang='lat' dir='ltr'>tuae</span> 
     </span>
     <span class='ocr_line' id='line_1_13' title="bbox 192 1814 580 1896; baseline 0.008 -20"><span class='ocrx_word' id='word_1_102' title='bbox 192 1814 280 1876; x_wconf 57' lang='grc' dir='ltr'>ΚΜ</span> <span class='ocrx_word' id='word_1_103' title='bbox 303 1834 338 1896; x_wconf 89' lang='lat' dir='ltr'>p.</span> <span class='ocrx_word' id='word_1_104' title='bbox 362 1815 580 1879; x_wconf 90' lang='lat' dir='ltr'>commendo.</span> 
     </span>
    </p>
   </div>
   <div class='ocr_carea' id='block_1_3' title="bbox 284 1936 1095 2020">
    <p class='ocr_par' dir='ltr' id='par_1_3' title="bbox 284 1936 1095 2020">
     <span class='ocr_line' id='line_1_14' title="bbox 284 1936 1095 2020; baseline 0.004 -21"><span class='ocrx_word' id='word_1_105' title='bbox 284 1938 494 2018; x_wconf 83' lang='lat' dir='ltr'>ingolstadii</span> <span class='ocrx_word' id='word_1_106' title='bbox 519 1938 576 1999; x_wconf 91' lang='lat' dir='ltr'>die</span> <span class='ocrx_word' id='word_1_107' title='bbox 601 1936 636 2002; x_wconf 85' lang='lat' dir='ltr'>S.</span> <span class='ocrx_word' id='word_1_108' title='bbox 662 1937 871 2020; x_wconf 84' lang='lat' dir='ltr'>Hieronymi</span> <span class='ocrx_word' id='word_1_109' title='bbox 895 1937 1095 2002; x_wconf 89' lang='lat' dir='ltr'>MDXXV.</span> 
     </span>
    </p>
   </div>
   <div class='ocr_carea' id='block_1_4' title="bbox 191 2150 1472 2553">
    <p class='ocr_par' dir='ltr' id='par_1_4' title="bbox 191 2150 1472 2553">
     <span class='ocr_line' id='line_1_15' title="bbox 281 2150 1470 2233; baseline 0 -20"><span class='ocrx_word' id='word_1_110' title='bbox 281 2151 385 2231; x_wconf 80' lang='lat' dir='ltr'>Quod</span> <span class='ocrx_word' id='word_1_111' title='bbox 410 2150 508 2233; x_wconf 90' lang='lat' dir='ltr'>prius</span> <span class='ocrx_word' id='word_1_112' title='bbox 532 2150 705 2233; x_wconf 86' lang='lat' dir='ltr'>prolixius</span> <span class='ocrx_word' id='word_1_113' title='bbox 741 2151 903 2213; x_wconf 83' lang='lat' dir='ltr'>miseram</span> <span class='ocrx_word' id='word_1_114' title='bbox 937 2151 1174 2213; x_wconf 84' lang='lat' dir='ltr'>calamitatem</span> <span class='ocrx_word' id='word_1_115' title='bbox 1200 2151 1386 2213; x_wconf 89' lang='lat' dir='ltr'>Almaniae</span> <span class='ocrx_word' id='word_1_116' title='bbox 1411 2170 1470 2213; x_wconf 92' lang='lat' dir='ltr'>no·</span> 
     </span>
     <span class='ocr_line' id='line_1_16' title="bbox 192 2257 1472 2334; baseline 0.001 -15"><span class='ocrx_word' id='word_1_117' title='bbox 192 2271 302 2334; x_wconf 84' lang='lat' dir='ltr'>strae,</span> <span class='ocrx_word' id='word_1_118' title='bbox 326 2258 396 2321; x_wconf 93' lang='lat' dir='ltr'>iam</span> <span class='ocrx_word' id='word_1_119' title='bbox 411 2260 572 2321; x_wconf 89' lang='lat' dir='ltr'>eamdem</span> <span class='ocrx_word' id='word_1_120' title='bbox 589 2258 688 2321; x_wconf 90' lang='lat' dir='ltr'>mitto</span> <span class='ocrx_word' id='word_1_121' title='bbox 713 2257 938 2321; x_wconf 80' lang='lat' dir='ltr'>contractius</span> <span class='ocrx_word' id='word_1_122' title='bbox 987 2257 1025 2319; x_wconf 89' lang='lat' dir='ltr'>In</span> <span class='ocrx_word' id='word_1_123' title='bbox 1052 2260 1143 2320; x_wconf 93' lang='lat' dir='ltr'>hanc</span> <span class='ocrx_word' id='word_1_124' title='bbox 1168 2258 1261 2320; x_wconf 90' lang='lat' dir='ltr'>enim</span> <span class='ocrx_word' id='word_1_125' title='bbox 1284 2257 1472 2321; x_wconf 88' lang='lat' dir='ltr'>formulam</span> 
     </span>
     <span class='ocr_line' id='line_1_17' title="bbox 192 2363 1470 2448; baseline 0.001 -22"><span class='ocrx_word' id='word_1_126' title='bbox 192 2366 403 2445; x_wconf 84' lang='lat' dir='ltr'>redegeram</span> <span class='ocrx_word' id='word_1_127' title='bbox 427 2386 492 2448; x_wconf 91' lang='lat' dir='ltr'>pro</span> <span class='ocrx_word' id='word_1_128' title='bbox 528 2365 700 2428; x_wconf 84' lang='lat' dir='ltr'>Sereniss.</span> <span class='ocrx_word' id='word_1_129' title='bbox 726 2365 833 2446; x_wconf 86' lang='lat' dir='ltr'>Rege</span> <span class='ocrx_word' id='word_1_130' title='bbox 859 2363 1013 2445; x_wconf 85' lang='lat' dir='ltr'>Angliae</span> <span class='ocrx_word' id='word_1_131' title='bbox 1044 2375 1081 2427; x_wconf 92' lang='lat' dir='ltr'>ut</span> <span class='ocrx_word' id='word_1_132' title='bbox 1110 2365 1215 2427; x_wconf 92' lang='lat' dir='ltr'>unico</span> <span class='ocrx_word' id='word_1_133' title='bbox 1248 2367 1374 2427; x_wconf 92' lang='lat' dir='ltr'>obtutu</span> <span class='ocrx_word' id='word_1_134' title='bbox 1407 2363 1470 2427; x_wconf 91' lang='lat' dir='ltr'>sin-</span> 
     </span>
     <span class='ocr_line' id='line_1_18' title="bbox 191 2471 639 2553; baseline 0.004 -21"><span class='ocrx_word' id='word_1_135' title='bbox 191 2472 276 2551; x_wconf 83' lang='lat' dir='ltr'>gula</span> <span class='ocrx_word' id='word_1_136' title='bbox 300 2492 383 2534; x_wconf 89' lang='lat' dir='ltr'>mox</span> <span class='ocrx_word' id='word_1_137' title='bbox 408 2471 639 2553; x_wconf 84' lang='lat' dir='ltr'>conspiceret.</span> 
     </span>
    </p>
   </div>
   <div class='ocr_carea' id='block_1_5' title="bbox 488 2666 1181 2746">
    <p class='ocr_par' dir='ltr' id='par_1_5' title="bbox 488 2666 1181 2746">
     <span class='ocr_line' id='line_1_19' title="bbox 488 2666 1181 2746; baseline 0.001 -18"><span class='ocrx_word' id='word_1_138' title='bbox 488 2667 675 2730; x_wconf 90' lang='lat' dir='ltr'>Fructus</span> <span class='ocrx_word' id='word_1_139' title='bbox 699 2667 922 2746; x_wconf 85' lang='lat' dir='ltr'>germinis</span> <span class='ocrx_word' id='word_1_140' title='bbox 947 2666 1181 2730; x_wconf 86' lang='lat' dir='ltr'>lutherani.</span> 
     </span>
    </p>
   </div>
   <div class='ocr_carea' id='block_1_6' title="bbox 188 2791 1475 4793">
    <p class='ocr_par' dir='ltr' id='par_1_6' title="bbox 192 2791 1475 3404">
     <span class='ocr_line' id='line_1_20' title="bbox 283 2791 1474 2873; baseline 0.002 -21"><span class='ocrx_word' id='word_1_141' title='bbox 283 2791 444 2853; x_wconf 87' lang='lat' dir='ltr'>Rusticis</span> <span class='ocrx_word' id='word_1_142' title='bbox 460 2792 715 2853; x_wconf 85' lang='lat' dir='ltr'>rebellantibus</span> <span class='ocrx_word' id='word_1_143' title='bbox 735 2791 769 2852; x_wconf 92' lang='lat' dir='ltr'>in</span> <span class='ocrx_word' id='word_1_144' title='bbox 788 2791 1036 2854; x_wconf 89' lang='lat' dir='ltr'>Marchionatu</span> <span class='ocrx_word' id='word_1_145' title='bbox 1055 2792 1230 2872; x_wconf 81' lang='lat' dir='ltr'>Burgar0,</span> <span class='ocrx_word' id='word_1_146' title='bbox 1254 2804 1474 2873; x_wconf 88' lang='lat' dir='ltr'>occuparunt</span> 
     </span>
     <span class='ocr_line' id='line_1_21' title="bbox 192 2897 1471 2981; baseline 0.002 -22"><span class='ocrx_word' id='word_1_147' title='bbox 192 2899 326 2981; x_wconf 91' lang='lat' dir='ltr'>oppida</span> <span class='ocrx_word' id='word_1_148' title='bbox 351 2898 553 2978; x_wconf 83' lang='lat' dir='ltr'>Leipheim,</span> <span class='ocrx_word' id='word_1_149' title='bbox 588 2910 623 2960; x_wconf 90' lang='lat' dir='ltr'>et</span> <span class='ocrx_word' id='word_1_150' title='bbox 656 2898 893 2978; x_wconf 85' lang='lat' dir='ltr'>Grietzburg:</span> <span class='ocrx_word' id='word_1_151' title='bbox 926 2907 1053 2980; x_wconf 88' lang='lat' dir='ltr'>quarto</span> <span class='ocrx_word' id='word_1_152' title='bbox 1079 2897 1213 2978; x_wconf 79' lang='lat' dir='ltr'>Aprilis</span> <span class='ocrx_word' id='word_1_153' title='bbox 1245 2897 1341 2979; x_wconf 85' lang='lat' dir='ltr'>ligae</span> <span class='ocrx_word' id='word_1_154' title='bbox 1375 2920 1471 2962; x_wconf 90' lang='lat' dir='ltr'>exer·</span> 
     </span>
     <span class='ocr_line' id='line_1_22' title="bbox 193 3003 1475 3087; baseline 0.002 -22"><span class='ocrx_word' id='word_1_155' title='bbox 193 3004 282 3066; x_wconf 90' lang='lat' dir='ltr'>citus</span> <span class='ocrx_word' id='word_1_156' title='bbox 307 3025 370 3067; x_wconf 91' lang='lat' dir='ltr'>eos</span> <span class='ocrx_word' id='word_1_157' title='bbox 393 3005 533 3067; x_wconf 84' lang='lat' dir='ltr'>invadit</span> <span class='ocrx_word' id='word_1_158' title='bbox 558 3026 603 3067; x_wconf 82' lang='lat' dir='ltr'>ex</span> <span class='ocrx_word' id='word_1_159' title='bbox 627 3018 776 3086; x_wconf 86' lang='lat' dir='ltr'>utraque</span> <span class='ocrx_word' id='word_1_160' title='bbox 793 3017 896 3086; x_wconf 90' lang='lat' dir='ltr'>parte</span> <span class='ocrx_word' id='word_1_161' title='bbox 913 3005 1043 3086; x_wconf 81' lang='lat' dir='ltr'>Ripae,</span> <span class='ocrx_word' id='word_1_162' title='bbox 1060 3015 1094 3066; x_wconf 87' lang='lat' dir='ltr'>et</span> <span class='ocrx_word' id='word_1_163' title='bbox 1112 3003 1293 3087; x_wconf 85' lang='lat' dir='ltr'>profligat;</span> <span class='ocrx_word' id='word_1_164' title='bbox 1318 3005 1475 3085; x_wconf 88' lang='lat' dir='ltr'>Joannes</span> 
     </span>
     <span class='ocr_line' id='line_1_23' title="bbox 195 3111 1473 3194; baseline -0.002 -20"><span class='ocrx_word' id='word_1_165' title='bbox 195 3113 352 3192; x_wconf 89' lang='lat' dir='ltr'>Jacobus</span> <span class='ocrx_word' id='word_1_166' title='bbox 377 3114 552 3194; x_wconf 88' lang='lat' dir='ltr'>plebanus</span> <span class='ocrx_word' id='word_1_167' title='bbox 576 3111 810 3193; x_wconf 87' lang='lat' dir='ltr'>Capitaneus,</span> <span class='ocrx_word' id='word_1_168' title='bbox 843 3131 919 3173; x_wconf 90' lang='lat' dir='ltr'>cum</span> <span class='ocrx_word' id='word_1_169' title='bbox 953 3111 1030 3173; x_wconf 84' lang='lat' dir='ltr'>aliis</span> <span class='ocrx_word' id='word_1_170' title='bbox 1061 3123 1198 3193; x_wconf 90' lang='lat' dir='ltr'>septem</span> <span class='ocrx_word' id='word_1_171' title='bbox 1222 3111 1399 3192; x_wconf 87' lang='lat' dir='ltr'>capitibus</span> <span class='ocrx_word' id='word_1_172' title='bbox 1423 3134 1473 3174; x_wconf 86' lang='lat' dir='ltr'>se-</span> 
     </span>
     <span class='ocr_line' id='line_1_24' title="bbox 195 3217 1475 3301; baseline 0.002 -22"><span class='ocrx_word' id='word_1_173' title='bbox 195 3218 339 3281; x_wconf 84' lang='lat' dir='ltr'>ditionis</span> <span class='ocrx_word' id='word_1_174' title='bbox 371 3218 487 3280; x_wconf 89' lang='lat' dir='ltr'>medio</span> <span class='ocrx_word' id='word_1_175' title='bbox 520 3219 646 3281; x_wconf 89' lang='lat' dir='ltr'>itinere</span> <span class='ocrx_word' id='word_1_176' title='bbox 682 3217 774 3280; x_wconf 90' lang='lat' dir='ltr'>inter</span> <span class='ocrx_word' id='word_1_177' title='bbox 806 3217 1005 3301; x_wconf 78' lang='lat' dir='ltr'>leipheIm,</span> <span class='ocrx_word' id='word_1_178' title='bbox 1037 3227 1073 3281; x_wconf 87' lang='lat' dir='ltr'>et</span> <span class='ocrx_word' id='word_1_179' title='bbox 1105 3218 1243 3281; x_wconf 91' lang='lat' dir='ltr'>Ulmam</span> <span class='ocrx_word' id='word_1_180' title='bbox 1278 3220 1475 3282; x_wconf 87' lang='lat' dir='ltr'>decollatus</span> 
     </span>
     <span class='ocr_line' id='line_1_25' title="bbox 192 3325 1473 3404; baseline 0.002 -18"><span class='ocrx_word' id='word_1_181' title='bbox 192 3336 254 3403; x_wconf 82' lang='lat' dir='ltr'>est,</span> <span class='ocrx_word' id='word_1_182' title='bbox 280 3325 375 3387; x_wconf 89' lang='lat' dir='ltr'>caesi</span> <span class='ocrx_word' id='word_1_183' title='bbox 400 3335 490 3398; x_wconf 84' lang='lat' dir='ltr'>sunt,</span> <span class='ocrx_word' id='word_1_184' title='bbox 516 3335 551 3386; x_wconf 88' lang='lat' dir='ltr'>et</span> <span class='ocrx_word' id='word_1_185' title='bbox 575 3325 747 3387; x_wconf 89' lang='lat' dir='ltr'>submersi</span> <span class='ocrx_word' id='word_1_186' title='bbox 819 3371 1328 3388; x_wconf 84' lang='grc'><strong>..........</strong></span> <span class='ocrx_word' id='word_1_187' title='bbox 1375 3345 1473 3404; x_wconf 81' lang='lat'><strong>3700.</strong></span> 
     </span>
    </p>

    <p class='ocr_par' dir='ltr' id='par_1_7' title="bbox 191 3429 1471 3726">
     <span class='ocr_line' id='line_1_26' title="bbox 280 3429 1471 3514; baseline 0.003 -22"><span class='ocrx_word' id='word_1_188' title='bbox 280 3429 359 3511; x_wconf 85' lang='lat' dir='ltr'>Quo</span> <span class='ocrx_word' id='word_1_189' title='bbox 384 3431 505 3493; x_wconf 92' lang='lat' dir='ltr'>audito</span> <span class='ocrx_word' id='word_1_190' title='bbox 529 3433 682 3494; x_wconf 88' lang='lat' dir='ltr'>rebelles</span> <span class='ocrx_word' id='word_1_191' title='bbox 706 3431 741 3493; x_wconf 93' lang='lat' dir='ltr'>in</span> <span class='ocrx_word' id='word_1_192' title='bbox 766 3431 986 3512; x_wconf 76' lang='lat' dir='ltr'>BaltrIngen,</span> <span class='ocrx_word' id='word_1_193' title='bbox 1004 3440 1039 3492; x_wconf 90' lang='lat' dir='ltr'>et</span> <span class='ocrx_word' id='word_1_194' title='bbox 1056 3429 1305 3513; x_wconf 80' lang='lat' dir='ltr'>Schimelberg</span> <span class='ocrx_word' id='word_1_195' title='bbox 1321 3433 1471 3514; x_wconf 86' lang='lat' dir='ltr'>dispersi</span> 
     </span>
     <span class='ocr_line' id='line_1_27' title="bbox 191 3536 1470 3620; baseline 0.002 -21"><span class='ocrx_word' id='word_1_196' title='bbox 191 3549 289 3601; x_wconf 89' lang='lat' dir='ltr'>sunt:</span> <span class='ocrx_word' id='word_1_197' title='bbox 316 3539 507 3600; x_wconf 88' lang='lat' dir='ltr'>subsecuta</span> <span class='ocrx_word' id='word_1_198' title='bbox 531 3537 603 3618; x_wconf 85' lang='lat' dir='ltr'>liga</span> <span class='ocrx_word' id='word_1_199' title='bbox 628 3536 711 3600; x_wconf 82' lang='lat' dir='ltr'>XII.</span> <span class='ocrx_word' id='word_1_200' title='bbox 738 3537 874 3619; x_wconf 86' lang='lat' dir='ltr'>Aprilis</span> <span class='ocrx_word' id='word_1_201' title='bbox 898 3536 1167 3619; x_wconf 85' lang='lat' dir='ltr'>comprehendit</span> <span class='ocrx_word' id='word_1_202' title='bbox 1189 3539 1311 3618; x_wconf 88' lang='lat' dir='ltr'>plures</span> <span class='ocrx_word' id='word_1_203' title='bbox 1336 3550 1470 3620; x_wconf 67' lang='lat' dir='ltr'>captos</span> 
     </span>
     <span class='ocr_line' id='line_1_28' title="bbox 194 3644 1470 3726; baseline 0.002 -20"><span class='ocrx_word' id='word_1_204' title='bbox 194 3656 229 3707; x_wconf 90' lang='lat' dir='ltr'>et</span> <span class='ocrx_word' id='word_1_205' title='bbox 252 3665 367 3726; x_wconf 91' lang='lat' dir='ltr'>prope</span> <span class='ocrx_word' id='word_1_206' title='bbox 393 3644 561 3706; x_wconf 89' lang='lat' dir='ltr'>Wrtzach</span> <span class='ocrx_word' id='word_1_207' title='bbox 587 3644 622 3707; x_wconf 93' lang='lat' dir='ltr'>in</span> <span class='ocrx_word' id='word_1_208' title='bbox 646 3646 726 3707; x_wconf 90' lang='lat' dir='ltr'>loco</span> <span class='ocrx_word' id='word_1_209' title='bbox 750 3646 924 3726; x_wconf 91' lang='lat' dir='ltr'>paludoso</span> <span class='ocrx_word' id='word_1_210' title='bbox 950 3644 1080 3707; x_wconf 90' lang='lat' dir='ltr'>occidit</span> <span class='ocrx_word' id='word_1_211' title='bbox 1150 3692 1157 3706; x_wconf 95' lang='lat'><strong>.</strong></span> <span class='ocrx_word' id='word_1_212' title='bbox 1207 3692 1213 3706; x_wconf 93' lang='lat'><strong>.</strong></span> <span class='ocrx_word' id='word_1_213' title='bbox 1263 3693 1269 3707; x_wconf 93' lang='lat'><strong>.</strong></span> <span class='ocrx_word' id='word_1_214' title='bbox 1319 3693 1325 3708; x_wconf 93' lang='lat'><strong>.</strong></span> <span class='ocrx_word' id='word_1_215' title='bbox 1378 3666 1470 3723; x_wconf 77' lang='lat'><strong>1500.</strong></span> 
     </span>
    </p>

    <p class='ocr_par' dir='ltr' id='par_1_8' title="bbox 188 3750 1474 4152">
     <span class='ocr_line' id='line_1_29' title="bbox 281 3750 1473 3833; baseline 0.002 -20"><span class='ocrx_word' id='word_1_216' title='bbox 281 3751 439 3814; x_wconf 89' lang='lat' dir='ltr'>Cuneum</span> <span class='ocrx_word' id='word_1_217' title='bbox 464 3751 693 3832; x_wconf 82' lang='lat' dir='ltr'>Algoiorum‚</span> <span class='ocrx_word' id='word_1_218' title='bbox 729 3763 764 3813; x_wconf 91' lang='lat' dir='ltr'>et</span> <span class='ocrx_word' id='word_1_219' title='bbox 801 3771 921 3813; x_wconf 91' lang='lat' dir='ltr'>eorum</span> <span class='ocrx_word' id='word_1_220' title='bbox 957 3750 1016 3831; x_wconf 91' lang='lat' dir='ltr'>qui</span> <span class='ocrx_word' id='word_1_221' title='bbox 1050 3752 1215 3812; x_wconf 87' lang='lat' dir='ltr'>accolunt</span> <span class='ocrx_word' id='word_1_222' title='bbox 1251 3753 1364 3813; x_wconf 91' lang='lat' dir='ltr'>lacum</span> <span class='ocrx_word' id='word_1_223' title='bbox 1401 3752 1473 3833; x_wconf 78' lang='lat' dir='ltr'>liga</span> 
     </span>
     <span class='ocr_line' id='line_1_30' title="bbox 191 3855 1474 3941; baseline 0.002 -21"><span class='ocrx_word' id='word_1_224' title='bbox 191 3860 337 3921; x_wconf 90' lang='lat' dir='ltr'>volebat</span> <span class='ocrx_word' id='word_1_225' title='bbox 366 3856 578 3941; x_wconf 85' lang='lat' dir='ltr'>profligasse</span> <span class='ocrx_word' id='word_1_226' title='bbox 607 3858 670 3920; x_wconf 89' lang='lat' dir='ltr'>sed</span> <span class='ocrx_word' id='word_1_227' title='bbox 695 3857 895 3919; x_wconf 88' lang='lat' dir='ltr'>interventu</span> <span class='ocrx_word' id='word_1_228' title='bbox 932 3855 1085 3919; x_wconf 87' lang='lat' dir='ltr'>Senatus</span> <span class='ocrx_word' id='word_1_229' title='bbox 1121 3856 1404 3940; x_wconf 81' lang='lat' dir='ltr'>Uberlingensis,</span> <span class='ocrx_word' id='word_1_230' title='bbox 1438 3869 1474 3922; x_wconf 89' lang='lat' dir='ltr'>et</span> 
     </span>
     <span class='ocr_line' id='line_1_31' title="bbox 189 3961 1473 4045; baseline 0 -19"><span class='ocrx_word' id='word_1_231' title='bbox 189 3965 504 4045; x_wconf 85' lang='lat' dir='ltr'>Ravenspurgen.,</span> <span class='ocrx_word' id='word_1_232' title='bbox 530 3983 571 4025; x_wconf 92' lang='lat' dir='ltr'>ac</span> <span class='ocrx_word' id='word_1_233' title='bbox 586 3962 757 4027; x_wconf 88' lang='lat' dir='ltr'>Comitum</span> <span class='ocrx_word' id='word_1_234' title='bbox 783 3965 828 4026; x_wconf 91' lang='lat' dir='ltr'>de</span> <span class='ocrx_word' id='word_1_235' title='bbox 853 3961 1037 4041; x_wconf 78' lang='lat' dir='ltr'>Montfort,</span> <span class='ocrx_word' id='word_1_236' title='bbox 1062 3982 1120 4025; x_wconf 90' lang='lat' dir='ltr'>res</span> <span class='ocrx_word' id='word_1_237' title='bbox 1135 3962 1169 4024; x_wconf 92' lang='lat' dir='ltr'>in</span> <span class='ocrx_word' id='word_1_238' title='bbox 1189 3983 1313 4044; x_wconf 90' lang='lat' dir='ltr'>pacem</span> <span class='ocrx_word' id='word_1_239' title='bbox 1329 3975 1473 4043; x_wconf 81' lang='lat' dir='ltr'>mutata,</span> 
     </span>
     <span class='ocr_line' id='line_1_32' title="bbox 188 4067 1167 4152; baseline 0.001 -19"><span class='ocrx_word' id='word_1_240' title='bbox 188 4092 294 4152; x_wconf 88' lang='lat' dir='ltr'>quam</span> <span class='ocrx_word' id='word_1_241' title='bbox 318 4072 464 4132; x_wconf 89' lang='lat' dir='ltr'>accolae</span> <span class='ocrx_word' id='word_1_242' title='bbox 487 4072 586 4132; x_wconf 91' lang='lat' dir='ltr'>lacus</span> <span class='ocrx_word' id='word_1_243' title='bbox 613 4081 809 4137; x_wconf 87' lang='lat' dir='ltr'>servarunt.</span> <span class='ocrx_word' id='word_1_244' title='bbox 834 4068 956 4150; x_wconf 88' lang='lat' dir='ltr'>Algoii</span> <span class='ocrx_word' id='word_1_245' title='bbox 981 4088 1050 4130; x_wconf 93' lang='lat' dir='ltr'>non</span> <span class='ocrx_word' id='word_1_246' title='bbox 1074 4067 1167 4134; x_wconf 88' lang='lat' dir='ltr'>item.</span> 
     </span>
    </p>

    <p class='ocr_par' dir='ltr' id='par_1_9' title="bbox 188 4174 1473 4793">
     <span class='ocr_line' id='line_1_33' title="bbox 280 4174 1472 4260; baseline 0.003 -21"><span class='ocrx_word' id='word_1_247' title='bbox 280 4177 533 4239; x_wconf 89' lang='lat' dir='ltr'>Rebellionem</span> <span class='ocrx_word' id='word_1_248' title='bbox 556 4187 685 4258; x_wconf 89' lang='lat' dir='ltr'>parant</span> <span class='ocrx_word' id='word_1_249' title='bbox 714 4175 787 4238; x_wconf 89' lang='lat' dir='ltr'>XV</span> <span class='ocrx_word' id='word_1_250' title='bbox 814 4174 947 4256; x_wconf 85' lang='lat' dir='ltr'>Aprilis</span> <span class='ocrx_word' id='word_1_251' title='bbox 982 4174 1103 4237; x_wconf 90' lang='lat' dir='ltr'>rustici</span> <span class='ocrx_word' id='word_1_252' title='bbox 1140 4175 1235 4238; x_wconf 84' lang='lat' dir='ltr'>circa</span> <span class='ocrx_word' id='word_1_253' title='bbox 1259 4175 1472 4260; x_wconf 80' lang='lat' dir='ltr'>Winsperg:</span> 
     </span>
     <span class='ocr_line' id='line_1_34' title="bbox 189 4281 1472 4359; baseline 0.001 -13"><span class='ocrx_word' id='word_1_254' title='bbox 189 4284 315 4346; x_wconf 85' lang='lat' dir='ltr'>missus</span> <span class='ocrx_word' id='word_1_255' title='bbox 340 4283 422 4345; x_wconf 92' lang='lat' dir='ltr'>illuc</span> <span class='ocrx_word' id='word_1_256' title='bbox 448 4281 574 4345; x_wconf 90' lang='lat' dir='ltr'>Comes</span> <span class='ocrx_word' id='word_1_257' title='bbox 599 4284 644 4345; x_wconf 93' lang='lat' dir='ltr'>de</span> <span class='ocrx_word' id='word_1_258' title='bbox 668 4281 908 4344; x_wconf 82' lang='lat' dir='ltr'>Helffenstein</span> <span class='ocrx_word' id='word_1_259' title='bbox 935 4281 1137 4344; x_wconf 88' lang='lat' dir='ltr'>Ludovicus</span> <span class='ocrx_word' id='word_1_260' title='bbox 1161 4303 1182 4344; x_wconf 89' lang='lat' dir='ltr'>a</span> <span class='ocrx_word' id='word_1_261' title='bbox 1207 4281 1378 4359; x_wconf 65' lang='lat' dir='ltr'>regimine</span> <span class='ocrx_word' id='word_1_262' title='bbox 1404 4284 1472 4347; x_wconf 86' lang='lat' dir='ltr'>Du·</span> 
     </span>
     <span class='ocr_line' id='line_1_35' title="bbox 188 4387 1473 4470; baseline 0.001 -18"><span class='ocrx_word' id='word_1_263' title='bbox 188 4390 268 4470; x_wconf 85' lang='lat' dir='ltr'>cali,</span> <span class='ocrx_word' id='word_1_264' title='bbox 307 4411 329 4452; x_wconf 91' lang='lat' dir='ltr'>a</span> <span class='ocrx_word' id='word_1_265' title='bbox 352 4387 494 4451; x_wconf 88' lang='lat' dir='ltr'>rusticis</span> <span class='ocrx_word' id='word_1_266' title='bbox 534 4390 658 4451; x_wconf 89' lang='lat' dir='ltr'>dolose</span> <span class='ocrx_word' id='word_1_267' title='bbox 698 4388 979 4468; x_wconf 81' lang='lat' dir='ltr'>circumventus,</span> <span class='ocrx_word' id='word_1_268' title='bbox 1015 4410 1092 4451; x_wconf 91' lang='lat' dir='ltr'>cum</span> <span class='ocrx_word' id='word_1_269' title='bbox 1129 4388 1261 4452; x_wconf 86' lang='lat' dir='ltr'>XXIII</span> <span class='ocrx_word' id='word_1_270' title='bbox 1296 4390 1473 4454; x_wconf 81' lang='lat' dir='ltr'>nobilibus</span> 
     </span>
     <span class='ocr_line' id='line_1_36' title="bbox 189 4494 1473 4581; baseline 0.002 -22"><span class='ocrx_word' id='word_1_271' title='bbox 189 4497 357 4559; x_wconf 88' lang='lat' dir='ltr'>atrociter</span> <span class='ocrx_word' id='word_1_272' title='bbox 386 4494 568 4559; x_wconf 91' lang='lat' dir='ltr'>occiditur.</span> <span class='ocrx_word' id='word_1_273' title='bbox 625 4494 736 4557; x_wconf 82' lang='lat' dir='ltr'>Totus</span> <span class='ocrx_word' id='word_1_274' title='bbox 764 4496 925 4558; x_wconf 87' lang='lat' dir='ltr'>Ducatus</span> <span class='ocrx_word' id='word_1_275' title='bbox 955 4495 989 4558; x_wconf 91' lang='lat' dir='ltr'>in</span> <span class='ocrx_word' id='word_1_276' title='bbox 1021 4496 1251 4560; x_wconf 90' lang='lat' dir='ltr'>rebellionem</span> <span class='ocrx_word' id='word_1_277' title='bbox 1281 4498 1473 4581; x_wconf 78' lang='lat' dir='ltr'>conspirat,</span> 
     </span>
     <span class='ocr_line' id='line_1_37' title="bbox 189 4600 1473 4686; baseline 0.002 -20"><span class='ocrx_word' id='word_1_278' title='bbox 189 4603 263 4685; x_wconf 88' lang='lat' dir='ltr'>liga</span> <span class='ocrx_word' id='word_1_279' title='bbox 298 4623 361 4665; x_wconf 88' lang='lat' dir='ltr'>eos</span> <span class='ocrx_word' id='word_1_280' title='bbox 396 4600 610 4682; x_wconf 84' lang='lat' dir='ltr'>insequitur,</span> <span class='ocrx_word' id='word_1_281' title='bbox 649 4610 685 4662; x_wconf 92' lang='lat' dir='ltr'>et</span> <span class='ocrx_word' id='word_1_282' title='bbox 720 4602 915 4664; x_wconf 84' lang='lat' dir='ltr'>exercitum</span> <span class='ocrx_word' id='word_1_283' title='bbox 955 4602 1163 4665; x_wconf 86' lang='lat' dir='ltr'>rusticorum</span> <span class='ocrx_word' id='word_1_284' title='bbox 1200 4603 1343 4686; x_wconf 78' lang='lat' dir='ltr'>attingit</span> <span class='ocrx_word' id='word_1_285' title='bbox 1381 4604 1473 4669; x_wconf 88' lang='lat' dir='ltr'>inter</span> 
     </span>
     <span class='ocr_line' id='line_1_38' title="bbox 189 4705 1473 4793; baseline 0.001 -21"><span class='ocrx_word' id='word_1_286' title='bbox 189 4709 355 4793; x_wconf 85' lang='lat' dir='ltr'>Bebling‚</span> <span class='ocrx_word' id='word_1_287' title='bbox 370 4719 406 4772; x_wconf 91' lang='lat' dir='ltr'>et</span> <span class='ocrx_word' id='word_1_288' title='bbox 422 4705 677 4790; x_wconf 86' lang='lat' dir='ltr'>Scudelfingen</span> <span class='ocrx_word' id='word_1_289' title='bbox 702 4710 795 4770; x_wconf 92' lang='lat' dir='ltr'>ultra</span> <span class='ocrx_word' id='word_1_290' title='bbox 820 4708 1121 4791; x_wconf 78' lang='lat' dir='ltr'>Herrenbergam,</span> <span class='ocrx_word' id='word_1_291' title='bbox 1150 4721 1185 4771; x_wconf 86' lang='lat' dir='ltr'>et</span> <span class='ocrx_word' id='word_1_292' title='bbox 1211 4709 1283 4772; x_wconf 85' lang='lat' dir='ltr'>XII</span> <span class='ocrx_word' id='word_1_293' title='bbox 1301 4710 1385 4774; x_wconf 90' lang='lat' dir='ltr'>Maii</span> <span class='ocrx_word' id='word_1_294' title='bbox 1410 4732 1473 4775; x_wconf 84' lang='lat' dir='ltr'>eos</span> 
     </span>
    </p>
   </div>
   <div class='ocr_carea' id='block_1_7' title="bbox 189 4813 1313 4992">
    <p class='ocr_par' dir='ltr' id='par_1_10' title="bbox 189 4813 1313 4992">
     <span class='ocr_line' id='line_1_39' title="bbox 189 4813 994 4895; baseline 0 -17"><span class='ocrx_word' id='word_1_295' title='bbox 189 4816 265 4879; x_wconf 89' lang='lat' dir='ltr'>sine</span> <span class='ocrx_word' id='word_1_296' title='bbox 290 4814 499 4878; x_wconf 86' lang='lat' dir='ltr'>difficultate</span> <span class='ocrx_word' id='word_1_297' title='bbox 523 4813 634 4883; x_wconf 83' lang='lat' dir='ltr'>cedit:</span> <span class='ocrx_word' id='word_1_298' title='bbox 660 4813 768 4876; x_wconf 89' lang='lat' dir='ltr'>occisi</span> <span class='ocrx_word' id='word_1_299' title='bbox 792 4826 873 4876; x_wconf 86' lang='lat' dir='ltr'>sunt</span> <span class='ocrx_word' id='word_1_300' title='bbox 898 4819 994 4895; x_wconf 74' lang='lat'><strong>6465.</strong></span> 
     </span>
     <span class='ocr_line' id='line_1_40' title="bbox 216 4923 1313 4992; baseline -0.005 -10"><span class='ocrx_word' id='word_1_301' title='bbox 216 4942 298 4992; x_wconf 68' lang='lat' dir='ltr'>unua,</span> <span class='ocrx_word' id='word_1_302' title='bbox 310 4942 454 4981; x_wconf 72' lang='lat' dir='ltr'>Documenta</span> <span class='ocrx_word' id='word_1_303' title='bbox 463 4940 601 4980; x_wconf 67' lang='lat' dir='ltr'>hotbertus.</span> <span class='ocrx_word' id='word_1_304' title='bbox 1278 4923 1313 4977; x_wconf 63' lang='grc' dir='ltr'><strong>ὃὸ</strong></span> 
     </span>
    </p>
   </div>
   <div class='ocr_carea' id='block_1_8' title="bbox 0 0 1674 5580">
    <p class='ocr_par' dir='ltr' id='par_1_11' title="bbox 0 0 1674 5580">
     <span class='ocr_line' id='line_1_41' title="bbox 0 0 1674 5580; baseline 0 0"><span class='ocrx_word' id='word_1_305' title='bbox 0 0 1674 5580; x_wconf 95' lang='lat' dir='ltr'> </span> 
     </span>
    </p>
   </div>
  </div>
 </body>
</html>
