3330 5580
720 502 949 557 Νζ1311ἱ>θ

190 641 312 707 avanti
347 639 555 708 exacerbati
584 656 708 709 contro
746 649 781 710 la
820 646 948 710 Chiesa
988 647 1024 709 di
1063 648 1182 737 Roma
1222 649 1476 729 congiungono

191 754 224 812 la
248 771 361 813 causa
384 753 478 815 della
503 751 600 831 fede,
626 753 696 816 imo
720 756 754 816 la
780 733 1031 835 sommergono
1058 753 1092 815 in
1119 754 1143 815 li
1169 775 1245 816 roro
1270 753 1383 817 affetti
1408 755 1477 836 pri·

192 858 264 921 vati
290 869 327 920 et
350 858 483 921 invidie
508 861 574 922 che
606 861 725 923 hanno
758 862 942 924 contradi
968 861 1104 923 Roma:
1152 861 1213 923 Ma
1244 863 1278 923 la
1308 864 1414 944 plebe
1448 861 1477 922 si

191 986 344 1047 correge
369 965 456 1048 ogni
489 968 523 1027 dl
555 986 620 1048 per
652 976 778 1048 queste
806 968 977 1050 prediche
1010 977 1045 1030 et
1077 967 1379 1031 abbrusciamenti
1411 970 1477 1031 che

193 1072 220 1134 si
244 1072 355 1135 fanno
382 1084 416 1135 et
446 1073 505 1155 pili
532 1094 570 1135 se
595 1094 885 1156 correggeranno
910 1095 974 1156 per
1000 1074 1021 1136 l’
1035 1075 1190 1137 advento
1216 1085 1252 1137 et
1275 1088 1473 1156 quattrage·

191 1179 289 1241 sima.
332 1178 465 1243 Contro
497 1180 520 1242 li
554 1181 635 1242 altri
667 1201 773 1263 spero
806 1184 871 1244 che
903 1182 937 1244 in
973 1190 1097 1262 questa
1129 1182 1225 1244 dieta
1257 1182 1285 1245 si
1317 1182 1403 1243 dara
1435 1180 1475 1243 ri·

190 1287 309 1348 medio
335 1306 403 1349 con
428 1286 580 1349 l'adiuto
605 1287 640 1348 di
666 1287 734 1350 Dio
760 1298 795 1350 et
818 1291 853 1351 la
877 1288 987 1351 bonta
1012 1288 1047 1350 di
1073 1287 1213 1351 Cesare.

281 1394 359 1455 Ben
385 1393 548 1476 supplico
573 1415 638 1474 per
662 1394 786 1457 l'amor
810 1395 844 1456 di
869 1394 949 1470 Dio,
976 1406 1011 1458 et
1035 1394 1108 1458 cosi
1133 1395 1244 1458 fanno
1269 1395 1349 1457 tutti
1375 1394 1397 1456 li
1424 1416 1476 1455 or-

189 1501 352 1573 thodoxi,
386 1502 451 1562 che
483 1501 512 1562 si
536 1511 645 1563 metta
668 1500 739 1563 fine
764 1523 785 1564 a
809 1512 907 1564 tante
932 1522 1076 1565 reserve
1101 1512 1137 1565 et
1163 1502 1329 1584 dispense
1355 1512 1390 1564 et
1417 1503 1474 1562 de·
1578 1582 1581 1595 Ι

188 1607 371 1687 rogationi
404 1608 460 1669 de'
487 1608 693 1670 concordati
725 1608 760 1670 di
786 1609 1005 1689 Alemagna,
1038 1609 1285 1692 compositioni
1320 1619 1355 1671 et
1387 1610 1476 1670 altre

189 1715 295 1776 simili
322 1716 473 1778 novelle.
522 1715 716 1778 Praeterea
741 1717 807 1777 che
832 1716 861 1778 si
886 1716 985 1778 metti
1010 1716 1113 1779 freno
1138 1718 1184 1779 ad
1209 1715 1296 1779 certi
1331 1718 1397 1777 che
1428 1715 1475 1777 in-

190 1821 350 1884 triccano
391 1822 472 1883 tutti
512 1821 536 1882 li
575 1821 738 1884 beneficii
776 1823 820 1885 de
860 1823 1072 1905 Alemagna‚
1115 1844 1184 1886 non
1218 1822 1374 1886 contenti
1410 1824 1476 1885 che

190 1928 373 1990 habbiano
397 1927 524 1995 infiniti
538 1928 712 2009 beneficii,
736 1930 869 2010 perche
885 1929 999 2012 questi
1025 1930 1149 2011 populi
1166 1929 1372 1992 nominatim
1394 1949 1473 1991 con·

190 2036 376 2116 giungono
414 2037 449 2097 la
480 2035 628 2098 materia
660 2035 695 2096 di
728 2037 859 2098 Lutero
894 2056 960 2098 con
994 2031 1106 2118 q'uest'
1139 2038 1228 2098 altre
1263 2056 1345 2098 cose
1378 2047 1413 2098 et
1444 2036 1474 2097 ci

190 2142 301 2205 fanno
335 2136 370 2204 di
403 2162 516 2223 grave
541 2144 659 2204 danno
692 2142 727 2205 in
760 2144 804 2205 el·
824 2144 1000 2224 principal
1025 2146 1091 2206 che
1124 2163 1299 2205 concerne
1329 2145 1363 2204 la
1393 2142 1476 2204 fede

191 2250 380 2327 catholica,
416 2249 460 2311 ne
493 2271 530 2312 se
563 2269 695 2312 curano
727 2251 762 2311 di
793 2250 939 2331 rinegar
964 2250 1032 2312 Dio
1065 2270 1131 2331 per
1161 2248 1217 2311 far
1244 2251 1414 2312 vendetta
1442 2249 1476 2308 di

190 2367 316 2436 questa
349 2359 556 2436 sopradette
581 2357 809 2437 enormitadi‚
841 2359 875 2419 le
899 2357 993 2438 quali
1018 2377 1149 2419 ancora
1173 2358 1240 2419 che
1264 2357 1372 2418 creda
1405 2375 1475 2417 non

190 2484 290 2525 esser
313 2467 342 2523 sl
368 2463 496 2543 grandi
521 2484 620 2526 come
644 2466 722 2526 loro
747 2466 780 2525 le
805 2463 930 2543 sann0‚
956 2475 991 2526 et
1016 2464 1049 2525 io
1074 2466 1119 2526 ad
1145 2466 1286 2526 oculum
1310 2484 1418 2544 saepe
1452 2464 1476 2524 li

191 2573 410 2648 demonstro,
436 2572 625 2633 tuttavolta
640 2570 676 2632 in
695 2581 821 2652 questo
836 2572 985 2633 tumulto
1010 2571 1038 2632 si
1064 2573 1154 2634 deve
1179 2571 1367 2662 removerli
1392 2570 1477 2653 ogni

190 2697 278 2739 ansa
304 2688 340 2738 et
365 2677 553 2739 occasione
580 2679 624 2739 de
649 2677 704 2739 far
728 2679 761 2741 le
785 2683 921 2758 paccle.

279 2783 398 2846 Credo
424 2786 489 2846 che
514 2789 601 2847 costi
627 2783 655 2847 si
681 2784 771 2867 sapii
796 2784 889 2848 assai
915 2787 959 2847 de
991 2785 1013 2845 l'
1040 2805 1152 2865 opera
1177 2783 1212 2845 di
1237 2794 1363 2865 questo
1389 2783 1477 2846 Ario

191 2893 230 2952 dc
253 2889 445 2974 cupuditate
468 2890 676 2976 babylonica,
710 2893 807 2974 cujus
841 2912 948 2974 supra
972 2890 1042 2955 feci
1067 2891 1299 2969 mentionem,
1336 2892 1369 2952 la
1394 2891 1476 2971 qual

192 3019 256 3079 per
272 3008 405 3089 troppa
421 3019 484 3060 sua
500 2999 661 3060 tristezza
686 3010 721 3060 et
735 2999 968 3061 enormissina
993 2997 1140 3080 impieta
1155 3000 1265 3060 molto
1290 2997 1327 3059 fa
1351 2999 1383 3059 al
1400 3018 1476 3079 pro-

190 3106 309 3187 posito
342 3117 481 3176 nostro;
516 3106 551 3167 io
576 3105 723 3168 l'harrei
749 3108 927 3185 mandata,
953 3127 1009 3168 ma
1033 3105 1165 3186 perche
1199 3125 1254 3168 me
1283 3125 1328 3167 ne
1358 3105 1477 3166 adiuto

190 3213 296 3291 assai,
322 3214 356 3274 la
382 3220 543 3294 reteng0.
1385 3271 1390 3280 ,

283 3319 386 3381 Altre
420 3339 529 3401 opere
564 3319 599 3381 in
626 3319 802 3381 Alemano
835 3321 882 3380 ha
915 3320 1082 3381 mandato
1114 3318 1217 3380 fuora
1251 3320 1284 3380 el
1312 3319 1477 3399 predetto

191 3425 332 3487 ribaldo
357 3435 482 3488 contra
506 3429 539 3487 la
556 3426 660 3488 Bulla
685 3436 720 3488 et
745 3446 817 3487 non
843 3446 882 3487 so
908 3428 972 3487 che
991 3429 1081 3488 altre
1098 3433 1232 3506 paccie,
1258 3424 1353 3506 quali
1371 3445 1476 3506 spero

191 3534 235 3594 de
260 3533 364 3594 brevi
388 3534 535 3594 mandar
560 3554 580 3594 a
605 3533 710 3595 fuoco
736 3543 771 3594 et
786 3532 926 3594 flamma
941 3547 1072 3614 quante
1089 3532 1149 3614 pili
1173 3552 1217 3594 ne
1233 3531 1338 3613 potro
1355 3534 1475 3594 haver.

282 3639 443 3701 Hutteno
467 3650 589 3720 satyro
614 3641 660 3701 ha
684 3638 774 3701 fatto
790 3659 837 3700 un
855 3649 1055 3701 commento
1075 3659 1182 3720 sopra
1200 3639 1233 3700 la
1250 3639 1354 3699 Bulla
1369 3637 1476 3719 pieno

193 3747 227 3808 di
253 3745 443 3808 virulentia
468 3755 593 3808 contro
618 3745 660 3806 N.
686 3744 722 3807 S.
748 3745 835 3807 Item
861 3756 1002 3825 quattro
1028 3766 1049 3807 o
1074 3746 1125 3807 sei
1151 3745 1302 3826 epistole
1326 3746 1371 3804 ad
1393 3745 1475 3806 Cae·

193 3874 308 3916 sarem
333 3863 368 3914 et
393 3853 498 3934 alios,
523 3853 557 3914 in
583 3853 710 3934 quibus
734 3855 779 3915 de
803 3873 858 3916 me
884 3853 1038 3934 loquitur
1064 3853 1181 3915 multis
1205 3853 1239 3914 in
1265 3851 1352 3914 locis
1360 3902 1369 3933 ‚
1398 3872 1476 3933 sup·

194 3981 316 4042 presso
347 3971 465 4022 tamen
497 3960 656 4039 nomine,
690 3970 832 4043 sumpta
864 3961 1052 4023 occasione
1077 3962 1135 4022 dal
1160 3962 1272 4022 breve
1296 3959 1418 4020 scritto
1442 3961 1477 4021 al

195 4067 406 4150 Moguntino
444 4067 502 4130 del
540 4070 644 4148 quale
680 4069 798 4129 hanne
834 4069 967 4129 havuto
1007 4066 1111 4148 copia
1148 4065 1260 4128 inscio
1298 4065 1476 4128 Cardinali

196 4196 259 4256 per
289 4173 434 4255 meggio
467 4177 516 4255 (ut
541 4177 640 4254 puto)
673 4173 756 4236 delli
791 4176 919 4237 occulti
952 4173 1145 4236 Lutherani
1178 4174 1244 4235 che
1275 4193 1426 4234 serveno
1457 4194 1478 4233 a

197 4284 291 4345 detto
323 4282 464 4363 signor,
499 4282 544 4343 de
577 4283 642 4343 che
677 4301 746 4343 non
779 4281 883 4362 potro
912 4280 966 4343 iar
992 4282 1056 4343 che
1082 4301 1151 4342 non
1176 4301 1221 4342 ne
1246 4280 1325 4342 dica
1349 4279 1408 4361 pili
1433 4282 1477 4341 de

199 4409 263 4451 una
287 4390 422 4471 parola.

283 4496 340 4559 Ha
365 4498 449 4558 dato
474 4496 577 4559 suora
602 4505 637 4558 et
661 4497 761 4557 detto
779 4494 937 4556 Hutteno
963 4513 1094 4556 ancora
1119 4494 1207 4556 certi
1232 4493 1312 4556 libri
1337 4494 1371 4555 in
1389 4493 1477 4556 rima

197 4614 230 4665 et
251 4603 288 4666 in
313 4623 422 4684 prosa
447 4602 698 4679 Alemannica,
733 4604 857 4683 quales
881 4601 1000 4663 statim
1024 4601 1159 4664 iudices
1185 4622 1230 4664 ex
1255 4601 1402 4663 Hutteni
1428 4600 1476 4662 ο1-

196 4708 298 4771 ficina
322 4709 508 4790 prodiisse.
556 4709 621 4771 Lui
646 4709 666 4769 e
691 4709 750 4789 qui
774 4727 948 4790 appresso
972 4708 1019 4769 ad
1044 4729 1146 4770 meno
1172 4708 1206 4769 di
1225 4729 1294 4770 una
1311 4709 1477 4788 giornata

195 4816 227 4878 in
253 4838 299 4879 un
325 4818 473 4878 castello
498 4815 533 4878 di
558 4816 759 4879 Francesco
784 4815 1024 4897 Sichinghen‚
1059 4815 1095 4877 in
1119 4817 1264 4897 specula
1293 4815 1326 4875 di
1359 4816 1477 4895 quello

224 4943 305 4992 Briau,
319 4941 462 4980 Documenta
472 4941 609 4981 Lutheranu.
1300 4919 1317 4971 3
