3330 5580
703 469 760 522 0⁴]
800 467 948 524 158&

186 611 232 674 de
262 613 321 694 piu
346 612 512 696 privilegi
543 625 578 677 et
602 614 859 677 consuetudini.
907 616 1013 677 Delia
1043 610 1228 697 prebenda
1258 635 1367 697 super
1399 636 1471 699 qua

186 718 255 781 iam
271 720 480 802 composuit,
502 722 566 783 dar
582 723 699 784 buone
717 724 840 802 parole
855 721 926 784 lino
951 723 1021 784 alla
1038 721 1232 786 resolution
1249 723 1346 786 della
1361 723 1470 787 dieta.

275 827 468 890 Praeterea
492 828 610 909 quelle
636 828 753 911 gratie
777 830 843 891 che
866 828 900 890 io
925 829 1131 909 demandati,
1162 849 1228 912 per
1252 832 1285 893 el
1310 840 1468 893 maestro

186 933 244 994 del
277 935 433 998 oratorio
468 935 503 997 di
536 935 645 998 Cesar
676 956 747 998 uno
781 935 1065 1018 protonotariato
1097 936 1135 998 in
1168 936 1283 1018 bulla,
1317 957 1388 1000 una
1420 937 1468 1000 di·

186 1060 316 1121 spensa
346 1061 411 1122 per
442 1062 487 1104 un
512 1041 585 1105 filio
617 1042 652 1105 di
683 1064 729 1105 un
753 1043 889 1125 portier
918 1042 953 1104 di
978 1042 1088 1105 Cesar
1118 1052 1154 1105 et
1177 1053 1276 1108 certa
1299 1043 1469 1126 dispensa

186 1167 251 1228 per
275 1149 308 1210 el
332 1149 451 1212 dottor
468 1150 642 1213 Brucardi
663 1150 797 1213 ordinis
820 1150 1106 1232 praedicatorum
1130 1153 1196 1213 che
1219 1149 1256 1214 fa
1273 1151 1333 1233 qui
1348 1154 1470 1215 buono

186 1254 306 1317 ufficio
331 1264 456 1318 contra
472 1255 617 1336 Luther,
642 1257 804 1339 supplico
828 1257 888 1338 piit
913 1266 1034 1338 presto
1059 1257 1088 1319 si
1112 1258 1173 1339 pol
1197 1257 1226 1320 si
1249 1258 1430 1322 mandino.

276 1363 445 1445 Besogna
470 1363 888 1427 necessariissimamente
912 1366 978 1427 che
999 1385 1037 1428 se
1062 1364 1153 1427 faeci
1168 1385 1237 1427 una
1252 1366 1357 1428 Bulla
1374 1366 1469 1430 della

187 1471 483 1533 condemnatione
508 1471 544 1533 di
565 1472 720 1533 Martino
745 1481 827 1553 post
850 1473 988 1553 lapsum
1012 1472 1151 1535 termini
1174 1472 1209 1535 in
1232 1471 1346 1554 prima
1370 1473 1470 1536 bulla

187 1576 363 1658 contenti,
397 1577 490 1640 etin
515 1577 676 1640 omnibus
700 1578 791 1641 sarla
815 1599 915 1641 come
947 1590 1002 1641 sta
1027 1580 1146 1660 quella
1177 1581 1213 1643 13
1237 1582 1342 1661 quale
1373 1579 1406 1643 ci
1431 1579 1467 1642 fu

187 1686 354 1747 mandata
384 1685 445 1749 alli
475 1687 509 1747 dl
535 1685 687 1767 passati,
722 1707 779 1748 ma
804 1706 873 1748 non
906 1689 1068 1768 besogna
1098 1685 1259 1749 nominar
1289 1688 1370 1750 altri
1401 1688 1468 1749 che

188 1790 341 1853 Martino
368 1792 501 1855 Luther
526 1813 595 1856 non
618 1791 772 1856 iacendo
795 1793 953 1856 mention
977 1794 1023 1856 de
1048 1793 1194 1875 Hutten,
1219 1795 1263 1857 ne
1288 1794 1324 1856 di
1349 1794 1441 1858 altri.

278 1899 415 1962 Perche
449 1900 509 1981 qui
531 1886 702 1981 questoro
727 1921 951 1963 mormorano
983 1903 1048 1964 che
1073 1920 1144 1963 non
1169 1901 1199 1965 si
1222 1922 1262 1963 sa
1285 1903 1353 1963 che
1376 1901 1468 1964 Mar·

186 2005 260 2068 tino
285 2005 327 2068 sii
356 2016 411 2069 sta
435 2008 641 2070 dechiarato
666 2017 748 2089 post
771 2007 910 2071 termini
939 2009 1095 2089 lapsum,
1129 2017 1165 2071 et
1187 2016 1337 2071 trovano
1363 2028 1468 2070 excu-

187 2113 324 2176 satione
348 2135 414 2196 per
437 2124 540 2196 poter
564 2114 843 2198 favoreggiarIO,
868 2125 904 2178 et
929 2136 1000 2178 non
1025 2116 1043 2178 ὲ
1067 2136 1133 2197 per
1153 2114 1272 2179 niente
1287 2126 1408 2198 tempo
1431 2116 1468 2178 di

187 2220 349 2300 publicar
381 2232 506 2304 questa
530 2223 591 2306 gia
614 2225 781 2287 mandata
812 2225 943 2305 perche
974 2224 1018 2286 ne
1041 2223 1256 2287 venirebber
1286 2224 1332 2286 ad
1357 2244 1468 2287 amaz-

85 2355 87 2358 ·
188 2348 285 2390 zarse
316 2328 421 2392 etiam
444 2330 482 2393 in
505 2330 642 2413 gremio
671 2330 850 2410 Caesaris,
888 2352 958 2394 non
982 2332 1095 2394 solum
1120 2331 1273 2411 Hutten,
1305 2350 1363 2394 ma
1387 2331 1469 2394 tutti

187 2435 302 2515 questi
326 2437 454 2518 nobili,
486 2439 617 2519 perche
642 2439 819 2502 ancorche
843 2438 890 2501 lui
916 2458 987 2501 non
1016 2437 1108 2501 faeci
1132 2437 1234 2502 stima
1259 2438 1304 2501 de
1329 2458 1468 2500 excom·

187 2542 416 2607 municationi
447 2555 616 2626 quantum
648 2547 694 2608 ad
724 2547 894 2625 animam,
930 2558 1047 2608 tamen
1081 2566 1144 2627 per
1175 2546 1211 2608 13
1233 2544 1379 2608 infamia
1409 2545 1469 2609 del

186 2650 317 2712 mundo
350 2651 498 2715 farebbe
530 2673 613 2716 cose
646 2654 692 2715 da
715 2653 834 2734 pacci:
871 2655 957 2735 pero
989 2652 1153 2735 supplico
1186 2654 1252 2715 che
1276 2639 1398 2733 presto
1433 2662 1470 2716 et

187 2755 328 2819 omnino
353 2756 382 2820 si
407 2759 525 2822 mandi
549 2762 600 2823 tal
623 2763 721 2823 bulla
745 2781 845 2823 come
871 2762 1047 2824 demando
1072 2758 1239 2823 accioche
1270 2761 1305 2822 la
1328 2758 1358 2822 si
1382 2761 1468 2841 pub·

186 2862 294 2925 blichi
318 2863 354 2925 in
378 2865 485 2928 Dicta
516 2875 552 2929 et
574 2867 599 2929 il
623 2869 757 2949 populo
781 2866 878 2930 habii
902 2866 963 2950 piu
987 2877 1134 2930 terrore.
1181 2866 1221 2930 Io
1244 2867 1290 2928 ho
1313 2851 1385 2929 ben
1410 2867 1468 2929 de·

187 2968 376 3032 terminato
409 2973 466 3035 nel
500 2973 613 3054 partir
645 2973 681 3035 di
705 2972 898 3037 Germania
930 2974 986 3036 iar
1017 2973 1179 3055 publicar
1212 2978 1338 3054 questa
1369 2973 1470 3035 bulla

187 3075 293 3139 etiam
318 3088 442 3141 contra
459 3079 595 3144 Hutten
620 3091 656 3144 et
679 3103 735 3144 me
756 3081 883 3144 retirar
907 3083 941 3144 al
958 3087 1084 3145 ’securo
1110 3092 1145 3144 et
1169 3080 1260 3144 iarla
1276 3079 1470 3162 imprimet,

188 3204 243 3245 ma
269 3185 313 3246 de
337 3184 429 3248 sarla
453 3196 589 3250 mentre
614 3190 680 3251 che
709 3187 768 3270 qui
792 3189 918 3251 stiamo
943 3210 1013 3251 non
1038 3187 1122 3251 volii
1147 3187 1216 3251 Dio
1240 3188 1372 3271 perche
1397 3209 1467 3251 non

186 3291 406 3373 giovarebbe
431 3295 500 3357 3113
525 3315 632 3358 causa
660 3305 695 3359 et
717 3297 934 3377 privarebbe
958 3295 1039 3358 tutti
1064 3294 1122 3358 noi
1147 3295 1242 3359 della
1265 3294 1348 3357 vita.

277 3399 323 3460 Di
354 3412 479 3481 questa
513 3401 736 3466 diffidatione
769 3402 858 3465 latta
882 3403 963 3466 tutti
997 3412 1033 3466 et
1056 3402 1184 3484 grandi
1215 3411 1250 3466 et
1274 3400 1403 3485 piccoli
1437 3400 1469 3464 ci

187 3516 343 3570 metteno
367 3509 504 3589 grande
529 3530 657 3591 paura;
682 3512 873 3573 tuttavolta
897 3510 1007 3573 siamo
1032 3508 1266 3590 determinati,
1290 3509 1322 3571 el
1345 3507 1469 3571 Caraz-

187 3616 264 3676 zolo
290 3623 326 3677 et
349 3615 383 3678 io
407 3618 518 3679 veder
541 3618 575 3679 la
599 3616 680 3697 fine,
705 3627 741 3681 et
764 3639 803 3681 se
818 3616 974 3681 Martino
989 3616 1103 3697 viene,
1128 3616 1183 3679 iar
1203 3617 1238 3679 lo
1255 3617 1320 3678 che
1336 3615 1469 3696 meglio

188 3719 280 3800 sara,
304 3733 340 3784 et
363 3743 401 3785 se
425 3743 496 3786 non
520 3724 623 3787 viene
648 3726 864 3788 demandare
887 3727 922 3788 13
946 3723 1135 3786 diffinitiva
1156 3722 1367 3786 executione
1384 3722 1469 3785 delli

189 3828 266 3891 suoi
299 3829 380 3892 libri
415 3840 450 3893 et
483 3831 528 3894 de
561 3832 692 3895 libellis
715 3832 861 3895 famosis
894 3832 1037 3912 quando
1069 3830 1176 3893 etiam
1210 3830 1305 3892 mille
1338 3837 1470 3892 mortes

189 3934 292 3998 nobis
315 3936 554 4019 imminerent,
586 3949 621 4002 et
645 3939 679 4001 in
704 3949 830 4021 questo
853 3938 1046 4001 habbiamo
1076 3937 1149 4001 fixo
1173 3938 1198 4000 il
1222 3936 1345 4019 piede,
1374 3934 1468 3998 incu-

188 4041 277 4106 tiant
307 4045 565 4125 quantumlibet
590 4046 751 4110 timorem
784 4046 887 4108 nobis
912 4045 980 4108 alii.
1029 4046 1062 4109 A
1088 4030 1139 4108 V.¹
1157 4044 1193 4108 S.
1219 4045 1315 4106 Rma
1345 4043 1468 4107 humil·

188 4161 306 4217 mente
331 4154 418 4215 baso
443 4156 476 4217 le
501 4154 605 4217 mani.
652 4153 874 4217 Wormatiae
899 4152 956 4216 die
982 4173 999 4231 5
1026 4152 1161 4234 Aprilis
1186 4151 1369 4215 MDXXI.
1400 4242 1404 4248 Ι
