3330 5580
711 458 957 530 e-ccrcea

285 592 312 683 il
339 613 456 682 Breve
482 620 586 701 quale
611 619 783 683 ricercate
808 641 915 702 sopra
946 607 1027 684 tutti
1062 606 1238 691 aCesare
1271 608 1315 688 ed
1349 609 1479 691 aicurie

193 730 317 811 parole
342 728 506 790 dimano
531 728 676 808 propria
701 728 736 789 di
761 729 801 790 N.
820 728 882 808 8‘0,
907 730 965 812 gia
982 729 1032 791 Su
1048 729 1187 794 Santila
1212 731 1234 794 l'
1251 734 1370 796 havea
1387 733 1479 797 fatto

193 838 239 898 da
263 857 300 898 se
326 846 360 897 et
385 834 464 896 sarh
489 855 555 896 con
581 834 604 897 li
629 834 708 896 altri
735 837 789 897 nel
817 857 934 898 mazzo
959 857 1025 899 con
1051 840 1085 900 le
1111 837 1242 900 minute
1267 839 1422 903 intorno.

1129 978 1231 1041 varlar
1248 977 1356 1050 lnior,

1076 1069 1434 1120 ViceCancellarius.

802 1505 854 1569 83.

460 1621 918 1701 vicecancellarius
955 1623 1204 1703 Alcandrc.

630 1767 772 1840 (Nuntiat.
792 1768 918 1826 German.
936 1769 967 1827 1..
985 1769 1036 1836 67.)

477 1889 603 1944 (Floreat.
621 1901 660 1952 14.
673 1888 736 1936 Maii
757 1898 831 1948 1521.
846 1914 881 1923 --
896 1890 1026 1937 Wormat.
1043 1902 1083 1937 22.
1097 1888 1182 1957 Maii.)

283 2015 419 2076 Perche
446 2013 490 2074 ne
515 2012 699 2093 maggiore
724 2012 767 2073 ne
793 2011 839 2072 da
863 2010 921 2072 noi
946 2011 1006 2091 piic
1039 2012 1242 2076 desiderata
1275 2016 1472 2096 allegrezza

195 2133 386 2204 potevamo
412 2140 580 2182 recavere
613 2121 678 2181 che
703 2120 748 2182 de
780 2120 967 2181 intendere
999 2122 1033 2181 la
1066 2129 1188 2198 santa,
1224 2121 1424 2184 immortale
1454 2146 1472 2185 e

193 2249 335 2310 sempre
369 2226 598 2289 memorabile
629 2247 739 2306 opera
772 2237 807 2288 et
841 2226 935 2307 pieta
970 2227 1005 2287 di
1030 2227 1161 2288 Cesare
1196 2238 1320 2290 contro
1355 2232 1472 2308 quello

193 2357 287 2399 novo
313 2335 400 2397 Ario
426 2344 460 2395 et
484 2333 722 2411 heresiarcha,
747 2335 781 2395 la
806 2334 887 2413 qual
913 2333 941 2394 si
965 2335 1034 2395 ben
1060 2337 1296 2395 conveniente
1327 2356 1348 2396 a
1374 2345 1472 2398 tanto

191 2443 406 2524 imperatore
432 2450 467 2502 et
491 2442 560 2501 alla
594 2439 802 2501 admirabile
834 2460 898 2501 sua
933 2441 1059 2519 bonta,
1095 2460 1164 2502 non
1196 2441 1231 2501 di
1264 2462 1368 2503 meno
1404 2463 1472 2505 non

193 2553 269 2612 solo
293 2552 339 2611 ha
365 2548 488 2628 impita
513 2567 568 2609 ma
594 2547 638 2607 de
663 2547 772 2607 molto
797 2555 968 2608 avanzata
990 2546 1024 2606 la
1041 2547 1278 2627 espettatione
1304 2551 1349 2609 de
1366 2549 1407 2610 N.
1425 2550 1471 2612 St.

191 2669 226 2719 et
251 2657 285 2717 di
312 2667 403 2718 tutta
427 2657 460 2717 la
486 2653 614 2716 Chiesa
640 2653 855 2724 universale
889 2656 960 2714 cosi
998 2674 1065 2714 non
1093 2653 1127 2714 vi
1161 2674 1327 2736 possemo
1359 2659 1473 2718 anche

191 2764 342 2825 rendere
368 2761 532 2844 maggior
565 2761 681 2842 gratie
713 2769 747 2821 et
781 2768 986 2821 veramente
1020 2780 1120 2823 come
1155 2761 1307 2822 scrivete
1340 2764 1418 2840 vui,
1452 2784 1472 2825 a

190 2870 344 2932 Domino
376 2868 508 2931 factum
541 2880 594 2930 est
626 2867 728 2945 illud,
765 2864 792 2927 si
827 2887 927 2928 come
969 2868 1082 2928 anche
1115 2869 1160 2928 da
1193 2867 1293 2928 Iddio
1326 2870 1344 2931 e
1379 2880 1472 2933 stato

191 2979 299 3040 eletto
325 2987 360 3039 et
384 2988 487 3058 posto
513 2976 547 3037 in
574 2977 621 3036 tal
647 2976 771 3036 culme.
820 2974 871 3034 la
900 2976 983 3053 qual
1009 2973 1159 3035 Cesarea
1186 2974 1324 3037 Maesta
1356 2996 1394 3037 se
1427 2979 1473 3039 ha

190 3084 351 3165 obligata
375 3084 409 3145 in
434 3092 610 3164 perpetuo
636 3093 760 3162 questa
786 3079 898 3142 Santa
923 3078 1017 3142 Sede
1043 3093 1077 3142 et
1095 3092 1185 3143 tutto
1212 3083 1230 3142 'l
1258 3082 1471 3146 Christiane·

191 3190 279 3253 simo
304 3203 339 3252 et
363 3212 401 3253 se
425 3192 472 3252 ha
495 3199 600 3271 posta
632 3192 681 3251 tal
716 3209 849 3250 corona
880 3188 914 3249 in
948 3208 1038 3267 capo
1073 3190 1138 3249 che
1170 3208 1309 3268 sempre
1341 3191 1472 3252 durarh

191 3298 385 3359 crescendo
410 3297 445 3358 di
463 3300 631 3359 continuo
649 3306 685 3358 et
702 3295 882 3357 alzandosi
901 3298 932 3358 el
950 3316 1053 3357 nome
1079 3315 1143 3356 suo
1168 3315 1274 3375 sopra
1299 3298 1332 3357 le
1357 3298 1471 3361 stelle.

191 3404 424 3466 Verressemo
454 3414 579 3485 potere
612 3403 813 3486 exprimere
847 3403 870 3464 il
903 3402 1035 3483 gaudio
1068 3411 1102 3462 et
1134 3401 1371 3464 satissattione
1405 3405 1473 3465 che

190 3532 234 3573 ne
258 3512 305 3572 ha
328 3530 434 3591 preso
460 3510 501 3572 N.
528 3509 579 3570 S‘0
608 3531 627 3571 e
651 3520 743 3571 tutto
776 3510 795 3570 ’1
832 3529 934 3572 sacro
964 3509 1117 3588 collegio
1152 3529 1171 3568 e
1201 3509 1277 3588 noi,
1310 3531 1367 3571 ma
1399 3531 1470 3574 non

190 3619 221 3680 ci
246 3620 348 3680 basta
373 3617 393 3679 1‘
411 3618 581 3700 ingegno
629 3615 678 3678 Su
712 3615 851 3678 Santita
883 3616 932 3697 gli
965 3618 999 3677 lo
1031 3616 1201 3677 dimostra
1234 3626 1366 3696 quanto
1398 3621 1472 3699 puo

190 3745 254 3807 per
279 3745 318 3787 su
344 3725 460 3786 Breve
486 3735 521 3787 et
545 3726 670 3786 alcone
695 3725 818 3803 parole
843 3725 887 3784 de
912 3743 991 3784 man
1017 3743 1100 3799 sua,
1137 3732 1171 3783 et
1204 3722 1264 3803 poi
1296 3723 1356 3786 alli
1389 3725 1471 3787 altri

190 3831 344 3912 signori:
381 3852 481 3894 come
505 3833 675 3893 vederete
700 3851 765 3911 per
788 3833 821 3892 le
846 3829 960 3911 copie,
985 3830 1101 3892 alcuni
1125 3832 1169 3892 de
1194 3831 1283 3893 detti
1308 3831 1417 3893 Brevi
1442 3832 1471 3894 si

189 3960 277 4002 sono
311 3939 431 4000 lassati
468 3938 502 4000 in
538 3939 666 4001 bianco
703 3938 738 3999 di
772 3958 897 4018 sopra,
934 3936 1032 3998 aecii>
1065 3938 1222 4017 possiate
1257 3939 1470 4018 presentarli

190 4066 290 4109 como
322 4045 358 4106 vi
381 4045 527 4126 parera;
563 4045 678 4106 farete
703 4046 868 4125 adunque
892 4044 952 4106 vui
983 4047 1016 4106 le
1050 4043 1280 4125 soprascritte
1312 4047 1469 4107 secondo

190 4153 224 4214 la
254 4153 390 4216 inclusa
423 4153 545 4215 notula
584 4170 650 4232 per
682 4151 816 4213 servire
845 4151 868 4213 il
904 4149 982 4212 stile
1015 4160 1051 4212 et
1082 4171 1182 4212 come
1211 4149 1245 4212 in
1277 4149 1348 4212 fine
1380 4173 1469 4215 sono

189 4259 224 4322 in
249 4261 422 4323 credenza
446 4261 490 4321 de
515 4257 595 4320 tutti
621 4259 690 4319 duo
715 4257 785 4337 vui,
809 4257 1005 4337 supplirete
1030 4279 1051 4319 a
1074 4259 1198 4333 bocca,
1223 4256 1376 4320 maxime
1401 4279 1466 4322 con

189 4367 224 4428 la
248 4387 381 4429 somma
404 4366 512 4429 bonta
538 4365 573 4427 di
600 4365 730 4427 Cesare
756 4372 790 4425 et
814 4364 945 4444 perche
970 4365 1127 4445 possiate
1151 4366 1283 4426 havere
1308 4365 1367 4426 del
1388 4385 1466 4428 con·

188 4482 312 4537 tenuto
336 4473 585 4537 informatione
610 4472 645 4533 vi
669 4471 698 4533 si
728 4471 904 4533 mandano
933 4492 1000 4533 con
1035 4472 1103 4533 essi
1140 4473 1173 4533 le
1205 4471 1347 4534 minute.
1396 4472 1467 4535 Re·

187 4581 332 4645 ferirete
355 4581 415 4663 poi
440 4580 473 4643 in
498 4600 631 4662 genere
656 4599 677 4640 a
701 4578 781 4639 tutti
798 4581 831 4640 le
846 4578 962 4659 gratie
980 4578 1206 4640 convenienti
1225 4588 1260 4639 et
1277 4579 1467 4658 petendosi

188 4689 370 4753 addolcire
404 4708 503 4751 come
527 4707 613 4769 pare
639 4685 668 4748 si
693 4686 745 4748 sia
769 4685 1017 4748 incominicato
1051 4687 1071 4747 l'
1098 4684 1255 4748 acerbita
1288 4684 1322 4747 di
1348 4688 1466 4766 quello

188 4796 305 4861 animo
330 4796 389 4859 del
404 4797 507 4859 Duca
531 4796 575 4857 de
591 4793 768 4857 Sansonia
783 4793 936 4857 feretine
953 4792 1038 4873 ogni
1056 4813 1177 4874 opera,
1202 4795 1301 4855 salva
1326 4813 1466 4875 sempre
