3330 5580
628 468 777 567 oblat)
817 464 874 520 [5⁴

109 616 353 700 Reipublicae
376 616 515 678 lactura
540 615 696 696 videtur,
725 616 754 678 si
778 615 834 676 hic
858 615 908 676 ita
932 614 1130 696 provideat,
1156 625 1193 676 ut
1217 612 1391 696 praedicti

108 725 207 787 cives
232 745 271 786 se
296 723 429 805 liquido
452 742 623 804 peccasse
654 731 884 803 cognoscant.
943 720 1067 802 Neque
1100 721 1193 784 enim
1226 721 1281 783 hic
1313 742 1389 802 spe·

107 831 259 893 randum
293 841 365 909 est,
399 840 436 892 ut
471 849 532 891 eos
563 829 785 911 indulgentia
820 828 976 910 mitiget,
1013 828 1097 908 quin
1132 828 1250 910 potius
1286 828 1391 890 etiam

109 937 289 1018 etiamque
314 936 541 998 metuendum
565 935 748 1015 existimo,
783 956 827 997 ne
858 935 887 996 si
921 934 975 996 his
1007 945 1183 997 tantorum
1219 938 1391 997 malorum

108 1043 219 1106 initiis
243 1064 312 1106 non
338 1041 451 1125 primo
476 1062 617 1124 quoque
642 1053 802 1123 tempore
827 1049 1052 1121 occurratur,
1088 1042 1324 1123 gliscentibus
1355 1042 1389 1103 in

111 1151 187 1213 dies
211 1151 280 1212 hoc
310 1169 426 1230 genus
456 1149 648 1211 factionum
681 1148 810 1228 turbis,
844 1169 914 1211 non
949 1149 1097 1232 perinde
1128 1160 1255 1231 postea
1285 1148 1391 1210 facile

112 1256 237 1320 obsisti
260 1255 374 1337 possit
397 1257 540 1338 quando
563 1254 598 1318 in
624 1258 718 1317 hunc
741 1256 829 1318 istos
853 1257 995 1317 modum
1019 1255 1210 1334 cernimus,
1234 1256 1269 1318 in
1294 1256 1389 1318 dete·

111 1363 206 1426 riora
230 1361 389 1445 quotidie
413 1362 563 1444 prolabi.
610 1362 751 1425 Interea
775 1382 879 1444 quam
905 1361 1129 1425 foelicissime
1153 1363 1272 1424 valeat
1297 1363 1335 1425 T.
1355 1360 1390 1426 S.

112 1469 167 1534 cui
188 1489 245 1532 me
260 1477 372 1531 totum
388 1489 492 1550 quam
509 1489 653 1550 possum
669 1468 986 1549 obsequentissime
1002 1470 1164 1531 devoveo
1182 1469 1390 1550 dedicoque.

201 1592 368 1673 Lugduni
392 1592 527 1656 Mensis
550 1593 670 1656 Martii
697 1592 780 1657 XII.

325 1716 365 1781 E.
390 1715 427 1782 S.
451 1717 491 1780 T.

842 1833 1001 1882 Humillima
1019 1834 1145 1882 Creatura

707 1933 740 1978 lo
760 1931 949 1980 Cardinalis
968 1933 1005 1979 de
1026 1932 1258 1994 Lothoringia.

651 2145 664 2154 a
676 2145 790 2155 auxumam
794 2144 856 2155 »νννυ

522 2375 690 2454 Eiusdem
718 2375 983 2476 postscriptum.

717 2517 790 2579 198.

486 2769 611 2838 (utem
629 2769 748 2842 Princip.
766 2770 827 2828 Vol.
845 2770 867 2828 1.
885 2770 951 2843 fossl.
970 2771 1022 2843 sl.)

611 2879 666 2946 (12.
688 2881 777 2929 Martii
801 2880 887 2947 15²5·)

204 3023 334 3101 Hodie,
358 3042 464 3103 quum
488 3022 593 3084 hasce
619 3022 740 3083 literas
757 3021 945 3084 tabellario
963 3033 1145 3104 postarum
1162 3024 1207 3084 ad
1227 3024 1273 3087 R.
1292 3025 1334 3086 D.
1352 3023 1396 3087 V.

121 3131 349 3214 perferendas
373 3140 585 3205 statueram,
611 3138 785 3191 venerunt
809 3130 877 3191 huc
902 3130 972 3190 duo
997 3130 1144 3191 comites
1167 3151 1236 3192 non
1263 3151 1397 3212 parvae

119 3236 327 3300 conditionis
351 3235 385 3297 in
411 3244 486 3296 toto
511 3235 676 3317 Imperi0,
693 3235 752 3316 qui
768 3238 966 3298 retulerunt
991 3236 1074 3298 mihi
1095 3236 1187 3299 inter
1204 3237 1284 3317 alia,
1300 3239 1394 3319 quod

120 3341 450 3407 Reverendissimus
465 3342 637 3404 Dominus
647 3343 801 3422 legatus
819 3341 1035 3425 Campegius
1049 3343 1117 3406 iam
1131 3344 1205 3407 fere
1217 3345 1396 3407 Bohemos

120 3454 162 3512 ab
186 3448 367 3512 erroribus
391 3449 462 3511 suis
486 3460 716 3529 avocaverat,
751 3460 786 3511 et
818 3470 862 3512 eo
885 3470 959 3511 rem
985 3450 1202 3530 deduxerat,
1235 3462 1273 3512 ut
1305 3454 1397 3513 bene

119 3557 161 3620 de
185 3555 237 3620 eis
261 3557 492 3638 sperabatur:
530 3576 651 3618 verum
677 3557 847 3619 timebant
878 3559 970 3618 hanc
1000 3556 1220 3618 Sanctissimi
1256 3558 1398 3619 Domini

119 3662 239 3726 Nostri
260 3663 296 3725 in
321 3661 462 3726 Gallum
486 3661 749 3726 inclinationem
775 3684 880 3745 posse
903 3684 965 3725 eos
981 3661 1141 3725 fortassis
1158 3666 1203 3725 ab
1229 3664 1398 3726 institutis

120 3789 313 3834 removere.

205 3896 400 3958 Praeterea
424 3897 530 3956 modo
554 3915 620 3976 per
644 3893 869 3957 Germaniam
894 3915 992 3957 more
1016 3895 1228 3957 hebreorum
1254 3895 1396 3956 circum-

119 4002 269 4065 cidendo
293 4001 490 4064 Infantulos
507 4011 609 4064 natos
634 4004 736 4084 (proh
762 4002 877 4084 dolor)
901 4001 1072 4083 baptisari
1095 4013 1271 4068 asserunt:
1297 4022 1396 4082 quor-

120 4130 192 4173 sum
218 4119 290 4172 tum
316 4110 403 4171 haec
429 4110 587 4188 tendant,
610 4109 735 4190 juditio
760 4109 807 4171 R.
833 4109 876 4173 D.
903 4109 945 4170 V.
971 4109 1200 4190 cogitandum
1225 4109 1397 4188 relinquo,
