3330 5580
704 458 951 516 *Obddll*

187 608 238 668 d¹¹⁸
261 625 360 669 meus
385 604 542 667 datarius
567 605 723 666 debeant
746 613 882 667 mature
898 603 1058 686 cogitare
1074 604 1119 667 de
1135 603 1178 666 iis
1195 624 1287 686 quae
1311 605 1358 667 ad
1382 606 1479 667 hanc

188 711 371 775 materiam
387 710 578 792 pertinent,
594 709 800 792 imponendi
817 710 953 773 scilicet
969 710 1005 774 in
1022 709 1174 792 gratiam
1188 710 1325 775 Erasmi
1342 711 1480 775 silentii

189 819 257 882 illis
282 838 429 902 quorum
459 817 607 880 libertas
637 816 736 879 vocis
760 816 793 879 in
820 814 1030 880 damnandis
1062 817 1156 881 illius
1190 818 1373 881 erroribus
1408 821 1479 881 col-

190 927 368 990 laudanda
393 936 428 988 et
452 924 646 988 excitanda
675 944 754 986 esse
785 924 985 1004 videretur,
1022 946 1066 989 ne
1102 946 1181 988 curn
1205 924 1418 989 satisfacere
1444 935 1480 988 et

188 1035 331 1116 placere
356 1033 518 1095 volentes
542 1033 671 1093 multos
696 1033 804 1112 longe
820 1032 1044 1113 synceriores
1061 1043 1096 1095 et
1111 1033 1225 1114 magis
1251 1032 1480 1095 necessarios

189 1142 403 1223 languentes
437 1159 479 1201 ac
504 1137 645 1220 tepidos
680 1139 843 1200 reddant.
896 1138 1020 1220 Neque
1053 1139 1147 1202 euim
1177 1153 1305 1220 putare
1341 1140 1480 1203 debent

189 1249 301 1310 latere
325 1266 430 1328 posse
456 1256 567 1308 totum
591 1247 759 1307 mundum
793 1249 888 1327 quod
918 1248 985 1308 hac
1014 1267 1052 1309 re
1083 1244 1118 1308 in
1152 1245 1303 1328 gratiam
1336 1246 1478 1310 Erasini

190 1363 313 1416 contra
345 1352 462 1415 dictos
493 1353 582 1414 duos
617 1352 822 1433 Theologos
854 1351 1109 1433 providerunt;
1142 1373 1220 1415 curn
1256 1355 1480 1417 credendum

191 1471 235 1523 stt
259 1460 355 1523 illum
381 1461 426 1522 de
450 1461 519 1523 hoc
544 1459 638 1540 apud
665 1479 787 1521 omnes
812 1459 917 1521 etiarn
950 1459 1091 1542 scriptis
1119 1459 1271 1540 publicis
1305 1463 1476 1542 gloriatu-

191 1588 277 1646 rum,
302 1566 598 1648 quemadmodum
624 1567 734 1628 breve
758 1567 937 1646 quoddam
962 1586 1032 1648 quo
1058 1563 1136 1629 ΒΜ
1155 1567 1197 1630 D.
1221 1567 1261 1629 N.
1283 1569 1341 1629 vel
1361 1567 1479 1630 Reve-

192 1676 225 1736 d.
250 1673 417 1736 Datarius
442 1674 489 1735 δῖ’
518 1672 592 1737 eius
617 1672 757 1735 nomine
783 1673 814 1734 ei
851 1673 1029 1754 pollicitus
1056 1672 1164 1735 fuerit
1198 1672 1302 1736 dictis
1330 1674 1475 1737 duobus

195 1780 373 1862 theologis
397 1780 573 1843 silentium
590 1779 785 1860 imponere,
810 1800 889 1842 eurn
908 1779 1015 1843 audio
1040 1801 1061 1841 a
1077 1781 1327 1862 calcographis
1345 1782 1479 1844 excudi

193 1912 233 1952 ac
258 1888 399 1971 vulgari
430 1888 568 1951 fecisse.
625 1887 725 1968 Quae
761 1887 923 1950 nimirum
959 1885 1050 1949 ratio
1086 1906 1142 1949 me
1175 1886 1285 1950 movit
1321 1909 1366 1950 ne
1408 1888 1479 1970 ipsi

191 1996 338 2059 Erasmo
363 1993 549 2076 quicquam
568 1993 770 2076 scripserim
794 1994 839 2056 de
865 1992 1111 2055 commissione
1135 2002 1170 2055 et
1194 1995 1363 2057 mandato
1389 1996 1478 2059 mihi

191 2104 236 2165 ad
262 2111 474 2166 memoratos
499 2101 588 2163 duos
611 2102 817 2182 Theologos
841 2122 862 2163 a
886 2098 980 2162 SS¹¹¹⁰
1005 2101 1047 2164 D.
1073 2099 1115 2164 N.
1140 2120 1203 2162 seu
1219 2100 1296 2163 R¹¹¹⁰
1319 2102 1382 2164 1)·ιο
1408 2103 1478 2166 Da·

191 2209 281 2272 tario
306 2207 415 2281 datis;
447 2208 542 2288 quod
575 2206 743 2270 videlicet
771 2207 930 2269 timerem
962 2226 1041 2268 eurn
1074 2206 1216 2288 scriptis
1240 2208 1312 2270 suis
1336 2211 1382 2273 de
1408 2212 1477 2272 hoc

192 2317 434 2399 gloriaturum.
482 2315 591 2376 lmmo
615 2333 702 2377 vero
727 2313 788 2375 vix
813 2313 939 2394 cuique
964 2324 1108 2395 praeter
1132 2313 1246 2377 dictos
1271 2316 1361 2379 duos
1376 2319 1477 2380 theo·

194 2427 298 2504 logos
323 2423 442 2484 dicere
468 2440 574 2483 ausus
597 2440 673 2482 sum
698 2422 743 2483 de
765 2419 1011 2483 commissione
1029 2441 1117 2499 mea,
1142 2441 1212 2502 quo
1229 2441 1287 2484 res
1303 2423 1479 2485 secretior

192 2539 406 2597 remaneret:
432 2540 580 2609 propter
605 2528 701 2608 quod
733 2537 769 2591 et
800 2527 877 2590 illos
907 2526 1005 2607 ipsos
1037 2526 1202 2590 distincte
1235 2527 1407 2610 requisivi
1432 2550 1477 2593 ne

196 2659 269 2701 rem
295 2636 540 2719 publicarent;
575 2656 655 2697 nam
680 2646 716 2698 et
739 2637 805 2697 hoc
830 2635 866 2697 in
889 2633 1066 2697 mandatis
1089 2635 1197 2697 habui
1223 2647 1359 2698 utrem
1383 2638 1476 2699 hanc

193 2755 331 2808 secreto
356 2753 391 2805 et
415 2742 490 2805 siue
516 2743 664 2803 tumultu
680 2741 1003 2823 paucisissimisque
1020 2741 1172 2804 consciis
1188 2761 1344 2823 agerem.
1370 2741 1475 2823 Quod

193 2872 298 2933 quum
322 2850 427 2911 video
453 2869 564 2911 meam
589 2848 623 2910 in
648 2850 715 2910 hoc
741 2848 949 2910 industriam
973 2868 1097 2930 parum
1122 2847 1333 2929 profecisse:
1369 2847 1474 2931 siqui-

193 2962 271 3020 dem
301 2958 423 3038 accepi
448 2957 491 3020 D.
518 2955 704 3018 Albertum
730 2955 894 3036 Pighium
918 2975 1039 3017 mense
1064 2955 1314 3036 (credollulio
1339 2958 1478 3020 dehac

193 3067 317 3128 eadem
343 3085 381 3126 re
407 3061 591 3144 scripsisse
607 3073 642 3124 et
657 3063 702 3124 ad
718 3063 913 3124 Rectorem
938 3074 973 3125 et
997 3062 1040 3123 ad
1059 3062 1277 3124 Facultatem
1302 3063 1476 3145 theologi·

193 3193 268 3235 cam
293 3172 409 3234 dictae
435 3169 654 3232 Academiae
678 3189 740 3232 seu
767 3168 1017 3231 Universitatis
1043 3169 1290 3246 Lovaniensis,
1322 3171 1477 3233 dicendo

192 3278 281 3341 S¹¹¹¹¹¹¹¹
306 3279 349 3341 D.
376 3277 416 3341 N.
443 3296 614 3357 expresse
639 3276 762 3339 iubere
786 3287 825 3337 ut
849 3275 953 3338 dictis
977 3276 1212 3358 Egmondano
1227 3297 1269 3339 ac
1283 3277 1477 3342 Vincentio

193 3386 368 3448 silentium
393 3389 442 3465 (ut
465 3382 678 3465 praefertur)
703 3382 942 3465 imponerent,
976 3382 1132 3463 alioquin
1162 3383 1315 3446 futurum
1343 3396 1477 3448 utnon

194 3493 269 3554 sine
293 3491 395 3573 gravi
420 3491 531 3573 ipsius
554 3490 771 3553 Academiae
789 3490 965 3552 dedecore
984 3499 1019 3552 et
1035 3489 1258 3554 incommodo
1277 3490 1350 3554 Sua
1368 3489 1476 3555 Sanc·

194 3601 276 3663 titas
300 3600 380 3662 illos
404 3609 520 3661 mutos
543 3599 727 3660 redderet:
761 3608 798 3660 ut
832 3597 899 3659 iam
931 3616 1035 3659 nemo
1067 3597 1142 3660 fere
1175 3599 1210 3659 in
1236 3599 1289 3661 his
1313 3604 1477 3680 partibus

194 3709 238 3770 sit
262 3707 321 3788 qui
346 3727 419 3769 rem
444 3708 534 3768 hanc
559 3725 629 3767 non
656 3707 711 3766 vel
736 3703 826 3766 sciat
849 3706 906 3767 vel
930 3703 1097 3768 facillime
1114 3705 1159 3767 sit
1176 3705 1336 3769 sciturus,
1369 3707 1476 3770 Unde

200 3817 339 3895 qualem
366 3813 581 3894 triumphum
607 3824 771 3893 putamus
795 3811 978 3874 Erasmum
1003 3822 1183 3891 acturum,
1208 3811 1308 3893 quasi
1336 3816 1396 3893 qui
1420 3818 1477 3877 vel

195 3920 298 3984 Sedis
325 3919 556 4003 Apostolicae
580 3917 710 3981 iudicio
736 3939 776 3980 ac
809 3938 958 3980 censura
993 3918 1177 3980 victoriam
1206 3919 1380 3982 adversus
1414 3941 1476 3982 eos

196 4028 256 4110 qui
285 4049 322 4090 se
353 4026 478 4089 merito
512 4025 546 4087 in
579 4025 696 4087 multis
720 4026 1032 4107 reprehendebant
1056 4038 1267 4088 consecutus
1298 4026 1357 4098 sit;
1393 4029 1476 4090 dum

188 4134 272 4199 illos
296 4138 543 4198 obmutescere
569 4134 722 4212 debere,
759 4153 797 4194 se
829 4152 916 4194 vero
953 4131 987 4193 in
1024 4131 1165 4212 seriptis
1196 4131 1268 4194 suis
1301 4133 1415 4196 libere
1440 4149 1476 4197 et

194 4244 271 4305 sine
296 4240 577 4305 contradictione
603 4239 667 4302 toti
691 4240 822 4301 mundo
839 4238 936 4320 loqui
952 4258 1060 4320 posse
1076 4239 1289 4301 obtinuerit?
1326 4239 1475 4320 Qualem

195 4370 279 4411 vero
306 4369 324 4411 e
351 4348 492 4409 diverso
518 4348 677 4409 dolorem
713 4356 748 4407 et
772 4346 940 4428 gemitum
973 4345 1217 4408 existimamus
1242 4346 1324 4408 inde
1349 4367 1475 4428 passos

194 4455 303 4517 fuisse
328 4475 368 4516 ac
394 4453 524 4535 iugiter
547 4453 621 4533 pati
647 4473 709 4515 eos
733 4452 946 4535 quinorunt
970 4461 1006 4515 et
1030 4452 1152 4514 vident
1178 4473 1279 4534 quam
1305 4454 1373 4516 hoc
1391 4454 1472 4517 Rei-

195 4562 360 4644 publicae
386 4561 430 4622 sit
454 4560 686 4622 damnosum?
723 4569 757 4621 et
781 4578 887 4641 quam
911 4559 1010 4621 multi
1033 4558 1116 4621 hinc
1142 4559 1211 4622 sint
1234 4560 1413 4623 animandi
1439 4578 1476 4622 ut

195 4679 276 4750 post
300 4666 531 4749 Apostolicae
557 4664 661 4729 Sedis
689 4665 944 4748 praeiudicium
975 4665 1111 4728 Erasini
1145 4667 1278 4748 scripta
1309 4668 1476 4730 libentius

195 4778 316 4857 legant
341 4787 376 4836 et
400 4773 538 4836 facilius
562 4774 710 4835 credant
735 4773 767 4834 in
794 4791 958 4855 magnum
984 4772 1177 4835 animarum
1203 4794 1344 4836 suarum
1371 4777 1474 4838 detri-
