3330 5580
718 494 775 546 0⁴33
817 493 863 547 nlt
905 491 962 545 ἰθύ

187 656 241 717 es,
270 636 448 698 audivisse
474 637 613 698 credis?
654 638 746 698 Vide
764 660 868 718 quam
894 640 927 700 in
954 650 988 699 te
1007 641 1121 700 nullus
1148 636 1190 700 sit
1215 636 1348 716 modus,
1375 652 1478 721 quam

189 745 434 825 temperantia
459 765 608 825 quamve
634 746 807 806 modestia
832 745 865 806 in
892 759 926 806 te
952 747 1182 807 desideretur.
1231 747 1335 825 Quod
1360 757 1477 808 autem

192 874 261 933 pro
296 853 554 914 deliberatione
584 864 661 930 tua,
697 873 799 932 qnam
837 853 992 913 dicturus
1025 874 1119 914 eras:
1159 853 1260 914 Velle
1294 874 1337 913 ne
1370 853 1478 913 libros

195 981 286 1040 quos
311 980 376 1040 pro
403 958 470 1019 tuis
494 958 689 1038 agnovisti,
726 970 760 1019 et
792 967 958 1019 contenta
991 958 1025 1019 in
1060 959 1193 1019 eisdem
1225 968 1418 1019 retractare
1444 969 1478 1019 et

197 1070 392 1127 revocare?
440 1065 678 1145 Conquereris
703 1064 856 1145 iniquius
881 1077 996 1125 tecum
1021 1065 1090 1144 agi,
1116 1066 1144 1126 si
1170 1086 1293 1127 omnes
1318 1067 1418 1127 simul
1444 1077 1479 1126 et

197 1173 403 1235 indistincte
437 1193 606 1233 revocare
638 1172 822 1249 amareris,
857 1193 933 1233 cum
966 1192 1035 1233 non
1069 1194 1191 1234 omnes
1220 1176 1289 1234 sint
1322 1173 1477 1234 eiusdem

199 1280 312 1341 farine
337 1291 372 1342 et
397 1279 550 1360 generis
576 1281 638 1339 sed
664 1279 799 1340 trifarie
825 1299 886 1339 eos
911 1278 1069 1358 partiris;
1095 1301 1173 1341 esse
1195 1281 1286 1342 enim
1311 1302 1380 1342 non
1406 1283 1477 1342 nul-

199 1390 259 1465 los,
287 1388 319 1448 in
347 1386 474 1467 quibus
500 1397 534 1447 et
560 1406 693 1446 morum
719 1397 754 1446 et
777 1385 859 1446 fidei
878 1386 1061 1446 materiam
1086 1386 1293 1466 simpliciter
1317 1388 1418 1463 adeo,
1444 1398 1478 1448 et

200 1494 336 1556 sincere
370 1492 650 1573 evangelicaque
676 1493 902 1567 tractaveris,
943 1505 979 1553 ut
1005 1495 1060 1553 vel
1097 1497 1142 1554 ab
1168 1493 1318 1554 inimicis
1342 1494 1477 1555 innoxii

200 1604 407 1662 habeantur.
448 1599 541 1678 Quin
559 1609 594 1660 et
610 1600 712 1661 llulla
729 1602 938 1680 apostolica.
963 1600 1118 1680 alioquin
1146 1620 1231 1662 seva
1256 1611 1290 1662 et
1315 1601 1478 1675 crudelis,

202 1708 331 1788 aliquot
357 1727 478 1767 eorum
512 1717 613 1766 extra
646 1728 775 1768 noxam
809 1718 929 1787 ponat.
978 1707 1015 1767 si
1041 1708 1120 1768 illos
1145 1728 1334 1769 revocares
1345 1757 1353 1785 ,
1391 1709 1475 1770 nihil

204 1816 293 1876 aliud
320 1833 468 1893 ageres,
506 1834 610 1895 quam
643 1824 680 1874 ut
705 1834 747 1874 ea
772 1817 959 1874 damnares
992 1834 1060 1893 que
1092 1814 1196 1875 amici
1221 1816 1320 1875 iuxta
1356 1826 1391 1875 et
1416 1816 1478 1876 ini·

204 1923 277 1983 mici
303 1925 559 2002 approbarunt.

288 2029 391 2090 Alios
416 2028 490 2089 eius
515 2028 659 2107 generis
683 2048 779 2106 esse,
805 2028 931 2108 quibus
963 2027 997 2088 in
1024 2029 1175 2108 Papam,
1206 2046 1334 2108 resque
1362 2028 1478 2108 papis-

206 2147 310 2196 tarum
338 2146 374 2196 ut
399 2135 527 2196 diceris
551 2135 738 2214 inveheris,
763 2135 972 2214 illorumque
998 2155 1123 2214 mores
1147 2135 1243 2211 vitia,
1268 2135 1406 2196 abissus
1427 2144 1477 2216 ty·

206 2242 382 2303 rannidem
409 2251 444 2302 et
467 2241 500 2301 id
528 2260 640 2320 genus
664 2242 734 2303 alia
759 2241 886 2321 carpis,
920 2261 1034 2321 neque
1059 2245 1124 2303 hos
1149 2242 1212 2302 tibi
1237 2262 1406 2303 revocare
1431 2242 1478 2303 in·

207 2357 337 2423 regrum
363 2369 453 2424 esse,
478 2369 522 2410 ne
548 2349 726 2430 tyrannidi
752 2351 860 2409 robur
884 2348 1058 2410 adiecisse
1083 2349 1254 2410 videaris:

290 2455 447 2517 Tertium
474 2477 552 2516 esse
577 2476 708 2533 eorum,
734 2476 802 2536 que
827 2455 861 2516 in
888 2458 1075 2517 nonnullos
1100 2456 1324 2536 tyrannidem
1349 2456 1479 2516 Roma-

208 2582 278 2624 nam
314 2562 509 2623 defendere
544 2572 579 2623 et
614 2562 692 2643 pias
731 2563 912 2623 doctrinas
948 2572 1026 2624 tuas
1051 2565 1269 2624 labefactare
1295 2563 1481 2624 molientes

208 2668 379 2749 scripsisti,
405 2669 484 2729 hinc
509 2669 591 2729 inde
616 2669 649 2729 in
676 2669 967 2731 altercationibus
991 2670 1231 2731 consistentia.
1280 2674 1358 2749 Que
1384 2669 1409 2730 si
1429 2691 1479 2730 re·

208 2794 358 2851 vocares,
383 2775 483 2835 fieret
512 2786 548 2835 ut
573 2787 632 2836 tuo
657 2776 855 2855 patrocinio
872 2777 1049 2857 'l‘yrannis
1066 2778 1232 2838 Romana
1253 2776 1481 2864 impotentius

209 2894 383 2963 regnaret,
410 2903 514 2961 quam
540 2900 692 2962 unquam
717 2893 822 2944 antea
847 2883 1061 2963 regnaverit.

288 2989 368 3050 Non
396 2988 449 3048 his
474 2989 627 3050 Martiae
652 2991 821 3070 dogmata
846 3000 915 3071 tua,
953 3003 987 3051 et
1004 2991 1113 3052 libros
1130 2990 1347 3052 sufficienter
1364 2989 1479 3050 distin-

208 3095 288 3157 xisti.
342 3095 428 3156 (Jum
454 3096 524 3174 illa,
561 3116 629 3175 que
653 3106 735 3176 post
760 3097 893 3158 Summi
920 3096 1101 3158 I'ontilicis
1126 3097 1336 3158 sententiam
1364 3096 1480 3157 edide=

208 3202 260 3283 ris,
290 3205 400 3284 longe
433 3204 547 3286 magis
581 3205 791 3264 detestanda
826 3204 893 3265 sint
918 3215 954 3265 et
979 3206 1196 3282 execranda,
1222 3225 1326 3284 quam
1351 3203 1481 3284 priora,

208 3328 265 3388 que
311 3289 681 3379 merito‘Jdamnanda
725 3311 937 3391 scripseras,
984 3321 1106 3391 utpote
1150 3313 1360 3390 reprobatas
1400 3310 1481 3371 olim

207 3416 342 3478 hereses
367 3403 539 3494 Johannis
565 3418 702 3498 lluysz,
739 3418 933 3479 catholicos
968 3440 1045 3478 csse
1089 3417 1247 3478 veritatis
1276 3417 1481 3494 asserentia,

208 3532 234 3582 et
257 3529 471 3586 auctoritate
496 3545 634 3585 omnem
659 3525 794 3604 pariter
819 3535 852 3585 et
872 3525 1093 3605 majestatem
1112 3523 1346 3584 Conciliorum
1363 3523 1482 3605 poeni·

208 3638 254 3690 tus
276 3630 499 3692 succidentia
525 3641 558 3691 et
583 3631 800 3694 enervantia.
848 3631 972 3711 Neque
996 3631 1050 3693 his
1068 3630 1286 3692 sufficienter
1309 3633 1352 3691 ad
1377 3630 1480 3691 inter-

208 3749 323 3819 rogata
349 3759 427 3800 mea
452 3738 687 3819 respondisti:
721 3739 806 3800 Esto
832 3739 940 3818 enim,
978 3739 1046 3800 sint
1080 3737 1190 3818 aliqui
1214 3750 1352 3798 tuorum
1378 3738 1479 3797 libro·

211 3862 274 3906 rum
311 3847 422 3921 taleS,
459 3845 518 3926 qui
556 3866 651 3907 noxa
676 3856 831 3924 careant,
865 3848 959 3927 quod
993 3857 1108 3907 tamen
1139 3866 1209 3906 non
1235 3844 1478 3911 concedimus:

211 3953 283 4013 tolle
314 3951 449 4013 infecta
480 3962 514 4013 et
548 3965 725 4014 venenata
749 3954 935 4034 dogmata,
961 3954 1046 4014 tolle
1071 3952 1189 4034 impia,
1215 3953 1299 4012 tolle
1325 3953 1479 4028 hereseS,

213 4069 239 4117 et
260 4061 423 4121 heresum
449 4060 602 4139 favores,
628 4061 712 4120 tolle
738 4060 946 4120 catholicam
971 4059 1076 4120 fidem
1101 4059 1275 4129 ledentia;
1309 4060 1353 4118 de
1385 4057 1480 4118 sanis

212 4162 283 4226 nihil
309 4166 377 4228 erit
402 4165 560 4246 periculi.
609 4168 785 4228 Caesarea
809 4187 911 4228 sacra
927 4167 1096 4246 lllajestas
1112 4165 1384 4227 clementissime
1401 4185 1478 4224 cum

213 4267 269 4332 illis
290 4275 481 4353 agendum,
507 4294 622 4353 neque
650 4276 764 4354 proba
789 4295 856 4334 una
881 4295 958 4334 cum
990 4273 1175 4354 improbis,
1208 4273 1236 4333 si
1270 4271 1479 4332 sententiam

215 4379 410 4458 mutaveriS,
449 4382 634 4461 perdenda
668 4392 702 4441 et
735 4382 913 4441 abolenda
944 4381 1039 4460 apud
1065 4380 1244 4439 Summum
1271 4377 1478 4439 Pontificem

215 4487 416 4561 procurabit.
463 4487 502 4548 si
526 4507 611 4548 vero
638 4486 671 4548 in
698 4487 844 4548 notoriis
869 4487 937 4548 tuis
954 4486 1133 4547 erroribus
1151 4496 1186 4546 et
1202 4485 1387 4546 heresibus
1402 4504 1478 4565 per-

216 4589 377 4674 vicaciter,
403 4603 440 4655 ut
465 4594 613 4674 coepisti
638 4593 841 4655 insererare
866 4613 1006 4674 perges,
1032 4592 1194 4670 indubie,
1220 4603 1258 4653 ut
1282 4591 1395 4653 omnis
1420 4601 1480 4653 tua

218 4702 361 4763 emedio
387 4702 530 4764 tollatur
555 4701 724 4763 memoria
749 4711 784 4760 et
808 4721 895 4762 sana
919 4710 955 4760 et
979 4701 1104 4762 insana
1128 4699 1264 4775 (amnia,
1298 4721 1375 4761 cum
1400 4720 1477 4761 auc-

219 4811 281 4867 tore
304 4829 366 4869 suo
403 4810 674 4869 damnabuntur.
722 4808 795 4868 Nec
832 4809 899 4868 hoc
940 4829 1066 4869 norum
1098 4820 1150 4869 est
1186 4819 1245 4869 aut
1274 4807 1480 4883 inauditum,
