3330 5580
790 819 866 884 227.

641 936 813 1017 Rorarius
843 933 1016 1015 Sodoleto.

614 1083 732 1155 (1311111.
760 1083 797 1142 at
819 1083 901 1140 (tien
924 1082 961 1140 n
988 1067 1042 1153 11.)

691 1203 744 1268 (10.
765 1202 832 1268 Julii
855 1201 942 1270 1525.)

277 1331 327 1392 Le
358 1329 427 1392 mie
457 1327 578 1391 ultime
609 1348 697 1391 sono
727 1338 818 1391 state
854 1329 900 1391 de
930 1327 992 1392 ΙΙΙ.
1023 1326 1144 1409 Dopoi
1177 1347 1216 1390 se
1248 1328 1345 1390 hebe
1382 1347 1475 1390 nova

189 1440 269 1502 chel
293 1436 548 1500 Trietestainer
578 1437 730 1499 essendo
764 1437 896 1499 andato
927 1455 1005 1498 cum
1041 1434 1150 1516 quelli
1181 1435 1312 1497 cavalli
1345 1435 1473 1497 scrisse

186 1567 252 1629 per
276 1548 365 1607 altre
389 1544 456 1616 mie
471 1545 507 1606 In
532 1564 578 1606 un
603 1563 730 1625 paesse
754 1541 810 1631 fra
841 1541 950 1605 Stiria
973 1551 1010 1605 et
1035 1538 1219 1604 Carinthia
1242 1543 1328 1623 qual
1358 1562 1397 1604 se
1425 1541 1473 1603 di-

188 1653 318 1716 manda
342 1652 629 1733 Inderslamyng‚
662 1650 687 1711 li
711 1649 835 1712 villani
868 1650 912 1712 de
941 1649 1152 1731 Saltzpurch
1183 1649 1208 1711 li
1241 1649 1406 1711 andorno
1442 1650 1474 1711 la

188 1770 293 1823 nocte
318 1769 355 1821 et
378 1768 547 1821 trovorno
572 1759 605 1820 le
620 1759 732 1820 scolte
747 1756 911 1838 imbriagi
927 1765 962 1819 et
978 1756 1004 1818 11
1019 1766 1115 1818 resto
1138 1757 1175 1818 in
1192 1758 1277 1835 leto,
1302 1769 1340 1818 et
1356 1757 1474 1819 hanno

187 1866 372 1930 ammazati
398 1886 461 1927 200
485 1865 532 1927 da
555 1866 680 1926 cavalo
714 1863 769 1926 fra
797 1863 821 1926 11
845 1863 954 1946 qualli
989 1863 1014 1925 11
1042 1883 1130 1926 sono
1163 1883 1204 1942 59
1233 1863 1349 1926 nobili
1383 1865 1475 1926 etei

188 1973 443 2037 Trietestainer
466 1992 593 2054 prese,
626 1971 732 2033 ferito
757 1970 793 2034 in
817 1990 888 2034 una
911 1972 1043 2052 gamba
1067 1982 1103 2033 et
1127 1970 1225 2033 molti
1257 1970 1339 2033 altri
1369 1971 1475 2053 presi.

188 2083 236 2144 Al
263 2090 431 2162 presente
461 2079 607 2142 intendo
641 2081 706 2140 che
736 2098 805 2159 pur
837 2080 871 2140 le
904 2087 1014 2160 gente
1047 2079 1092 2141 de
1127 2079 1163 2140 la
1195 2076 1270 2158 liga
1294 2077 1431 2140 vadino
1455 2099 1476 2140 a

187 2208 352 2252 soccorer
376 2185 573 2268 Salzpurch
597 2195 632 2248 et
657 2187 723 2248 che
747 2185 806 2266 gia
831 2186 970 2248 deveno
998 2205 1096 2247 esser
1124 2205 1165 2247 su
1190 2185 1274 2266 quel
1299 2185 1346 2246 de
1372 2185 1475 2248 Bavi-

186 2317 247 2358 era
272 2306 307 2357 et
332 2296 397 2356 che
421 2293 445 2356 li
469 2314 515 2355 va
546 2293 653 2356 etiam
678 2292 774 2354 Zorzi
799 2292 1047 2374 Fransperger
1078 2311 1156 2354 cum
1182 2291 1233 2352 III
1257 2291 1344 2354 mila
1376 2293 1479 2371 fanti,

186 2413 222 2466 et
246 2402 392 2465 intendo
417 2402 496 2463 chel
520 2400 682 2482 principe
710 2401 756 2461 ha
790 2400 949 2462 revocati
985 2400 1009 2462 11
1043 2399 1096 2462 sui
1124 2397 1242 2461 nuncii
1274 2400 1394 2461 havea
1419 2421 1480 2482 ap·

187 2530 314 2591 presso
339 2508 446 2590 quelli
471 2510 517 2570 de
541 2506 737 2589 Salzpurch
768 2527 834 2588 per
866 2527 964 2569 esser
993 2509 1127 2568 anchor
1159 2506 1206 2568 lui
1239 2506 1285 2567 de
1314 2506 1351 2567 la
1387 2507 1483 2589 Liga

190 2627 225 2680 et
254 2616 450 2677 dubitando
475 2616 541 2677 che
565 2614 784 2676 intendendo
808 2614 917 2694 quelli
941 2615 986 2675 de
1011 2610 1207 2694 Salzpurch
1236 2612 1271 2674 el
1299 2614 1406 2675 venir
1434 2615 1483 2677 de

190 2725 225 2786 13
248 2732 357 2804 gente
382 2742 452 2784 non
477 2722 501 2784 11
525 2721 705 2784 facessero
731 2720 916 2801 dispiazer.

277 2829 317 2891 Li
349 2828 471 2891 villani
505 2848 612 2909 sopra
644 2829 677 2891 el
708 2830 791 2909 lage
824 2829 869 2889 de
904 2827 1105 2891 Constanza
1133 2825 1371 2889 obsidiavano
1405 2848 1481 2891 una

188 2947 283 2999 terra
307 2936 366 2998 del
389 2935 550 3017 principe
575 2934 780 2997 dimandata
806 2932 867 2996 Sel
892 2944 928 2997 et
951 2932 1134 3015 Marchsit‚
1159 2933 1183 2996 li
1213 2932 1234 2995 ὸ
1263 2936 1402 2997 andato
1441 2937 1481 2998 in

189 3063 353 3107 soccorso
379 3052 414 3105 et
437 3044 484 3104 ha
507 3044 654 3104 reducto
679 3041 703 3103 11
728 3041 850 3103 villani
875 3044 941 3103 che
965 3062 1003 3103 se
1034 3041 1058 3103 11
1089 3042 1160 3103 11311
1191 3040 1265 3103 dati
1296 3062 1318 3103 a
1343 3042 1481 3105 discre-

191 3151 303 3230 tione,
337 3152 382 3212 de
414 3149 438 3212 11
471 3149 579 3230 qualli
610 3169 655 3211 ne
685 3148 732 3210 ha
763 3158 890 3209 cavato
917 3146 1009 3209 XVI
1034 3149 1099 3210 che
1124 3167 1211 3209 sono
1237 3147 1319 3210 stati
1344 3148 1370 3211 li
1396 3151 1483 3231 capi

193 3267 228 3320 et
257 3257 282 3319 li
312 3257 390 3319 1313
421 3254 524 3318 taliar
557 3256 591 3317 la
623 3264 732 3334 testa,
774 3256 819 3316 de
850 3264 946 3316 sorte
977 3255 1043 3316 che
1077 3275 1122 3317 ne
1150 3256 1302 3317 havemo
1335 3276 1486 3339 sempre

192 3383 262 3426 una
285 3367 379 3425 bona
404 3372 440 3424 et
462 3382 534 3424 una
557 3363 668 3425 trista.
716 3361 784 3442 Qui
808 3382 846 3424 se
871 3372 1024 3443 expecta
1049 3363 1083 3424 13
1106 3361 1228 3424 ultima
1243 3373 1411 3444 resposta
1438 3365 1486 3427 de

193 3470 309 3553 questi
334 3468 425 3533 Stati
458 3481 494 3532 et
518 3490 583 3550 per
613 3471 661 3532 tal
693 3490 801 3532 causa
834 3470 867 3531 el
897 3468 1064 3550 Principe
1094 3470 1140 3530 ha
1164 3468 1319 3531 differita
1351 3471 1387 3532 13
1419 3492 1489 3535 sua

194 3579 324 3641 andata
349 3598 370 3639 3
394 3576 573 3657 Coupaier
588 3572 643 3638 'fin
668 3599 689 3639 3
713 3576 736 3639 11
760 3576 899 3639 XVIII.
947 3576 985 3637 In
1012 3576 1216 3656 Hinspruch
1240 3577 1298 3638 die
1332 3576 1372 3638 X
1398 3577 1487 3657 Julii

193 3685 395 3748 MDXXV.

735 3897 753 3908 Λ
759 3896 873 3910 *wana
880 3897 937 3908 Μἀ.

637 4182 1048 4392 03311811180831101111.

611 4438 755 4508 (Nuntiat
774 4438 899 4497 German.
916 4436 992 4495 tm
1010 4437 1078 4507 100.)

718 4560 769 4621 (ro.
789 4557 857 4623 Julii
878 4559 963 4621 1525.)

378 4703 434 4765 De
457 4703 490 4764 le
515 4721 598 4764 cose
623 4700 668 4762 de
693 4698 885 4762 Germania
915 4720 1028 4783 penso
1060 4701 1126 4762 che
1161 4698 1207 4761 de
1237 4696 1417 4781 Inspruck
1442 4700 1487 4766 N.

206 4807 242 4873 S.
279 4809 331 4872 sia
361 4808 588 4890 pienamente
624 4807 832 4870 informato:
869 4807 1093 4870 trovandomi
1128 4805 1164 4868 in
1188 4805 1334 4870 Labaco
1370 4810 1417 4870 da
1451 4810 1488 4874 1ὸ
