3330 5580
714 460 959 517 &wib-0

189 594 420 672 Sanctissimi
459 603 601 672 Domini
646 609 756 671 nostri
798 619 833 670 et
871 605 975 670 Sedis
1019 602 1251 689 Apostolicae
1291 611 1476 693 dignitate.

189 717 304 779 'l'utto
329 737 367 779 se
392 717 531 778 rimette
556 718 625 778 alla
650 716 837 798 prudentia
858 717 903 779 de
928 716 949 777 l'
967 737 1036 778 uno
1062 727 1097 778 et
1126 718 1171 780 de
1196 718 1217 779 l'
1240 719 1341 781 altro.
1389 721 1416 781 F
1420 730 1477 782 ate

190 824 256 906 poi
282 823 564 906 ringratiamenti
598 834 634 886 et
662 822 787 885 offerte
816 823 1022 904 particulari
1053 826 1086 885 al
1116 824 1163 886 R.
1198 824 1425 904 Confessore,
1457 848 1478 889 a

192 931 425 1012 Magontino‚
450 932 701 1012 Brandeburg,
733 940 767 993 et
797 930 940 993 fratello
974 941 1009 992 et
1040 930 1064 991 il
1096 952 1250 993 vescovo
1284 935 1359 995 loro
1385 947 1420 995 et
1444 937 1477 996 al

192 1039 273 1100 Ru
304 1038 451 1101 Treveri
485 1049 520 1100 et
547 1038 605 1100 all'
637 1037 784 1100 offitiale
812 1057 876 1099 suo
909 1058 929 1099 a
961 1037 1016 1098 cui
1053 1049 1196 1118 possete
1234 1040 1311 1101 dire
1347 1040 1478 1104 Nostro

194 1144 330 1226 Signor
355 1145 485 1207 tenersi
511 1146 558 1207 lui
583 1145 753 1225 obligato,
779 1156 814 1206 et
838 1145 896 1206 del
918 1153 1085 1224 presente
1111 1147 1194 1209 delli
1210 1148 1303 1210 mille
1319 1147 1435 1211 fiorini
1460 1151 1477 1212 ὲ

194 1262 290 1314 stato
316 1254 512 1315 solamente
536 1272 602 1333 per
617 1273 662 1314 un
680 1273 804 1334 segno,
829 1273 886 1313 ma
902 1251 1039 1332 piaccia
1064 1272 1084 1313 a
1109 1253 1152 1315 N.
1177 1253 1213 1317 S.
1239 1255 1307 1316 Dio
1333 1258 1397 1318 che
1414 1277 1480 1337 per

194 1360 297 1421 detto
308 1359 355 1422 R.
367 1359 579 1422 Confessore
589 1360 769 1440 possiamo
785 1358 861 1421 fare
873 1379 918 1420 un
933 1358 969 1420 di
982 1360 1132 1440 qualche
1145 1362 1263 1442 degna
1279 1382 1477 1425 remunera·

194 1467 294 1528 tione
310 1477 345 1527 et
361 1469 475 1528 anche
489 1485 555 1548 per
568 1467 666 1528 detto
680 1465 845 1528 officiale.
878 1464 1020 1546 Quanto
1032 1487 1053 1528 a
1068 1466 1125 1528 vui
1137 1476 1233 1529 resta
1250 1470 1326 1547 che,
1344 1481 1479 1532 mentre

194 1575 231 1635 la
256 1594 341 1635 cosa
365 1574 383 1634 ὲ
408 1576 477 1635 ben
503 1573 663 1654 disposta
687 1572 877 1654 seguitiate
901 1572 973 1635 fino
998 1576 1067 1636 alla
1086 1573 1301 1654 perfettione
1326 1576 1361 1637 di
1387 1587 1478 1639 tutto

195 1679 351 1743 iacendo
376 1679 440 1741 tuti
465 1681 488 1742 li
511 1680 605 1742 soliti
629 1678 736 1741 oiiicii
761 1700 827 1760 per
851 1680 1063 1762 extinguere
1095 1681 1129 1742 in
1163 1692 1254 1743 tutto
1289 1684 1321 1744 el
1349 1686 1477 1747 veleno

196 1798 232 1849 et
264 1787 459 1850 sradicarlo
494 1788 586 1849 delle
618 1787 725 1849 menti
758 1786 815 1849 dei
847 1788 970 1870 popuii
1003 1798 1039 1849 et
1071 1810 1092 1849 a
1130 1802 1255 1870 questo
1287 1791 1342 1852 vui
1375 1813 1478 1854 mess

197 1895 420 1977 Hieronymo
444 1895 596 1956 maxime
621 1894 709 1957 siate
733 1894 880 1957 intento.

288 2002 451 2064 Havemo
487 2000 600 2063 inteso
635 2022 656 2064 a
689 2002 823 2083 longho
857 2003 903 2064 da
927 2023 1029 2064 mess.
1055 2003 1221 2084 Raphael
1255 2019 1376 2066 nostro
1411 2028 1476 2068 con

198 2120 331 2192 quanta
355 2110 438 2171 sede
464 2117 498 2169 et
524 2108 723 2171 constantia
747 2131 817 2172 non
836 2112 1001 2171 obstante
1022 2110 1102 2171 tutti
1120 2111 1148 2172 e'
1166 2111 1313 2192 pericoli
1340 2113 1371 2173 vi
1389 2113 1479 2175 siute

199 2216 343 2298 portati,
368 2218 433 2277 che
459 2216 493 2276 di
518 2225 610 2278 tutto
643 2214 692 2278 Su
725 2215 864 2278 Santitit
898 2217 944 2277 ha
974 2217 1176 2296 gratissima
1205 2221 1384 2281 memoria.
1434 2220 1477 2280 Vi

198 2324 225 2386 si
249 2326 380 2387 mando
405 2345 426 2385 a
450 2322 565 2404 questi
590 2323 626 2384 di
650 2324 684 2384 la
709 2325 865 2385 seconde
882 2326 978 2385 bolla
995 2333 1117 2386 contra
1139 2326 1292 2387 Martino
1319 2347 1337 2386 e
1362 2327 1477 2388 alcuni

200 2432 340 2514 exempi
366 2431 400 2492 di
427 2451 472 2492 un
499 2431 589 2492 libro
614 2432 673 2491 dei
697 2430 886 2492 Cardinale
918 2432 954 2491 di
979 2429 1091 2493 Santo
1122 2430 1225 2494 Sixto
1258 2432 1292 2493 in
1323 2443 1476 2514 stampat:

200 2541 285 2601 hora
311 2560 353 2599 ve
383 2559 427 2600 ne
460 2539 661 2605 mandiamo
693 2547 748 2599 tre
779 2538 858 2599 altri
891 2549 927 2599 et
955 2538 1014 2599 dui
1046 2539 1079 2601 d’
1107 2559 1151 2601 un
1189 2542 1280 2602 altro
1311 2540 1402 2602 libro
1434 2542 1478 2602 de

201 2645 290 2707 irate
316 2645 523 2712 Ambrosio:
550 2644 788 2707 comunicatili
814 2647 869 2706 col
895 2645 1012 2706 Padre
1037 2645 1250 2708 Confessore
1284 2658 1319 2708 et
1352 2668 1417 2708 con
1444 2651 1478 2710 lo

202 2751 361 2813 officiale.

288 2860 342 2921 De
367 2858 583 2939 Inghilterra
606 2860 758 2921 havemo
784 2880 876 2922 nove
900 2858 1041 2921 fresche
1066 2880 1168 2921 como
1194 2863 1276 2941 quel
1301 2862 1359 2922 Re
1384 2862 1401 2923 ἐ·
1427 2882 1476 2923 ar-

205 2964 405 3028 dentissimo
430 2975 554 3027 contra
579 2976 705 3045 queste
729 2965 868 3027 heresie
893 2976 928 3026 et
953 2965 989 3027 fa
1015 2986 1082 3027 non
1101 2969 1177 3029 solo
1194 2970 1364 3029 abrusare
1389 2978 1479 3029 tutte

205 3074 233 3134 le
256 3071 459 3153 malvaggie
484 3057 593 3152 opere
619 3074 663 3134 de
689 3072 859 3151 Martino,
892 3094 948 3134 ma
979 3075 1093 3135 anche
1123 3076 1189 3135 che
1213 3076 1293 3136 tutti
1320 3077 1342 3137 li
1367 3076 1478 3136 Theo-

204 3179 269 3261 logi
294 3190 330 3242 et
356 3179 444 3241 dotti
470 3179 528 3241 del
553 3179 686 3261 Regno
711 3180 874 3241 scrivano
900 3191 1023 3242 contra
1048 3181 1082 3241 di
1108 3180 1167 3259 lui,
1192 3191 1228 3243 et
1252 3183 1350 3243 moiti
1377 3182 1477 3244 affer·

207 3306 301 3350 mano
325 3288 392 3348 che
416 3286 439 3347 il
465 3286 524 3350 Re
549 3286 694 3367 proprio
719 3307 894 3367 compone
920 3299 1045 3348 contra
1069 3289 1102 3348 el
1134 3288 1243 3348 detto.
1291 3286 1478 3369 Seguitate

208 3394 256 3456 vui
290 3414 356 3456 con
391 3395 413 3455 il
438 3395 616 3455 medesmo
648 3395 777 3455 ardore
809 3395 940 3473 perche
982 3397 1015 3455 la
1050 3414 1133 3456 cosa
1166 3395 1201 3456 in
1226 3405 1352 3475 questa
1384 3399 1479 3458 bona

207 3500 431 3583 dispositione
460 3500 642 3583 perseveri
677 3508 712 3561 et
745 3500 773 3561 si
808 3502 969 3563 conduca
1002 3502 1058 3562 del
1090 3511 1182 3563 tutto
1215 3523 1237 3563 u
1270 3505 1364 3563 buon
1399 3502 1479 3565 fine.

208 3608 296 3672 Bene
322 3611 448 3671 valete.

287 3716 388 3781 Oltre
413 3715 448 3776 di
476 3723 601 3795 questo
633 3714 668 3776 vi
701 3714 900 3776 mandiamo
934 3725 987 3775 tre
1018 3717 1107 3777 altre
1139 3716 1241 3797 copie
1275 3716 1309 3777 in
1340 3728 1479 3799 stampe

210 3822 238 3883 di
268 3843 313 3886 un
339 3823 431 3884 libro
464 3821 498 3884 di
533 3820 587 3882 fra
610 3821 789 3882 Thomaso
815 3821 974 3900 Radino,
1009 3832 1044 3883 et
1077 3823 1145 3883 due
1178 3823 1213 3882 di
1244 3844 1315 3884 una
1340 3824 1477 3886 oration

209 3929 237 3990 di
265 3950 399 3993 messer
428 3928 605 3991 Giovanni
640 3927 797 3991 Antonio
832 3929 996 3990 Modesto
1007 3977 1016 4007 ,
1048 3949 1113 4008 per
1146 3929 1169 3991 il
1203 3941 1347 4009 passato
1379 3932 1477 3992 here·

208 4035 276 4099 tico.
326 4036 572 4098 Distribuitele
604 4055 705 4097 come
737 4047 771 4097 et
802 4057 823 4097 a
856 4034 912 4096 chi
937 4035 971 4096 vi
996 4055 1093 4114 pare.
1142 4036 1344 4098 Florentiae
1370 4037 1479 4099 XHII

208 4139 281 4205 Maii
306 4143 488 4205 MDXXI.

1119 4273 1163 4320 uu
1182 4266 1283 4329 tutu
1300 4266 1407 4338 trater,

1077 4362 1444 4415 vice-Cancellarius,
