3330 5580
666 503 913 559 04348ῑῶ

143 651 337 715 clementia
362 670 433 714 non
457 627 595 713 tantum'
618 661 786 731 quantum
811 649 936 711 debuit
960 650 1134 731 prodesse
1167 650 1202 712 in
1229 657 1329 711 tanta
1352 670 1429 731 per-

144 758 353 821 turbatione
377 766 576 839 temporum
591 755 735 838 profuit,
760 756 941 836 suscipere
962 766 1083 838 partes
1100 766 1136 818 et
1152 755 1286 819 animos
1310 755 1432 819 invicti

144 864 314 929 Caesaris
339 864 429 927 velis
453 884 495 926 ac
519 863 710 926 severitate
735 872 771 926 et
794 863 942 944 imperio
968 863 1129 944 efficere,
1154 874 1192 926 ut
1215 866 1303 928 haec
1328 864 1431 946 pesti-

144 972 226 1034 fera
250 990 398 1053 serpens
422 989 514 1051 quae
539 970 657 1033 omnia
680 972 765 1033 tabe
790 980 826 1032 et
848 990 988 1033 veneno
1005 971 1196 1053 permiscet
1219 981 1327 1053 atque
1352 991 1430 1032 con·

143 1082 269 1142 turbat
300 1078 392 1141 iusta
422 1077 730 1141 animadversione
764 1078 852 1140 elisa
883 1088 990 1160 atque
1016 1078 1209 1158 confracta,
1240 1078 1431 1159 aliquando

147 1207 229 1249 cum
264 1184 492 1250 Germaniam
523 1185 637 1268 ipsam
674 1186 797 1248 sedem
831 1187 876 1248 ad
910 1184 1175 1248 fundamentum
1210 1185 1348 1267 imperii
1382 1184 1433 1247 tui

148 1303 221 1356 tum
254 1292 456 1355 universam
489 1290 782 1355 christianitatem
816 1291 965 1355 liberam
995 1302 1230 1374 pacatamque
1262 1292 1431 1354 dimittat:

151 1399 325 1480 Quoniam
351 1399 380 1462 si
403 1399 459 1461 his
483 1409 684 1482 opportune
709 1419 778 1461 non
802 1409 1007 1461 occurratur
1030 1399 1131 1462 malis
1154 1400 1313 1482 graviter
1337 1400 1432 1461 time·

155 1526 239 1584 mus,
264 1527 310 1570 ne
335 1518 463 1569 cuncta
486 1506 520 1568 in
547 1526 651 1568 unam
683 1507 936 1587 pertrahantur
969 1506 1124 1585 ruinam,
1157 1506 1247 1568 sicut
1277 1509 1322 1567 ab
1354 1505 1432 1587 ipso

156 1613 367 1676 Baldassare
391 1613 521 1675 nuncio
546 1622 667 1675 nostro
692 1610 874 1676 Serenitas
899 1623 959 1675 tua
987 1612 1138 1695 amplius
1171 1612 1347 1693 intelliget
1377 1611 1433 1673 cui

154 1719 258 1782 tidem
283 1729 318 1782 et
342 1720 573 1783 attentionem
597 1719 704 1781 animi
727 1722 881 1800 prebere
905 1740 976 1781 non
1000 1719 1217 1800 gravabitur.

243 1828 373 1889 Datum
405 1828 546 1890 Romae
577 1837 644 1890 etc.
676 1826 733 1890 die
766 1827 917 1908 septima
949 1825 1044 1906 Junii
1077 1825 1278 1889 MDXXV.
1326 1825 1432 1887 Anno

157 1934 331 1999 Secundo

764 2397 829 2460 223

587 2512 798 2614 Campegius
827 2510 998 2594 Sadoleto.

559 2659 700 2729 (limitat.
720 2659 846 2718 German
864 2658 939 2718 lm
957 2659 1023 2721 10³.)

661 2778 715 2847 (18.
735 2781 818 2846 Junii.
843 2779 930 2847 1525.)

332 2902 434 2966 Circa
477 2903 501 2965 li
539 2905 677 2967 tumulti
717 2904 752 2966 di
784 2902 977 2967 Germania
1010 2913 1045 2965 et
1076 2903 1229 2966 maxime
1262 2914 1386 2965 contra
1416 2902 1439 2964 il

162 3010 327 3092 Principe
352 3010 393 3072 N.
420 3008 455 3073 S.
483 3021 519 3073 et
542 3011 586 3074 V.
612 3009 647 3073 S.
673 3013 854 3074 haverano
887 3012 947 3093 poi
979 3012 1094 3075 inteso
1124 3010 1146 3073 il
1176 3011 1316 3092 seguito
1349 3020 1441 3072 tutto

162 3130 197 3181 et
219 3121 255 3181 la
278 3138 362 3180 cosa
392 3137 480 3199 pare
512 3119 578 3179 che
613 3119 732 3199 penda
764 3118 798 3179 in
837 3119 870 3179 la
906 3118 1001 3180 dieta
1039 3120 1104 3180 che
1139 3120 1228 3180 hora
1262 3118 1371 3180 fanno
1407 3117 1442 3178 in

164 3225 335 3309 lnspruck
360 3225 454 3287 etio
479 3225 603 3287 dubito
629 3227 694 3287 che
711 3225 731 3286 ’l
757 3226 826 3287 mal
850 3225 1024 3306 consiglio
1049 3246 1119 3288 non
1145 3223 1246 3306 operi
1263 3234 1298 3285 et
1315 3224 1443 3285 induca

163 3332 198 3397 S.
223 3330 317 3395 Sertl
340 3353 362 3394 a
386 3333 536 3413 qualche
561 3351 644 3393 cosa
670 3352 749 3394 men
774 3332 895 3413 degna
919 3331 954 3393 di
980 3352 1037 3410 se,
1067 3341 1103 3394 et
1135 3330 1171 3393 in
1200 3341 1292 3394 tutto
1317 3351 1444 3393 aversa

164 3450 198 3503 et
221 3439 399 3503 contraria
424 3440 494 3501 allo
519 3438 635 3501 animo
660 3459 724 3501 suo
756 3432 892 3518 buon0,
922 3458 1023 3501 come
1059 3439 1088 3500 si
1121 3439 1212 3500 vede
1248 3437 1282 3500 in
1319 3446 1444 3518 questo

164 3545 355 3628 principio,
388 3557 424 3606 et
453 3547 589 3608 bench&
619 3547 666 3607 lui
697 3546 798 3628 pensi
824 3544 858 3607 di
884 3545 1060 3628 ingannar
1083 3545 1190 3627 quelli
1218 3544 1355 3623 villani,
1380 3564 1448 3625 pur

167 3652 232 3716 l)io
256 3673 295 3714 sa
319 3672 357 3714 se
381 3652 410 3713 si
434 3652 537 3732 potri
562 3652 637 3715 fare
662 3653 722 3735 poi
747 3675 768 3714 a
792 3664 911 3734 tempo
937 3665 973 3716 et
998 3673 1096 3715 come
1114 3652 1141 3714 si
1166 3671 1289 3734 pensa,
1314 3651 1444 3733 perche

165 3761 201 3823 la
212 3770 339 3822 natura
352 3770 388 3821 et
404 3758 606 3821 movimonti
623 3760 682 3821 dei
697 3760 819 3842 populi
836 3781 906 3822 non
925 3760 952 3822 si
974 3759 1045 3839 (sic)
1065 3759 1268 3851 facilmente
1282 3759 1447 3838 regolare

165 3886 264 3930 come
289 3864 574 3928 ottimamentee
606 3866 831 3929 considerato
863 3869 908 3930 da
936 3868 977 3929 N.
1009 3865 1044 3930 S.
1080 3867 1114 3928 in
1147 3868 1180 3928 la
1212 3864 1445 3928 instructione

164 3974 329 4037 mandata
359 3972 393 4034 in
424 3972 612 4054 Hispagna
645 3983 680 4035 et
714 3993 813 4035 come
844 3973 903 4054 piu
936 3975 1032 4036 volte
1064 3975 1110 4035 ho
1151 3971 1292 4051 scritto,
1327 3973 1445 4053 quella

164 4081 221 4144 via
244 4081 290 4143 mi
316 4099 403 4162 pare
429 4078 531 4140 unica
555 4081 589 4141 al
613 4081 814 4161 provedere
840 4101 860 4140 a
885 4090 1009 4160 queste
1033 4078 1263 4157 fluctuationi,
1288 4089 1323 4142 et
1348 4098 1386 4140 se
1411 4079 1445 4140 la

165 4187 318 4250 Cesarea
341 4187 480 4248 Maesta
505 4187 627 4265 verri,
652 4207 751 4249 come
776 4188 903 4266 cred0,
932 4197 1023 4248 tutto
1055 4196 1181 4269 questo
1206 4187 1312 4250 luoco
1337 4205 1445 4247 ancor

165 4297 228 4358 che
253 4294 305 4357 sia
330 4294 465 4375 grande
490 4295 636 4375 passeri
661 4308 696 4358 et
721 4293 983 4374 extinguerassi
1007 4306 1139 4376 presto,
1164 4305 1200 4357 et
1223 4315 1268 4357 ne
1292 4296 1443 4356 havemo

165 4402 329 4484 exemplo
353 4421 418 4482 per
442 4402 560 4482 quello
586 4402 651 4463 che
675 4401 721 4461 ha
746 4400 835 4462 fatto
852 4402 875 4462 il
892 4402 994 4462 Duca
1019 4400 1052 4462 di
1071 4400 1212 4463 Loreno
1230 4411 1265 4463 et
1288 4400 1313 4461 il
1339 4407 1443 4462 conte

165 4509 337 4588 Palatino,
353 4510 398 4570 de
413 4507 435 4569 li
455 4509 560 4570 duchi
577 4509 622 4571 de
639 4507 793 4569 Baviera
811 4517 845 4569 et
866 4507 902 4569 di
919 4506 1086 4588 Saxonis,
1105 4509 1161 4570 del
1178 4508 1280 4569 Duca
1293 4504 1443 4586 Giorgio

165 4628 200 4679 et
223 4617 268 4679 de
293 4617 328 4678 la
352 4615 425 4695 liga
449 4615 594 4678 suevica
618 4627 652 4678 et
677 4616 735 4678 del
759 4614 940 4677 cardinale
965 4613 1243 4697 Saltzpurgense
1278 4616 1344 4676 che
1377 4631 1444 4693 pur

165 4723 194 4786 si
217 4722 375 4786 diffende
399 4733 435 4785 et
451 4723 665 4786 -aiutandolo
690 4722 777 4785 com'
802 4721 835 4784 io
860 4721 1007 4785 intendo
1036 4723 1060 4785 li
1086 4721 1200 4785 Duchi
1225 4720 1261 4783 di
1277 4719 1443 4799 Baviera,

165 4830 254 4893 ida
277 4831 423 4894 credere
447 4832 513 4893 che
538 4832 572 4893 le
596 4850 679 4893 cose
703 4849 764 4892 soe
789 4849 828 4892 se
860 4840 1124 4911 acqueteranno
1155 4847 1255 4890 come
1288 4826 1322 4889 di
1351 4832 1442 4888 tutto

191 4974 272 5025 uum,
283 4976 426 5015 Documenta
436 4975 574 5015 Lntharana.
1264 4951 1299 5003 31
