<?xml version="1.0" encoding="UTF-8"?>
<!DOCTYPE html PUBLIC "-//W3C//DTD XHTML 1.0 Transitional//EN"
    "http://www.w3.org/TR/xhtml1/DTD/xhtml1-transitional.dtd">
<html xmlns="http://www.w3.org/1999/xhtml" xml:lang="en" lang="en">
 <head>
  <title>
</title>
<meta http-equiv="Content-Type" content="text/html;charset=utf-8" />
  <meta name='ocr-system' content='tesseract 3.04.00' />
  <meta name='ocr-capabilities' content='ocr_page ocr_carea ocr_par ocr_line ocrx_word'/>
</head>
<body>
  <div class='ocr_page' id='page_1' title='image "./monumentareform00vatigoog_0590.png"; bbox 0 0 3330 5580; ppageno 0'>
   <div class='ocr_carea' id='block_1_1' title="bbox 665 505 912 578">
    <p class='ocr_par' dir='ltr' id='par_1_1' title="bbox 665 505 912 578">
     <span class='ocr_line' id='line_1_1' title="bbox 665 505 912 578; baseline 0.008 -18"><span class='ocrx_word' id='word_1_1' title='bbox 665 505 912 578; x_wconf 48' lang='grc' dir='ltr'>&lt;ν&lt;35491&gt;4</span> 
     </span>
    </p>
   </div>
   <div class='ocr_carea' id='block_1_2' title="bbox 144 651 1428 737">
    <p class='ocr_par' dir='ltr' id='par_1_2' title="bbox 144 651 1428 737">
     <span class='ocr_line' id='line_1_2' title="bbox 144 651 1428 737; baseline -0.002 -21"><span class='ocrx_word' id='word_1_2' title='bbox 144 654 284 737; x_wconf 91' lang='lat' dir='ltr'>cipibus</span> <span class='ocrx_word' id='word_1_3' title='bbox 319 653 526 734; x_wconf 84' lang='lat' dir='ltr'><strong>permittant</strong></span> <span class='ocrx_word' id='word_1_4' title='bbox 562 673 684 716; x_wconf 86' lang='lat' dir='ltr'>omnes</span> <span class='ocrx_word' id='word_1_5' title='bbox 722 672 836 734; x_wconf 83' lang='lat' dir='ltr'>pagos</span> <span class='ocrx_word' id='word_1_6' title='bbox 878 672 1062 734; x_wconf 88' lang='lat' dir='ltr'>quousque</span> <span class='ocrx_word' id='word_1_7' title='bbox 1098 651 1314 713; x_wconf 87' lang='lat' dir='ltr'>redemerint</span> <span class='ocrx_word' id='word_1_8' title='bbox 1350 672 1428 714; x_wconf 91' lang='lat' dir='ltr'>cum</span> 
     </span>
    </p>
   </div>
   <div class='ocr_carea' id='block_1_3' title="bbox 147 759 1428 947">
    <p class='ocr_par' dir='ltr' id='par_1_3' title="bbox 147 759 1428 947">
     <span class='ocr_line' id='line_1_3' title="bbox 147 759 424 824; baseline 0.004 -2"><span class='ocrx_word' id='word_1_9' title='bbox 147 765 190 823; x_wconf 92' lang='lat'>80</span> <span class='ocrx_word' id='word_1_10' title='bbox 202 782 268 823; x_wconf 95' lang='lat' dir='ltr'>ooo</span> <span class='ocrx_word' id='word_1_11' title='bbox 292 759 367 824; x_wconf 89' lang='lat' dir='ltr'>flor.</span> <span class='ocrx_word' id='word_1_12' title='bbox 395 806 424 823; x_wconf 90' lang='lat'>..</span> 
     </span>
     <span class='ocr_line' id='line_1_4' title="bbox 191 809 1428 947; baseline -0.002 -18"><span class='ocrx_word' id='word_1_13' title='bbox 191 809 200 839; x_wconf 73' lang='lat'>²</span> <span class='ocrx_word' id='word_1_14' title='bbox 236 868 275 929; x_wconf 94' lang='lat' dir='ltr'>ln</span> <span class='ocrx_word' id='word_1_15' title='bbox 292 865 425 947; x_wconf 82' lang='lat' dir='ltr'>Algoia</span> <span class='ocrx_word' id='word_1_16' title='bbox 449 865 626 928; x_wconf 81' lang='lat' dir='ltr'>exercitus</span> <span class='ocrx_word' id='word_1_17' title='bbox 650 867 745 947; x_wconf 86' lang='lat' dir='ltr'>ligae</span> <span class='ocrx_word' id='word_1_18' title='bbox 769 888 786 944; x_wconf 83' lang='lat'>3</span> <span class='ocrx_word' id='word_1_19' title='bbox 806 865 889 946; x_wconf 87' lang='lat' dir='ltr'>Julii</span> <span class='ocrx_word' id='word_1_20' title='bbox 906 887 926 927; x_wconf 94' lang='lat' dir='ltr'>a</span> <span class='ocrx_word' id='word_1_21' title='bbox 943 863 1110 928; x_wconf 86' lang='lat' dir='ltr'>Danubio</span> <span class='ocrx_word' id='word_1_22' title='bbox 1135 874 1259 927; x_wconf 89' lang='lat' dir='ltr'>contra</span> <span class='ocrx_word' id='word_1_23' title='bbox 1276 863 1428 946; x_wconf 86' lang='lat' dir='ltr'>Algoios</span> 
     </span>
    </p>
   </div>
   <div class='ocr_carea' id='block_1_4' title="bbox 133 971 1428 2766">
    <p class='ocr_par' dir='ltr' id='par_1_4' title="bbox 138 971 1428 1805">
     <span class='ocr_line' id='line_1_5' title="bbox 143 971 1428 1056; baseline -0.001 -21"><span class='ocrx_word' id='word_1_24' title='bbox 143 973 374 1056; x_wconf 85' lang='lat' dir='ltr'>progreditur</span> <span class='ocrx_word' id='word_1_25' title='bbox 399 983 434 1034; x_wconf 91' lang='lat' dir='ltr'>et</span> <span class='ocrx_word' id='word_1_26' title='bbox 458 973 619 1035; x_wconf 91' lang='lat' dir='ltr'>ascendit</span> <span class='ocrx_word' id='word_1_27' title='bbox 643 975 853 1055; x_wconf 79' lang='lat' dir='ltr'>pervellem</span> <span class='ocrx_word' id='word_1_28' title='bbox 880 972 1073 1035; x_wconf 88' lang='lat' dir='ltr'>Chamlach</span> <span class='ocrx_word' id='word_1_29' title='bbox 1097 971 1158 1033; x_wconf 94' lang='lat' dir='ltr'>ubi</span> <span class='ocrx_word' id='word_1_30' title='bbox 1183 971 1339 1034; x_wconf 87' lang='lat' dir='ltr'>substitit</span> <span class='ocrx_word' id='word_1_31' title='bbox 1362 992 1428 1054; x_wconf 90' lang='lat' dir='ltr'>per</span> 
     </span>
     <span class='ocr_line' id='line_1_6' title="bbox 143 1078 1425 1161; baseline -0.002 -18"><span class='ocrx_word' id='word_1_32' title='bbox 143 1093 225 1143; x_wconf 87' lang='lat' dir='ltr'>octo</span> <span class='ocrx_word' id='word_1_33' title='bbox 250 1081 327 1143; x_wconf 90' lang='lat' dir='ltr'>dies</span> <span class='ocrx_word' id='word_1_34' title='bbox 351 1079 386 1142; x_wconf 93' lang='lat' dir='ltr'>in</span> <span class='ocrx_word' id='word_1_35' title='bbox 399 1079 686 1151; x_wconf 86' lang='lat' dir='ltr'>Wattenweiler;</span> <span class='ocrx_word' id='word_1_36' title='bbox 711 1080 794 1143; x_wconf 93' lang='lat' dir='ltr'>inde</span> <span class='ocrx_word' id='word_1_37' title='bbox 818 1100 943 1142; x_wconf 90' lang='lat' dir='ltr'>versus</span> <span class='ocrx_word' id='word_1_38' title='bbox 963 1078 1168 1160; x_wconf 89' lang='lat' dir='ltr'>Memingen</span> <span class='ocrx_word' id='word_1_39' title='bbox 1194 1079 1262 1141; x_wconf 92' lang='lat' dir='ltr'>iter</span> <span class='ocrx_word' id='word_1_40' title='bbox 1285 1079 1425 1161; x_wconf 89' lang='lat' dir='ltr'>dirigit;</span> 
     </span>
     <span class='ocr_line' id='line_1_7' title="bbox 142 1183 1426 1267; baseline -0.002 -17"><span class='ocrx_word' id='word_1_41' title='bbox 142 1188 264 1251; x_wconf 89' lang='lat' dir='ltr'>rustici</span> <span class='ocrx_word' id='word_1_42' title='bbox 288 1207 376 1250; x_wconf 88' lang='lat' dir='ltr'>vero</span> <span class='ocrx_word' id='word_1_43' title='bbox 400 1186 435 1249; x_wconf 91' lang='lat' dir='ltr'>in</span> <span class='ocrx_word' id='word_1_44' title='bbox 461 1186 537 1250; x_wconf 79' lang='lat' dir='ltr'>dies</span> <span class='ocrx_word' id='word_1_45' title='bbox 561 1196 695 1267; x_wconf 87' lang='lat' dir='ltr'>augent</span> <span class='ocrx_word' id='word_1_46' title='bbox 719 1187 915 1250; x_wconf 89' lang='lat' dir='ltr'>exercitum</span> <span class='ocrx_word' id='word_1_47' title='bbox 939 1196 975 1248; x_wconf 93' lang='lat' dir='ltr'>et</span> <span class='ocrx_word' id='word_1_48' title='bbox 999 1206 1019 1247; x_wconf 99' lang='lat' dir='ltr'>a</span> <span class='ocrx_word' id='word_1_49' title='bbox 1043 1183 1157 1248; x_wconf 83' lang='lat' dir='ltr'>faciae</span> <span class='ocrx_word' id='word_1_50' title='bbox 1173 1185 1268 1267; x_wconf 85' lang='lat' dir='ltr'>ligae</span> <span class='ocrx_word' id='word_1_51' title='bbox 1284 1185 1426 1266; x_wconf 88' lang='lat' dir='ltr'>fugiunt</span> 
     </span>
     <span class='ocr_line' id='line_1_8' title="bbox 142 1291 1425 1376; baseline -0.002 -18"><span class='ocrx_word' id='word_1_52' title='bbox 142 1316 255 1376; x_wconf 90' lang='lat' dir='ltr'>usque</span> <span class='ocrx_word' id='word_1_53' title='bbox 280 1295 326 1357; x_wconf 89' lang='lat' dir='ltr'>ad</span> <span class='ocrx_word' id='word_1_54' title='bbox 339 1293 469 1356; x_wconf 90' lang='lat' dir='ltr'>flumen</span> <span class='ocrx_word' id='word_1_55' title='bbox 496 1291 629 1356; x_wconf 90' lang='lat' dir='ltr'>Luibus</span> <span class='ocrx_word' id='word_1_56' title='bbox 652 1294 712 1356; x_wconf 93' lang='lat' dir='ltr'>ubi</span> <span class='ocrx_word' id='word_1_57' title='bbox 737 1305 890 1356; x_wconf 91' lang='lat' dir='ltr'>montem</span> <span class='ocrx_word' id='word_1_58' title='bbox 915 1295 1067 1355; x_wconf 90' lang='lat' dir='ltr'>subeunt</span> <span class='ocrx_word' id='word_1_59' title='bbox 1092 1291 1306 1364; x_wconf 88' lang='lat' dir='ltr'>conflicturi;</span> <span class='ocrx_word' id='word_1_60' title='bbox 1346 1296 1425 1355; x_wconf 92' lang='lat' dir='ltr'>sub·</span> 
     </span>
     <span class='ocr_line' id='line_1_9' title="bbox 140 1399 1424 1482; baseline -0.002 -18"><span class='ocrx_word' id='word_1_61' title='bbox 140 1413 265 1464; x_wconf 82' lang='lat' dir='ltr'>secuta</span> <span class='ocrx_word' id='word_1_62' title='bbox 288 1401 363 1482; x_wconf 85' lang='lat' dir='ltr'>liga</span> <span class='ocrx_word' id='word_1_63' title='bbox 387 1400 594 1463; x_wconf 89' lang='lat' dir='ltr'>bombardis</span> <span class='ocrx_word' id='word_1_64' title='bbox 630 1420 691 1462; x_wconf 91' lang='lat' dir='ltr'>eos</span> <span class='ocrx_word' id='word_1_65' title='bbox 726 1400 937 1482; x_wconf 88' lang='lat' dir='ltr'>aggreditur</span> <span class='ocrx_word' id='word_1_66' title='bbox 961 1399 1116 1480; x_wconf 76' lang='lat' dir='ltr'>vesperi:</span> <span class='ocrx_word' id='word_1_67' title='bbox 1154 1399 1267 1461; x_wconf 88' lang='lat' dir='ltr'>territi</span> <span class='ocrx_word' id='word_1_68' title='bbox 1303 1399 1424 1461; x_wconf 81' lang='lat' dir='ltr'>rustici</span> 
     </span>
     <span class='ocr_line' id='line_1_10' title="bbox 141 1506 1424 1589; baseline -0.001 -20"><span class='ocrx_word' id='word_1_69' title='bbox 141 1507 383 1589; x_wconf 88' lang='lat' dir='ltr'>diffugierunt,</span> <span class='ocrx_word' id='word_1_70' title='bbox 408 1508 502 1569; x_wconf 91' lang='lat' dir='ltr'>unde</span> <span class='ocrx_word' id='word_1_71' title='bbox 527 1507 690 1587; x_wconf 89' lang='lat' dir='ltr'>sequenti</span> <span class='ocrx_word' id='word_1_72' title='bbox 714 1507 772 1569; x_wconf 92' lang='lat' dir='ltr'>die</span> <span class='ocrx_word' id='word_1_73' title='bbox 803 1527 836 1584; x_wconf 84' lang='lat'>¹3</span> <span class='ocrx_word' id='word_1_74' title='bbox 863 1506 947 1586; x_wconf 92' lang='lat' dir='ltr'>Julii</span> <span class='ocrx_word' id='word_1_75' title='bbox 972 1507 1017 1567; x_wconf 90' lang='lat' dir='ltr'>ad</span> <span class='ocrx_word' id='word_1_76' title='bbox 1039 1506 1190 1588; x_wconf 90' lang='lat' dir='ltr'>gratiam</span> <span class='ocrx_word' id='word_1_77' title='bbox 1207 1517 1242 1568; x_wconf 90' lang='lat' dir='ltr'>et</span> <span class='ocrx_word' id='word_1_78' title='bbox 1256 1506 1424 1568; x_wconf 92' lang='lat' dir='ltr'>iustitiam</span> 
     </span>
     <span class='ocr_line' id='line_1_11' title="bbox 139 1613 1422 1697; baseline -0.001 -21"><span class='ocrx_word' id='word_1_79' title='bbox 139 1614 277 1697; x_wconf 88' lang='lat' dir='ltr'>recepti</span> <span class='ocrx_word' id='word_1_80' title='bbox 302 1623 401 1695; x_wconf 90' lang='lat' dir='ltr'>sunt,</span> <span class='ocrx_word' id='word_1_81' title='bbox 437 1613 597 1696; x_wconf 91' lang='lat' dir='ltr'>pluribus</span> <span class='ocrx_word' id='word_1_82' title='bbox 630 1614 760 1696; x_wconf 87' lang='lat' dir='ltr'>pussim</span> <span class='ocrx_word' id='word_1_83' title='bbox 791 1614 827 1676; x_wconf 95' lang='lat' dir='ltr'>in</span> <span class='ocrx_word' id='word_1_84' title='bbox 851 1614 978 1676; x_wconf 88' lang='lat' dir='ltr'>itinere</span> <span class='ocrx_word' id='word_1_85' title='bbox 1012 1625 1047 1676; x_wconf 90' lang='lat' dir='ltr'>et</span> <span class='ocrx_word' id='word_1_86' title='bbox 1077 1613 1110 1675; x_wconf 93' lang='lat' dir='ltr'>in</span> <span class='ocrx_word' id='word_1_87' title='bbox 1137 1623 1257 1676; x_wconf 91' lang='lat' dir='ltr'>monte</span> <span class='ocrx_word' id='word_1_88' title='bbox 1281 1613 1422 1685; x_wconf 92' lang='lat' dir='ltr'>occisis;</span> 
     </span>
     <span class='ocr_line' id='line_1_12' title="bbox 138 1722 444 1805; baseline -0.003 -20"><span class='ocrx_word' id='word_1_89' title='bbox 138 1722 323 1805; x_wconf 90' lang='lat' dir='ltr'>perierunt</span> <span class='ocrx_word' id='word_1_90' title='bbox 352 1742 444 1800; x_wconf 87' lang='lat'>1400.</span> 
     </span>
    </p>

    <p class='ocr_par' dir='ltr' id='par_1_5' title="bbox 133 1826 1421 2766">
     <span class='ocr_line' id='line_1_13' title="bbox 230 1826 1421 1911; baseline -0.005 -16"><span class='ocrx_word' id='word_1_91' title='bbox 230 1829 459 1895; x_wconf 88' lang='lat' dir='ltr'>Obsederant</span> <span class='ocrx_word' id='word_1_92' title='bbox 494 1829 625 1891; x_wconf 83' lang='lat' dir='ltr'>subditi</span> <span class='ocrx_word' id='word_1_93' title='bbox 661 1828 936 1911; x_wconf 86' lang='lat' dir='ltr'>Archiepiscopi</span> <span class='ocrx_word' id='word_1_94' title='bbox 977 1826 1264 1909; x_wconf 88' lang='lat' dir='ltr'>Saltzburgensis</span> <span class='ocrx_word' id='word_1_95' title='bbox 1303 1847 1421 1890; x_wconf 88' lang='lat' dir='ltr'>arcem</span> 
     </span>
     <span class='ocr_line' id='line_1_14' title="bbox 137 1934 1421 2019; baseline -0.001 -21"><span class='ocrx_word' id='word_1_96' title='bbox 137 1935 261 2019; x_wconf 91' lang='lat' dir='ltr'>ipsius,</span> <span class='ocrx_word' id='word_1_97' title='bbox 287 1937 345 2017; x_wconf 91' lang='lat' dir='ltr'>qui</span> <span class='ocrx_word' id='word_1_98' title='bbox 371 1935 429 1998; x_wconf 92' lang='lat' dir='ltr'>diu</span> <span class='ocrx_word' id='word_1_99' title='bbox 454 1935 584 1998; x_wconf 84' lang='lat' dir='ltr'>frustra</span> <span class='ocrx_word' id='word_1_100' title='bbox 608 1935 710 2017; x_wconf 89' lang='lat' dir='ltr'>petiit</span> <span class='ocrx_word' id='word_1_101' title='bbox 735 1935 904 1998; x_wconf 88' lang='lat' dir='ltr'>auxilium</span> <span class='ocrx_word' id='word_1_102' title='bbox 935 1957 955 1997; x_wconf 94' lang='lat' dir='ltr'>a</span> <span class='ocrx_word' id='word_1_103' title='bbox 980 1935 1088 2017; x_wconf 88' lang='lat' dir='ltr'>Liga,</span> <span class='ocrx_word' id='word_1_104' title='bbox 1123 1955 1226 1997; x_wconf 92' lang='lat' dir='ltr'>nemo</span> <span class='ocrx_word' id='word_1_105' title='bbox 1260 1934 1352 1997; x_wconf 92' lang='lat' dir='ltr'>enim</span> <span class='ocrx_word' id='word_1_106' title='bbox 1389 1934 1421 1997; x_wconf 91' lang='lat' dir='ltr'>ei</span> 
     </span>
     <span class='ocr_line' id='line_1_15' title="bbox 137 2041 1419 2124; baseline -0.002 -19"><span class='ocrx_word' id='word_1_107' title='bbox 137 2043 312 2106; x_wconf 87' lang='lat' dir='ltr'>succurrit</span> <span class='ocrx_word' id='word_1_108' title='bbox 337 2043 404 2105; x_wconf 93' lang='lat' dir='ltr'>nisi</span> <span class='ocrx_word' id='word_1_109' title='bbox 429 2042 630 2105; x_wconf 90' lang='lat' dir='ltr'>Ludovicus</span> <span class='ocrx_word' id='word_1_110' title='bbox 655 2043 738 2105; x_wconf 82' lang='lat' dir='ltr'>Dux</span> <span class='ocrx_word' id='word_1_111' title='bbox 763 2042 949 2121; x_wconf 87' lang='lat' dir='ltr'>Bavariae,</span> <span class='ocrx_word' id='word_1_112' title='bbox 975 2043 1034 2124; x_wconf 91' lang='lat' dir='ltr'>qui</span> <span class='ocrx_word' id='word_1_113' title='bbox 1054 2042 1301 2123; x_wconf 89' lang='lat' dir='ltr'>septingentos</span> <span class='ocrx_word' id='word_1_114' title='bbox 1326 2041 1419 2122; x_wconf 91' lang='lat' dir='ltr'>equi-</span> 
     </span>
     <span class='ocr_line' id='line_1_16' title="bbox 136 2148 1419 2232; baseline -0.002 -21"><span class='ocrx_word' id='word_1_115' title='bbox 136 2161 192 2212; x_wconf 89' lang='lat' dir='ltr'>tes</span> <span class='ocrx_word' id='word_1_116' title='bbox 216 2149 334 2213; x_wconf 88' lang='lat' dir='ltr'>statim</span> <span class='ocrx_word' id='word_1_117' title='bbox 357 2149 392 2212; x_wconf 94' lang='lat' dir='ltr'>in</span> <span class='ocrx_word' id='word_1_118' title='bbox 418 2148 571 2212; x_wconf 91' lang='lat' dir='ltr'>confinia</span> <span class='ocrx_word' id='word_1_119' title='bbox 597 2149 707 2213; x_wconf 85' lang='lat' dir='ltr'>duxit.</span> <span class='ocrx_word' id='word_1_120' title='bbox 756 2148 934 2232; x_wconf 87' lang='lat' dir='ltr'>Georgius</span> <span class='ocrx_word' id='word_1_121' title='bbox 971 2150 1015 2210; x_wconf 89' lang='lat' dir='ltr'>de</span> <span class='ocrx_word' id='word_1_122' title='bbox 1040 2148 1248 2231; x_wconf 86' lang='lat' dir='ltr'>Fronsperg</span> <span class='ocrx_word' id='word_1_123' title='bbox 1272 2148 1419 2210; x_wconf 91' lang='lat' dir='ltr'>clarissi-</span> 
     </span>
     <span class='ocr_line' id='line_1_17' title="bbox 135 2254 1418 2338; baseline -0.002 -19"><span class='ocrx_word' id='word_1_124' title='bbox 135 2276 213 2319; x_wconf 88' lang='lat' dir='ltr'>mus</span> <span class='ocrx_word' id='word_1_125' title='bbox 237 2256 324 2319; x_wconf 92' lang='lat' dir='ltr'>belli</span> <span class='ocrx_word' id='word_1_126' title='bbox 348 2258 421 2318; x_wconf 90' lang='lat' dir='ltr'>dux</span> <span class='ocrx_word' id='word_1_127' title='bbox 445 2256 591 2338; x_wconf 88' lang='lat' dir='ltr'>collegit</span> <span class='ocrx_word' id='word_1_128' title='bbox 614 2255 774 2334; x_wconf 87' lang='lat' dir='ltr'>militem,</span> <span class='ocrx_word' id='word_1_129' title='bbox 810 2257 873 2318; x_wconf 85' lang='lat' dir='ltr'>sed</span> <span class='ocrx_word' id='word_1_130' title='bbox 911 2255 1045 2317; x_wconf 87' lang='lat' dir='ltr'>tardius</span> <span class='ocrx_word' id='word_1_131' title='bbox 1081 2275 1160 2317; x_wconf 92' lang='lat' dir='ltr'>eum</span> <span class='ocrx_word' id='word_1_132' title='bbox 1192 2254 1418 2336; x_wconf 88' lang='lat' dir='ltr'>Lantspergii</span> 
     </span>
     <span class='ocr_line' id='line_1_18' title="bbox 136 2359 1417 2444; baseline -0.001 -19"><span class='ocrx_word' id='word_1_133' title='bbox 136 2363 362 2444; x_wconf 86' lang='lat' dir='ltr'>expectavit;</span> <span class='ocrx_word' id='word_1_134' title='bbox 387 2373 521 2425; x_wconf 91' lang='lat' dir='ltr'>tantem</span> <span class='ocrx_word' id='word_1_135' title='bbox 545 2366 661 2426; x_wconf 91' lang='lat' dir='ltr'>soluto</span> <span class='ocrx_word' id='word_1_136' title='bbox 679 2362 837 2426; x_wconf 88' lang='lat' dir='ltr'>exercitu</span> <span class='ocrx_word' id='word_1_137' title='bbox 855 2363 950 2444; x_wconf 87' lang='lat' dir='ltr'>ligae</span> <span class='ocrx_word' id='word_1_138' title='bbox 966 2364 1143 2425; x_wconf 88' lang='lat' dir='ltr'>accelerat</span> <span class='ocrx_word' id='word_1_139' title='bbox 1158 2359 1417 2442; x_wconf 88' lang='lat' dir='ltr'>Saltzburgum,</span> 
     </span>
     <span class='ocr_line' id='line_1_19' title="bbox 136 2469 1416 2553; baseline -0.002 -22"><span class='ocrx_word' id='word_1_140' title='bbox 136 2472 232 2551; x_wconf 92' lang='lat' dir='ltr'>quod</span> <span class='ocrx_word' id='word_1_141' title='bbox 257 2470 371 2551; x_wconf 93' lang='lat' dir='ltr'>primo</span> <span class='ocrx_word' id='word_1_142' title='bbox 395 2470 528 2552; x_wconf 90' lang='lat' dir='ltr'>impetu</span> <span class='ocrx_word' id='word_1_143' title='bbox 553 2471 636 2532; x_wconf 91' lang='lat' dir='ltr'>dum</span> <span class='ocrx_word' id='word_1_144' title='bbox 660 2490 790 2553; x_wconf 89' lang='lat' dir='ltr'>capere</span> <span class='ocrx_word' id='word_1_145' title='bbox 814 2471 949 2547; x_wconf 89' lang='lat' dir='ltr'>tardat,</span> <span class='ocrx_word' id='word_1_146' title='bbox 983 2469 1104 2532; x_wconf 90' lang='lat' dir='ltr'>rustici</span> <span class='ocrx_word' id='word_1_147' title='bbox 1139 2469 1287 2531; x_wconf 87' lang='lat' dir='ltr'>interius</span> <span class='ocrx_word' id='word_1_148' title='bbox 1312 2470 1416 2530; x_wconf 90' lang='lat' dir='ltr'>auda·</span> 
     </span>
     <span class='ocr_line' id='line_1_20' title="bbox 135 2575 1416 2661; baseline -0.002 -22"><span class='ocrx_word' id='word_1_149' title='bbox 135 2577 250 2640; x_wconf 90' lang='lat' dir='ltr'>ciores</span> <span class='ocrx_word' id='word_1_150' title='bbox 274 2576 359 2661; x_wconf 84' lang='lat' dir='ltr'>sacti</span> <span class='ocrx_word' id='word_1_151' title='bbox 383 2576 510 2639; x_wconf 85' lang='lat' dir='ltr'>fortius</span> <span class='ocrx_word' id='word_1_152' title='bbox 534 2577 712 2639; x_wconf 89' lang='lat' dir='ltr'>resistunt.</span> <span class='ocrx_word' id='word_1_153' title='bbox 760 2577 809 2639; x_wconf 92' lang='lat' dir='ltr'>At</span> <span class='ocrx_word' id='word_1_154' title='bbox 834 2579 915 2638; x_wconf 91' lang='lat' dir='ltr'>dum</span> <span class='ocrx_word' id='word_1_155' title='bbox 940 2576 1030 2658; x_wconf 88' lang='lat' dir='ltr'>Liga</span> <span class='ocrx_word' id='word_1_156' title='bbox 1054 2575 1269 2659; x_wconf 85' lang='lat' dir='ltr'>Episcopum</span> <span class='ocrx_word' id='word_1_157' title='bbox 1293 2575 1329 2637; x_wconf 95' lang='lat' dir='ltr'>in</span> <span class='ocrx_word' id='word_1_158' title='bbox 1363 2575 1416 2637; x_wconf 93' lang='lat' dir='ltr'>sui</span> 
     </span>
     <span class='ocr_line' id='line_1_21' title="bbox 133 2683 1415 2766; baseline 0 -21"><span class='ocrx_word' id='word_1_159' title='bbox 133 2684 394 2766; x_wconf 86' lang='lat' dir='ltr'>protectionem</span> <span class='ocrx_word' id='word_1_160' title='bbox 430 2684 646 2766; x_wconf 85' lang='lat' dir='ltr'>accepisset,</span> <span class='ocrx_word' id='word_1_161' title='bbox 691 2683 882 2746; x_wconf 90' lang='lat' dir='ltr'>constituto</span> <span class='ocrx_word' id='word_1_162' title='bbox 920 2684 1020 2746; x_wconf 91' lang='lat' dir='ltr'>Duce</span> <span class='ocrx_word' id='word_1_163' title='bbox 1055 2683 1237 2745; x_wconf 88' lang='lat' dir='ltr'>Ludovico</span> <span class='ocrx_word' id='word_1_164' title='bbox 1273 2683 1415 2745; x_wconf 86' lang='lat' dir='ltr'>Bavaro</span> 
     </span>
    </p>
   </div>
   <div class='ocr_carea' id='block_1_5' title="bbox 132 2789 1414 3087">
    <p class='ocr_par' dir='ltr' id='par_1_6' title="bbox 132 2789 1414 3087">
     <span class='ocr_line' id='line_1_22' title="bbox 134 2789 1414 2874; baseline -0.003 -20"><span class='ocrx_word' id='word_1_165' title='bbox 134 2790 348 2874; x_wconf 88' lang='lat' dir='ltr'>Capitaneo,</span> <span class='ocrx_word' id='word_1_166' title='bbox 383 2790 504 2854; x_wconf 90' lang='lat' dir='ltr'>rustici</span> <span class='ocrx_word' id='word_1_167' title='bbox 537 2792 662 2855; x_wconf 89' lang='lat' dir='ltr'>timore</span> <span class='ocrx_word' id='word_1_168' title='bbox 698 2791 852 2874; x_wconf 89' lang='lat' dir='ltr'>perculsi</span> <span class='ocrx_word' id='word_1_169' title='bbox 883 2791 1033 2872; x_wconf 89' lang='lat' dir='ltr'>gratiam</span> <span class='ocrx_word' id='word_1_170' title='bbox 1059 2790 1257 2873; x_wconf 89' lang='lat' dir='ltr'>petierunt;</span> <span class='ocrx_word' id='word_1_171' title='bbox 1283 2789 1414 2870; x_wconf 91' lang='lat' dir='ltr'>sicque,</span> 
     </span>
     <span class='ocr_line' id='line_1_23' title="bbox 133 2897 1413 2982; baseline -0.002 -22"><span class='ocrx_word' id='word_1_172' title='bbox 133 2918 222 2979; x_wconf 88' lang='lat' dir='ltr'>pace</span> <span class='ocrx_word' id='word_1_173' title='bbox 246 2897 386 2961; x_wconf 86' lang='lat' dir='ltr'>firmata</span> <span class='ocrx_word' id='word_1_174' title='bbox 410 2911 446 2961; x_wconf 90' lang='lat' dir='ltr'>et</span> <span class='ocrx_word' id='word_1_175' title='bbox 469 2899 631 2961; x_wconf 91' lang='lat' dir='ltr'>restituto</span> <span class='ocrx_word' id='word_1_176' title='bbox 657 2918 848 2982; x_wconf 88' lang='lat' dir='ltr'>eposcop0,</span> <span class='ocrx_word' id='word_1_177' title='bbox 875 2898 1052 2961; x_wconf 88' lang='lat' dir='ltr'>exercitus</span> <span class='ocrx_word' id='word_1_178' title='bbox 1068 2898 1203 2960; x_wconf 85' lang='lat' dir='ltr'>solutus</span> <span class='ocrx_word' id='word_1_179' title='bbox 1219 2906 1272 2958; x_wconf 90' lang='lat' dir='ltr'>est</span> <span class='ocrx_word' id='word_1_180' title='bbox 1287 2906 1413 2977; x_wconf 90' lang='lat' dir='ltr'>quarto</span> 
     </span>
     <span class='ocr_line' id='line_1_24' title="bbox 132 3003 365 3087; baseline 0.009 -20"><span class='ocrx_word' id='word_1_181' title='bbox 132 3003 365 3087; x_wconf 89' lang='lat' dir='ltr'>Septembris.</span> 
     </span>
    </p>
   </div>
   <div class='ocr_carea' id='block_1_6' title="bbox 680 3212 868 3223">
    <p class='ocr_par' dir='ltr' id='par_1_7' title="bbox 680 3212 868 3223">
     <span class='ocr_line' id='line_1_25' title="bbox 680 3212 868 3223; baseline 0 -1"><span class='ocrx_word' id='word_1_182' title='bbox 680 3216 684 3220; x_wconf 69' lang='lat'>=</span> <span class='ocrx_word' id='word_1_183' title='bbox 690 3212 857 3223; x_wconf 51' lang='lat' dir='ltr'>usam-mas</span> <span class='ocrx_word' id='word_1_184' title='bbox 862 3214 868 3222; x_wconf 67' lang='grc' dir='ltr'>ι</span> 
     </span>
    </p>
   </div>
   <div class='ocr_carea' id='block_1_7' title="bbox 732 3442 806 3508">
    <p class='ocr_par' dir='ltr' id='par_1_8' title="bbox 732 3442 806 3508">
     <span class='ocr_line' id='line_1_26' title="bbox 732 3442 806 3508; baseline 0.041 -3"><span class='ocrx_word' id='word_1_185' title='bbox 732 3442 806 3508; x_wconf 75' lang='lat'><strong>259.</strong></span> 
     </span>
    </p>
   </div>
   <div class='ocr_carea' id='block_1_8' title="bbox 405 3556 1133 3660">
    <p class='ocr_par' dir='ltr' id='par_1_9' title="bbox 405 3556 1133 3660">
     <span class='ocr_line' id='line_1_27' title="bbox 405 3556 1133 3660; baseline 0.004 -25"><span class='ocrx_word' id='word_1_186' title='bbox 405 3556 565 3637; x_wconf 75' lang='lat' dir='ltr'>clemens</span> <span class='ocrx_word' id='word_1_187' title='bbox 592 3557 671 3638; x_wconf 82' lang='lat' dir='ltr'>VII.</span> <span class='ocrx_word' id='word_1_188' title='bbox 700 3558 884 3638; x_wconf 75' lang='lat' dir='ltr'>cardinali</span> <span class='ocrx_word' id='word_1_189' title='bbox 912 3557 1133 3660; x_wconf 81' lang='lat' dir='ltr'>Maguntino.</span> 
     </span>
    </p>
   </div>
   <div class='ocr_carea' id='block_1_9' title="bbox 317 3703 1217 3900">
    <p class='ocr_par' dir='ltr' id='par_1_10' title="bbox 317 3703 1217 3900">
     <span class='ocr_line' id='line_1_28' title="bbox 317 3703 1217 3779; baseline 0 -17"><span class='ocrx_word' id='word_1_190' title='bbox 317 3704 476 3772; x_wconf 70' lang='lat' dir='ltr'>(momentis</span> <span class='ocrx_word' id='word_1_191' title='bbox 495 3705 548 3762; x_wconf 83' lang='lat' dir='ltr'>vn</span> <span class='ocrx_word' id='word_1_192' title='bbox 566 3704 655 3779; x_wconf 72' lang='lat' dir='ltr'>Epiri.</span> <span class='ocrx_word' id='word_1_193' title='bbox 675 3706 712 3764; x_wconf 76' lang='lat' dir='ltr'>ad</span> <span class='ocrx_word' id='word_1_194' title='bbox 729 3706 819 3764; x_wconf 79' lang='lat' dir='ltr'>Prino.</span> <span class='ocrx_word' id='word_1_195' title='bbox 838 3722 888 3779; x_wconf 78' lang='lat' dir='ltr'>per</span> <span class='ocrx_word' id='word_1_196' title='bbox 906 3705 996 3765; x_wconf 69' lang='lat' dir='ltr'>dedet</span> <span class='ocrx_word' id='word_1_197' title='bbox 1015 3720 1067 3764; x_wconf 80' lang='lat' dir='ltr'>ror.</span> <span class='ocrx_word' id='word_1_198' title='bbox 1084 3703 1129 3763; x_wconf 81' lang='lat' dir='ltr'>iol.</span> <span class='ocrx_word' id='word_1_199' title='bbox 1148 3703 1217 3776; x_wconf 80' lang='lat' dir='ltr'>ut.)</span> 
     </span>
     <span class='ocr_line' id='line_1_29' title="bbox 614 3834 919 3900; baseline -0.003 -17"><span class='ocrx_word' id='word_1_200' title='bbox 614 3835 665 3895; x_wconf 84' lang='lat'>(16.</span> <span class='ocrx_word' id='word_1_201' title='bbox 686 3835 811 3884; x_wconf 89' lang='lat' dir='ltr'>Octobris</span> <span class='ocrx_word' id='word_1_202' title='bbox 834 3834 919 3900; x_wconf 80' lang='lat'>1525.)</span> 
     </span>
    </p>
   </div>
   <div class='ocr_carea' id='block_1_10' title="bbox 119 3975 1405 4919">
    <p class='ocr_par' dir='ltr' id='par_1_11' title="bbox 119 3975 1405 4919">
     <span class='ocr_line' id='line_1_30' title="bbox 214 3975 1405 4060; baseline -0.001 -21"><span class='ocrx_word' id='word_1_203' title='bbox 214 3975 444 4040; x_wconf 86' lang='lat' dir='ltr'>Gratissimas</span> <span class='ocrx_word' id='word_1_204' title='bbox 462 3977 564 4039; x_wconf 90' lang='lat' dir='ltr'>nobis</span> <span class='ocrx_word' id='word_1_205' title='bbox 585 3977 785 4059; x_wconf 87' lang='lat' dir='ltr'>accepimus</span> <span class='ocrx_word' id='word_1_206' title='bbox 802 3978 938 4039; x_wconf 88' lang='lat' dir='ltr'>litteras</span> <span class='ocrx_word' id='word_1_207' title='bbox 954 3989 1032 4040; x_wconf 85' lang='lat' dir='ltr'>tuas</span> <span class='ocrx_word' id='word_1_208' title='bbox 1047 3978 1234 4040; x_wconf 89' lang='lat' dir='ltr'>XXVIIII</span> <span class='ocrx_word' id='word_1_209' title='bbox 1250 3977 1405 4060; x_wconf 89' lang='lat' dir='ltr'>Augusti</span> 
     </span>
     <span class='ocr_line' id='line_1_31' title="bbox 124 4082 1403 4173; baseline 0.002 -29"><span class='ocrx_word' id='word_1_210' title='bbox 124 4082 236 4173; x_wconf 81' lang='lat' dir='ltr'>datas,</span> <span class='ocrx_word' id='word_1_211' title='bbox 262 4104 354 4164; x_wconf 92' lang='lat' dir='ltr'>quae</span> <span class='ocrx_word' id='word_1_212' title='bbox 379 4083 647 4146; x_wconf 81' lang='lat' dir='ltr'>excusationem</span> <span class='ocrx_word' id='word_1_213' title='bbox 671 4084 931 4164; x_wconf 90' lang='lat' dir='ltr'>quodammodo</span> <span class='ocrx_word' id='word_1_214' title='bbox 957 4083 1134 4146; x_wconf 89' lang='lat' dir='ltr'>actionum</span> <span class='ocrx_word' id='word_1_215' title='bbox 1158 4095 1297 4147; x_wconf 92' lang='lat' dir='ltr'>tuarum</span> <span class='ocrx_word' id='word_1_216' title='bbox 1323 4105 1403 4147; x_wconf 91' lang='lat' dir='ltr'>con·</span> 
     </span>
     <span class='ocr_line' id='line_1_32' title="bbox 124 4187 1404 4271; baseline 0.002 -21"><span class='ocrx_word' id='word_1_217' title='bbox 124 4187 304 4268; x_wconf 89' lang='lat' dir='ltr'>tinebant,</span> <span class='ocrx_word' id='word_1_218' title='bbox 339 4191 383 4252; x_wconf 93' lang='lat' dir='ltr'>de</span> <span class='ocrx_word' id='word_1_219' title='bbox 415 4189 470 4251; x_wconf 91' lang='lat' dir='ltr'>his</span> <span class='ocrx_word' id='word_1_220' title='bbox 504 4211 594 4271; x_wconf 88' lang='lat' dir='ltr'>quae</span> <span class='ocrx_word' id='word_1_221' title='bbox 628 4211 728 4252; x_wconf 88' lang='lat' dir='ltr'>secus</span> <span class='ocrx_word' id='word_1_222' title='bbox 760 4191 804 4251; x_wconf 91' lang='lat' dir='ltr'>de</span> <span class='ocrx_word' id='word_1_223' title='bbox 829 4201 889 4251; x_wconf 92' lang='lat' dir='ltr'>tua</span> <span class='ocrx_word' id='word_1_224' title='bbox 914 4189 1119 4271; x_wconf 87' lang='lat' dir='ltr'>integritate</span> <span class='ocrx_word' id='word_1_225' title='bbox 1144 4202 1179 4254; x_wconf 94' lang='lat' dir='ltr'>et</span> <span class='ocrx_word' id='word_1_226' title='bbox 1204 4191 1404 4254; x_wconf 91' lang='lat' dir='ltr'>constantia</span> 
     </span>
     <span class='ocr_line' id='line_1_33' title="bbox 124 4296 1404 4380; baseline 0.002 -22"><span class='ocrx_word' id='word_1_227' title='bbox 124 4305 243 4359; x_wconf 87' lang='lat' dir='ltr'>essent</span> <span class='ocrx_word' id='word_1_228' title='bbox 268 4296 463 4379; x_wconf 85' lang='lat' dir='ltr'>divulgata.</span> <span class='ocrx_word' id='word_1_229' title='bbox 511 4298 649 4378; x_wconf 88' lang='lat' dir='ltr'>Atque,</span> <span class='ocrx_word' id='word_1_230' title='bbox 675 4307 712 4358; x_wconf 91' lang='lat' dir='ltr'>ut</span> <span class='ocrx_word' id='word_1_231' title='bbox 736 4318 858 4358; x_wconf 89' lang='lat' dir='ltr'>verum</span> <span class='ocrx_word' id='word_1_232' title='bbox 883 4297 1068 4376; x_wconf 82' lang='lat' dir='ltr'>fateamur,</span> <span class='ocrx_word' id='word_1_233' title='bbox 1093 4297 1237 4361; x_wconf 85' lang='lat' dir='ltr'>fuerunt</span> <span class='ocrx_word' id='word_1_234' title='bbox 1261 4298 1404 4380; x_wconf 90' lang='lat' dir='ltr'>quidem</span> 
     </span>
     <span class='ocr_line' id='line_1_34' title="bbox 123 4402 1401 4488; baseline 0.003 -24"><span class='ocrx_word' id='word_1_235' title='bbox 123 4403 183 4465; x_wconf 83' lang='lat' dir='ltr'>illa</span> <span class='ocrx_word' id='word_1_236' title='bbox 208 4402 413 4466; x_wconf 86' lang='lat' dir='ltr'>circumlata</span> <span class='ocrx_word' id='word_1_237' title='bbox 438 4404 659 4466; x_wconf 91' lang='lat' dir='ltr'>sermonibus</span> <span class='ocrx_word' id='word_1_238' title='bbox 691 4406 736 4466; x_wconf 92' lang='lat' dir='ltr'>ad</span> <span class='ocrx_word' id='word_1_239' title='bbox 770 4425 944 4487; x_wconf 85' lang='lat' dir='ltr'>auresque</span> <span class='ocrx_word' id='word_1_240' title='bbox 980 4417 1119 4469; x_wconf 90' lang='lat' dir='ltr'>nostras</span> <span class='ocrx_word' id='word_1_241' title='bbox 1143 4415 1401 4488; x_wconf 89' lang='lat' dir='ltr'>pervenerunt;</span> 
     </span>
     <span class='ocr_line' id='line_1_35' title="bbox 127 4509 1402 4597; baseline 0.005 -27"><span class='ocrx_word' id='word_1_242' title='bbox 127 4510 190 4571; x_wconf 89' lang='lat' dir='ltr'>sed</span> <span class='ocrx_word' id='word_1_243' title='bbox 215 4530 280 4571; x_wconf 92' lang='lat' dir='ltr'>nos</span> <span class='ocrx_word' id='word_1_244' title='bbox 305 4511 362 4591; x_wconf 91' lang='lat' dir='ltr'>qui</span> <span class='ocrx_word' id='word_1_245' title='bbox 395 4509 719 4591; x_wconf 88' lang='lat' dir='ltr'>circumspectionis</span> <span class='ocrx_word' id='word_1_246' title='bbox 744 4523 825 4574; x_wconf 83' lang='lat' dir='ltr'>tuae</span> <span class='ocrx_word' id='word_1_247' title='bbox 850 4513 1003 4576; x_wconf 90' lang='lat' dir='ltr'>animum</span> <span class='ocrx_word' id='word_1_248' title='bbox 1020 4516 1234 4596; x_wconf 89' lang='lat' dir='ltr'>plenamque</span> <span class='ocrx_word' id='word_1_249' title='bbox 1258 4514 1402 4597; x_wconf 91' lang='lat' dir='ltr'>pietatis</span> 
     </span>
     <span class='ocr_line' id='line_1_36' title="bbox 122 4620 1400 4699; baseline 0.005 -22"><span class='ocrx_word' id='word_1_250' title='bbox 122 4627 275 4678; x_wconf 91' lang='lat' dir='ltr'>mentem</span> <span class='ocrx_word' id='word_1_251' title='bbox 299 4620 624 4697; x_wconf 77' lang='lat' dir='ltr'>cognoscebamus,</span> <span class='ocrx_word' id='word_1_252' title='bbox 650 4638 826 4699; x_wconf 87' lang='lat' dir='ltr'>nunquam</span> <span class='ocrx_word' id='word_1_253' title='bbox 851 4620 1028 4699; x_wconf 89' lang='lat' dir='ltr'>potuimus</span> <span class='ocrx_word' id='word_1_254' title='bbox 1053 4620 1180 4682; x_wconf 89' lang='lat' dir='ltr'>adduci</span> <span class='ocrx_word' id='word_1_255' title='bbox 1216 4632 1253 4682; x_wconf 91' lang='lat' dir='ltr'>ut</span> <span class='ocrx_word' id='word_1_256' title='bbox 1282 4622 1400 4684; x_wconf 90' lang='lat' dir='ltr'>crede-</span> 
     </span>
     <span class='ocr_line' id='line_1_37' title="bbox 120 4724 1400 4808; baseline 0.007 -24"><span class='ocrx_word' id='word_1_257' title='bbox 120 4742 238 4786; x_wconf 91' lang='lat' dir='ltr'>remus</span> <span class='ocrx_word' id='word_1_258' title='bbox 262 4734 399 4786; x_wconf 89' lang='lat' dir='ltr'>tantum</span> <span class='ocrx_word' id='word_1_259' title='bbox 424 4724 524 4786; x_wconf 83' lang='lat' dir='ltr'>nefas</span> <span class='ocrx_word' id='word_1_260' title='bbox 556 4745 577 4784; x_wconf 88' lang='lat' dir='ltr'>a</span> <span class='ocrx_word' id='word_1_261' title='bbox 605 4724 665 4786; x_wconf 92' lang='lat' dir='ltr'>tali</span> <span class='ocrx_word' id='word_1_262' title='bbox 701 4736 736 4786; x_wconf 90' lang='lat' dir='ltr'>et</span> <span class='ocrx_word' id='word_1_263' title='bbox 767 4725 927 4808; x_wconf 87' lang='lat' dir='ltr'>principe</span> <span class='ocrx_word' id='word_1_264' title='bbox 958 4739 994 4788; x_wconf 90' lang='lat' dir='ltr'>et</span> <span class='ocrx_word' id='word_1_265' title='bbox 1024 4726 1196 4790; x_wconf 88' lang='lat' dir='ltr'>cardinali</span> <span class='ocrx_word' id='word_1_266' title='bbox 1228 4729 1400 4793; x_wconf 90' lang='lat' dir='ltr'>adversus</span> 
     </span>
     <span class='ocr_line' id='line_1_38' title="bbox 119 4827 1397 4919; baseline 0.007 -28"><span class='ocrx_word' id='word_1_267' title='bbox 119 4827 303 4912; x_wconf 89' lang='lat' dir='ltr'>ipsiusmet</span> <span class='ocrx_word' id='word_1_268' title='bbox 327 4832 537 4914; x_wconf 86' lang='lat' dir='ltr'>dignitatem</span> <span class='ocrx_word' id='word_1_269' title='bbox 562 4831 670 4893; x_wconf 88' lang='lat' dir='ltr'>fuisse</span> <span class='ocrx_word' id='word_1_270' title='bbox 695 4833 926 4896; x_wconf 89' lang='lat' dir='ltr'>commissum.</span> <span class='ocrx_word' id='word_1_271' title='bbox 975 4833 1213 4915; x_wconf 83' lang='lat' dir='ltr'>Quamobrem</span> <span class='ocrx_word' id='word_1_272' title='bbox 1243 4857 1313 4899; x_wconf 91' lang='lat' dir='ltr'>non</span> <span class='ocrx_word' id='word_1_273' title='bbox 1337 4858 1397 4919; x_wconf 92' lang='lat' dir='ltr'>po-</span> 
     </span>
    </p>
   </div>
   <div class='ocr_carea' id='block_1_11' title="bbox 0 0 1670 5580">
    <p class='ocr_par' dir='ltr' id='par_1_12' title="bbox 0 0 1670 5580">
     <span class='ocr_line' id='line_1_39' title="bbox 0 0 1670 5580; baseline 0 9"><span class='ocrx_word' id='word_1_274' title='bbox 0 0 1670 5580; x_wconf 95' lang='lat' dir='ltr'> </span> 
     </span>
    </p>
   </div>
  </div>
 </body>
</html>
