3330 5580
718 469 776 522 «νῦ
816 470 868 524 223
908 467 965 519 ea

186 617 288 697 apud
315 616 482 679 homines
506 615 715 696 gloriosum:
753 613 855 676 nobis
895 633 980 675 vero
1012 612 1061 674 ita
1085 622 1225 693 gratum
1251 621 1288 673 ut
1313 620 1483 692 quantum

189 723 383 786 devotioni
408 733 490 785 tuae
523 743 589 803 pro
615 743 657 784 eo
690 723 884 783 debeamus
914 721 992 781 loco
1027 730 1061 781 et
1093 729 1254 799 tempore
1286 718 1392 780 simus
1425 718 1483 779 de·

191 830 379 910 claraturi,
404 830 494 892 sicut
518 829 622 892 latius
648 838 763 890 tecum
788 826 900 889 nuntii
924 825 1035 888 nostri
1060 835 1181 888 nostro
1199 824 1339 887 nomine
1363 833 1483 905 agent,

191 938 328 1020 quibus
365 936 473 999 iidem
508 935 668 999 habebis,
716 935 847 997 Datum
871 933 1049 997 Malianae
1087 932 1145 995 die
1180 931 1242 994 IV.
1275 930 1362 992 Maii
1401 951 1479 1010 ¹521

193 1067 292 1109 anno
317 1066 425 1109 110110.

819 1508 872 1573 88.

631 1625 715 1704 leo
755 1625 798 1705 X.
838 1623 1055 1704 ludensi.

658 1771 798 1839 (ruma
819 1772 908 1831 em.
936 1772 966 1830 u.
985 1772 1037 1830 aar

604 1890 680 1958 (Cum
709 1892 803 1940 litteris
836 1904 874 1956 14.
901 1892 965 1941 Maii
998 1899 1084 1953 1521.)

292 2022 442 2082 Praeter
473 2038 600 2080 nomen
625 2016 764 2078 virtutis
789 2027 824 2079 et
848 2016 1044 2078 litterarum
1069 2037 1138 2097 quo
1164 2016 1376 2079 fraternitati
1402 2029 1482 2078 tuae

203 2129 269 2190 iam
296 2127 436 2210 pridem
461 2145 599 2186 eramus
623 2123 752 2203 affecti,
778 2145 856 2186 cum
881 2124 1161 2206 intelligeremus
1186 2134 1220 2186 te
1237 2124 1384 2206 egregia
1400 2145 1482 2204 qua-

203 2236 283 2297 dam
309 2232 445 2316 ingenii
469 2242 504 2294 et
529 2231 767 2293 doctrinarum
793 2232 897 2293 laude
922 2229 1067 2309 florere,
1092 2231 1231 2293 accedit
1255 2233 1389 2312 duplex
1412 2231 1482 2293 iam

204 2339 358 2402 officium
390 2348 428 2400 ut
453 2339 497 2402 de
523 2350 583 2401 tua
606 2337 640 2400 in
665 2359 835 2400 summum
860 2339 974 2400 Deum
1001 2338 1144 2419 pietate,
1169 2337 1204 2400 in
1229 2359 1294 2400 nos
1318 2341 1481 2419 hancque

206 2444 372 2509 Sanctam
397 2446 527 2508 Sedem
553 2445 816 2507 observantiam
841 2444 998 2506 iudicare
1023 2445 1159 2525 liquido
1183 2446 1376 2527 possimus;
1402 2466 1482 2507 nam

205 2553 237 2615 in
271 2555 340 2615 hac
365 2554 446 2615 labe
478 2552 650 2634 pestifera
674 2572 765 2633 quae
790 2573 855 2634 per
877 2551 1094 2633 impietatem
1120 2559 1155 2614 et
1179 2554 1295 2614 scelus
1319 2553 1482 2615 lutheria-

206 2681 285 2723 num
309 2659 345 2722 in
370 2658 493 2741 gregis
529 2658 632 2721 nobis
656 2658 780 2721 crediti
806 2659 1000 2739 perniciem
1037 2658 1143 2721 latius
1179 2661 1366 2739 manabat,
1402 2680 1481 2722 cum

207 2767 323 2830 talium
348 2767 503 2828 virorum
529 2765 643 2847 qualis
667 2786 705 2828 es
730 2776 766 2828 tu
791 2766 971 2846 praesidio
995 2765 1028 2827 in
1045 2764 1168 2847 primis
1185 2765 1386 2829 Christiana
1401 2786 1481 2847 ege·

207 2884 256 2936 ret
279 2872 500 2955 respublica,
530 2872 716 2955 suscepisti
749 2882 785 2934 tu
819 2894 944 2935 munus
969 2893 1037 2936 non
1063 2874 1177 2935 solum
1200 2873 1331 2954 agendi
1357 2885 1392 2935 et
1416 2894 1481 2954 pro

209 2980 378 3043 catholica
402 2979 471 3041 lide
497 2980 702 3059 laborandi,
738 2980 833 3060 quod
864 2980 927 3042 tibi
952 2979 1018 3042 fuit
1042 3000 1227 3042 commune
1252 3001 1329 3042 cum
1355 2980 1481 3059 multis,

210 3089 265 3150 sed
297 3087 405 3149 etiam
437 3096 560 3149 contra
591 3086 717 3168 impios
751 3086 978 3149 defendenda
1010 3097 1132 3149 vetere
1156 3086 1339 3169 religionis
1363 3089 1481 3149 obser-

208 3194 323 3256 vantia
348 3192 542 3272 scribendi,
573 3193 608 3254 in
641 3214 711 3274 quo
735 3193 965 3275 praecipuam
989 3204 1085 3256 certe
1110 3194 1250 3256 laudem
1275 3204 1310 3256 et
1334 3216 1355 3257 a
1379 3194 1482 3256 nobis

207 3299 287 3382 ipsis
309 3309 345 3363 et
362 3299 518 3362 omnium
543 3299 760 3363 eruditorum
784 3300 914 3362 iudicio
939 3322 977 3363 es
1001 3310 1223 3381 consecutus,
1248 3322 1290 3363 ac
1315 3322 1379 3363 nos
1403 3323 1481 3363 cum

207 3407 297 3471 illam
333 3408 477 3489 quidem
513 3409 733 3488 praeclaram
769 3407 966 3470 orationem
1003 3418 1098 3471 tuam
1136 3407 1289 3470 libenter
1321 3408 1481 3489 legimus,

207 3523 272 3577 tum
297 3516 388 3577 haec
415 3514 605 3577 novissima
637 3515 828 3577 laetissime
859 3514 1060 3596 accepimus
1093 3524 1128 3577 te
1159 3524 1198 3576 ut
1221 3515 1366 3578 Martini
1400 3516 1480 3577 hae·

206 3620 301 3684 retici
324 3621 485 3703 pravitas
510 3630 545 3683 et
568 3620 719 3702 perfidia
742 3621 850 3684 totius
879 3621 1029 3684 concilio
1054 3620 1267 3684 Germaniae
1301 3623 1481 3683 damnare-

206 3736 267 3807 tur,
292 3727 394 3809 isque
418 3747 483 3809 pro
509 3727 691 3790 haeretico
715 3738 950 3809 reputaretur,
975 3728 1068 3790 omni
1094 3738 1154 3791 tua
1177 3750 1299 3812 opera,
1324 3728 1482 3807 consilio,

206 3836 335 3916 gratia,
360 3834 572 3898 auctoritate
606 3834 849 3914 contendisse,
881 3855 946 3917 pro
971 3856 1041 3916 quo
1067 3836 1288 3899 sanctissimo
1313 3856 1422 3918 opere
1447 3845 1482 3898 et

206 3943 323 4006 labore
358 3953 419 4004 tuo
444 3943 582 4022 agimus
615 3942 829 4004 fraternitati
866 3952 948 4005 tuae
982 3964 1129 4025 magnas
1158 3943 1301 4025 gratias.
1350 3943 1481 4005 Fecisti

206 4049 294 4113 enim
318 4050 416 4131 quod
441 4059 476 4112 te
501 4049 665 4130 dignum,
691 4053 785 4130 quod
811 4050 931 4112 virtuti
963 4060 1045 4112 tuae
1071 4060 1106 4113 et
1130 4050 1187 4112 isti
1212 4072 1317 4131 quam
1341 4050 1481 4113 obtines

206 4156 367 4239 dignitati
392 4167 687 4235 consentaneum,
724 4159 787 4219 sed
824 4157 918 4220 idem
950 4158 1028 4219 Deo
1062 4158 1346 4240 acceptissimum
1378 4158 1482 4221 nobis

206 4262 457 4344 gratissimum,
487 4263 545 4344 qui
578 4266 646 4325 hoc
671 4285 850 4345 nunquam
883 4284 929 4325 ex
962 4264 1079 4326 animo
1109 4273 1144 4326 et
1169 4264 1336 4327 memoria
1360 4274 1481 4326 nostra

206 4369 363 4433 amissuri
399 4389 527 4432 sumus.
574 4371 700 4451 Itaque
738 4381 773 4433 et
810 4380 930 4433 nostra
968 4370 1032 4432 tibi
1057 4381 1223 4452 prompta
1257 4373 1422 4433 voluntas
1447 4382 1482 4434 et

206 4476 405 4560 benignitas
429 4476 464 4538 in
494 4477 588 4540 omni
617 4478 804 4540 occasione
828 4478 948 4540 sutura
972 4488 1026 4539 est
1050 4487 1186 4560 parata.
1235 4477 1353 4557 Nunc,
1384 4480 1479 4559 quod

208 4593 373 4665 superest,
397 4603 504 4664 quum
522 4595 560 4646 ut
583 4594 794 4647 exarescant
814 4584 880 4646 rivi
904 4605 1027 4646 omnes
1044 4605 1204 4647 errorum
1220 4585 1301 4648 fons
1326 4584 1402 4667 ipse
1420 4585 1479 4647 im·

209 4688 343 4768 pietatis
372 4690 515 4772 penitus
539 4692 760 4754 excidendus
791 4701 861 4770 est,
898 4693 1079 4753 hortamur
1103 4691 1360 4755 fraternitatem
1384 4703 1479 4754 tuam

210 4792 418 4863 inDomino
454 4808 492 4863 ut
526 4818 631 4883 quam
665 4798 826 4864 adhibuit
862 4797 1027 4862 virtutem
1063 4820 1084 4860 a
1119 4798 1294 4884 principio
1330 4799 1480 4864 eandem
