3330 5580
719 459 947 516 Qllssffl

188 596 332 690 Signori
361 605 397 669 di
421 607 540 670 Roma
572 627 635 669 son
665 606 744 669 fatti
777 616 876 669 tanto
901 609 1015 669 securi
1040 607 1134 669 della
1158 626 1242 669 cosa
1266 606 1474 669 Lutherana

188 715 373 798 pensando
407 716 473 777 che
506 735 571 797 per
604 715 653 776 tal
686 722 761 776 atto
796 715 831 776 la
863 713 961 776 fusse
986 733 1132 796 prorsus
1166 713 1326 776 extincta
1351 722 1387 776 et
1411 714 1478 776 che

189 821 303 904 questi
333 822 457 904 populi
485 820 624 884 fussero
653 820 932 884 christianissimi
958 833 993 883 et
1017 821 1140 883 devoti
1164 821 1234 882 alla
1259 818 1356 883 Sede
1381 819 1476 902 Apo·

189 928 324 1008 stolica,
350 930 415 991 che
435 928 502 991 mai
522 928 554 990 ci
575 929 694 991 hanno
712 928 820 1009 dopoi
837 928 896 1009 piu
914 938 1080 1009 pensat0;
1106 927 1262 1009 alioquin
1279 947 1349 989 non
1368 928 1477 989 credo

190 1038 255 1098 che
280 1046 378 1099 tanto
403 1047 523 1117 tempo
548 1037 742 1098 havessero
768 1035 858 1097 fatto
883 1032 957 1097 cosi
981 1054 1095 1115 pocca
1119 1034 1223 1096 stima
1247 1053 1318 1096 non
1344 1033 1426 1096 dico
1441 1032 1477 1094 di

190 1165 245 1206 me
270 1164 327 1206 ma
351 1143 386 1205 di
411 1163 450 1205 se
474 1143 578 1205 stessi
603 1152 638 1205 et
662 1143 711 1204 dil
736 1144 849 1204 honor
874 1151 909 1204 et
934 1143 1120 1204 commodo
1144 1142 1238 1220 loro,
1271 1141 1351 1203 anci
1375 1140 1413 1203 di
1443 1141 1478 1202 la

189 1270 323 1314 summa
348 1251 394 1313 de
418 1252 452 1312 la
476 1248 705 1312 Christianita
729 1258 764 1311 et
786 1248 882 1311 Sede
906 1248 1128 1331 Apostolica.
1168 1247 1228 1310 Ma
1256 1247 1298 1310 V.
1327 1244 1363 1309 S.
1382 1246 1478 1309 Rma

189 1379 227 1421 se
258 1357 366 1439 degni
399 1376 526 1438 sapere
558 1356 624 1417 che
657 1358 715 1418 nel
748 1354 924 1438 principio
956 1356 1005 1417 tal
1036 1353 1210 1417 industria
1241 1355 1317 1417 usai
1350 1374 1417 1417 con
1442 1355 1478 1416 la

189 1466 306 1546 gratia
339 1463 373 1526 di
398 1463 467 1526 Dio
499 1465 565 1525 che
599 1472 634 1526 et
658 1462 789 1526 Cesare
821 1473 857 1525 et
888 1461 912 1523 li
944 1461 1131 1525 conselieri
1163 1462 1277 1543 primo
1303 1461 1428 1524 videro
1452 1461 1477 1522 il

91 1560 93 1564 ¹
189 1570 296 1634 fuoco
329 1570 413 1633 delli
446 1569 527 1632 libri
561 1571 627 1633 che
660 1570 689 1632 si
715 1589 928 1650 pensassero
953 1569 1112 1632 havermi
1138 1590 1309 1633 concesso
1333 1569 1359 1631 il
1383 1589 1477 1631 man-

191 1679 289 1751 dat0;
316 1678 340 1740 il
364 1679 448 1760 qual
471 1688 590 1741 tamen
614 1677 675 1759 gia
700 1697 760 1739 era
785 1690 840 1739 sta
865 1696 1047 1757 concesso,
1073 1687 1108 1739 et
1129 1697 1262 1739 ancora
1278 1697 1299 1738 a
1317 1675 1476 1752 Colonia,

191 1785 252 1846 vix
277 1784 397 1865 aliquo
431 1784 481 1846 ita
510 1784 702 1864 cogitante,
737 1783 775 1845 fu
805 1781 897 1845 fatta
927 1787 955 1845 sl
980 1785 1076 1845 bella
1100 1783 1313 1846 executione
1339 1795 1475 1845 etcum

190 1892 327 1974 grande
358 1891 533 1954 industria
564 1892 629 1953 che
654 1890 763 1954 Cesar
795 1910 874 1953 esso
908 1890 1056 1972 proprio
1087 1890 1184 1967 disse
1209 1892 1279 1952 allo
1305 1890 1476 1970 episcopo

191 1999 392 2061 Leodiense
422 2010 457 2060 et
490 1998 588 2061 molti
621 1985 709 2060 altri
736 1997 873 2080 signori
904 1998 970 2058 che
1002 1998 1036 2058 in
1071 2018 1158 2060 vero
1189 1998 1223 2059 io
1255 1997 1301 2060 mi
1326 2007 1478 2077 portava

191 2107 299 2168 molto
324 2105 614 2186 vigorosamente
639 2114 673 2167 et
699 2106 764 2167 che
789 2102 861 2166 cosi
887 2125 925 2167 se
950 2105 1068 2167 dovea
1084 2104 1149 2167 far.
1185 2104 1246 2167 Ma
1261 2106 1294 2166 al
1310 2113 1478 2187 presente

190 2214 255 2275 che
273 2220 364 2274 tutta
383 2214 418 2274 la
441 2210 677 2276 Germaniae
703 2212 739 2274 in
764 2213 871 2290 volta,
897 2223 933 2273 et
957 2212 1051 2273 delle
1078 2211 1126 2273 X.
1151 2212 1246 2292 parti
1272 2212 1307 2272 di
1333 2231 1413 2273 essa
1445 2213 1477 2272 le

190 2340 282 2382 nove
307 2319 406 2382 crida
430 2320 563 2381 Luther
595 2329 630 2381 et
653 2321 688 2384 la
719 2319 873 2397 decima,
906 2339 943 2380 se
975 2339 1046 2380 non
1079 2339 1117 2381 se
1143 2339 1227 2381 cura
1252 2318 1310 2381 dei
1336 2318 1416 2380 ditti
1442 2317 1476 2379 di

191 2426 333 2506 Luther,
358 2428 483 2489 saltem
508 2426 607 2488 crida
632 2428 666 2488 la
694 2436 808 2489 morte
833 2427 903 2487 alla
923 2425 1029 2487 Corte
1055 2427 1091 2487 di
1116 2425 1235 2488 Roma
1260 2438 1295 2488 et
1319 2426 1477 2506 ogniuno
1549 2410 1550 2414 ¹

190 2535 366 2596 domanda
391 2543 425 2596 et
451 2533 549 2596 crida
573 2534 725 2596 concilio
751 2544 787 2596 et
810 2534 844 2595 lo
870 2534 1002 2596 voleno
1028 2533 1064 2594 in
1078 2531 1281 2612 Germania,
1307 2544 1342 2595 et
1369 2532 1477 2613 quelli

191 2643 256 2703 che
281 2641 342 2724 piu
367 2642 619 2704 deverebbeno
642 2640 698 2703 far
724 2660 789 2723 per
813 2640 884 2719 noi,
909 2641 980 2702 imo
1007 2660 1072 2721 per
1089 2641 1126 2703 se
1142 2640 1256 2719 stessi,
1281 2640 1398 2702 alcuni
1413 2660 1478 2720 per

190 2748 358 2828 timidita,
390 2748 507 2810 alcuni
539 2768 604 2829 per
628 2749 803 2829 dispetto,
835 2748 915 2810 altri
941 2768 1006 2829 per
1033 2749 1187 2829 qualche
1212 2768 1275 2809 suo
1301 2747 1476 2826 desegno;

191 2856 315 2916 invero
349 2856 415 2916 che
449 2856 494 2916 da
519 2855 637 2916 Roma
666 2875 704 2917 se
730 2875 774 2917 ne
800 2856 1005 2917 deverebbe
1029 2854 1085 2916 far
1110 2857 1261 2938 qualche
1286 2855 1477 2917 demostra-

190 2962 287 3024 tione
312 2962 347 3023 di
372 2960 473 3023 farne
497 2961 600 3023 stima
625 2971 660 3023 et
683 2962 841 3023 havermi
867 2962 1034 3023 mandato
1058 2964 1092 3022 la
1110 2961 1213 3023 Bulla
1238 2963 1282 3022 de
1299 2962 1369 3023 mia
1385 2982 1477 3023 com·

190 3069 359 3131 missione
384 3088 462 3131 cum
484 3076 663 3149 potestate
688 3069 937 3146 substituendi,
963 3078 997 3130 et
1023 3067 1139 3150 questi
1164 3067 1271 3129 Brevi
1298 3068 1476 3130 adirizzati

191 3196 213 3238 a
237 3176 293 3237 chi
326 3178 373 3238 ho
404 3175 465 3257 gia
498 3176 713 3237 demandato
747 3184 782 3237 et
807 3176 904 3237 molti
931 3175 1140 3237 credentiali
1166 3194 1187 3235 a
1212 3174 1371 3256 Principi
1397 3186 1433 3236 et
1456 3196 1477 3236 a

191 3283 362 3365 Episcopi
387 3292 422 3344 et
438 3283 571 3345 Prelati
596 3291 632 3345 et
656 3281 779 3343 denari
807 3280 834 3344 si
859 3302 925 3363 per
948 3281 1018 3344 mio
1044 3282 1144 3343 viver
1168 3301 1267 3343 come
1283 3302 1348 3364 per
1365 3282 1478 3343 donar

191 3412 212 3452 a
229 3390 412 3453 secretarii
429 3401 465 3452 et
488 3411 510 3452 a
534 3389 651 3469 sbirri,
675 3390 700 3451 li
724 3389 819 3470 quali
837 3389 918 3451 tutti
934 3390 1111 3451 aucorche
1130 3388 1230 3451 sieno
1248 3388 1477 3451 infensissimi

192 3499 263 3560 alla
278 3497 383 3560 Corte
401 3497 436 3559 di
452 3496 582 3576 Roma,
607 3498 797 3558 tuttavolta
814 3497 965 3577 qualche
987 3496 1120 3558 denaro
1145 3495 1168 3557 li
1194 3495 1344 3558 farebbe
1368 3498 1479 3558 saltar

192 3626 214 3667 a
237 3614 358 3667 nostro
382 3605 499 3684 modu,
524 3604 608 3686 quia
632 3605 736 3667 aliter
760 3604 847 3666 nihil
871 3603 911 3665 fit
936 3614 970 3666 et
992 3604 1052 3665 vix
1071 3603 1121 3665 sic
1138 3602 1309 3666 faciemus
1326 3603 1476 3683 aliquid;

192 3713 272 3775 anci
288 3733 325 3775 se
346 3711 407 3794 piu
432 3721 651 3794 expettam0,
677 3711 712 3774 in
737 3713 786 3773 tal
811 3712 917 3773 modo
942 3710 1078 3792 piliano
1094 3709 1200 3791 piede
1218 3710 1333 3791 questi
1349 3709 1477 3772 Luthe-

191 3820 287 3899 rani,
321 3821 386 3882 che
422 3827 519 3881 certo
544 3819 590 3881 mi
616 3819 766 3880 dubbito
791 3819 856 3880 che
881 3828 1049 3899 questoro
1074 3820 1234 3879 haranno
1260 3836 1373 3897 paura
1398 3837 1477 3878 con-

191 3927 347 3990 cedermi
372 3926 415 3989 ne
439 3926 608 3988 mandato
633 3927 676 3987 ne
701 3925 915 3988 executione
940 3933 1065 3986 contra
1088 3926 1183 4002 lor0,
1219 3924 1256 3986 id
1282 3924 1377 4005 quod
1408 3924 1477 3985 iam

190 4032 267 4094 fere
283 4033 482 4095 concedere
506 4032 642 4112 timent,
668 4042 705 4093 ut
730 4032 797 4113 ipsi
820 4032 942 4093 dicunt
959 4052 1004 4094 ne
1020 4034 1174 4114 populus
1191 4032 1398 4093 concitetur.
1434 4030 1479 4092 Et

192 4140 382 4202 tuttavolta
406 4140 497 4201 altra
520 4139 579 4201 via
604 4160 673 4200 non
699 4141 716 4201 ὲ
742 4139 778 4200 di
803 4147 930 4201 metter
955 4137 1075 4217 freno,
1101 4139 1232 4220 perche
1258 4139 1282 4199 li
1307 4137 1477 4200 Germani

191 4246 328 4310 hormai
362 4247 481 4308 niente
514 4246 681 4326 stimano,
716 4246 785 4308 imo
817 4265 854 4307 se
878 4245 1005 4308 ridono
1031 4247 1075 4308 de
1100 4244 1423 4307 excomunicationi
1442 4255 1478 4307 et

191 4354 215 4417 li
247 4354 330 4417 frati
364 4373 436 4416 non
469 4354 602 4415 audent
632 4354 689 4415 vel
722 4354 846 4415 nolunt
878 4353 913 4415 in
945 4353 1093 4436 pulpitis
1116 4351 1328 4433 praedicare
1353 4362 1479 4415 contra

192 4461 395 4540 Lutherum,
420 4462 466 4522 ad
490 4461 540 4522 tal
565 4461 630 4522 che
656 4461 674 4522 c
699 4469 791 4522 stato
816 4460 940 4522 scritto
965 4481 986 4522 a
1004 4460 1114 4523 Cesar
1135 4468 1170 4522 et
1188 4461 1275 4521 letto
1293 4459 1326 4519 in
1346 4460 1378 4520 el
1396 4479 1477 4521 con·

192 4568 281 4630 selio
299 4568 364 4629 che
389 4588 460 4629 una
484 4568 603 4628 donna
627 4567 662 4629 in
681 4568 846 4631 Anversa
870 4565 1023 4629 affrontd
1048 4567 1083 4629 in
1109 4585 1280 4649 pergamo
1306 4585 1352 4626 un
1384 4566 1478 4630 irate

193 4685 228 4737 et
261 4675 435 4737 mostrolli
467 4695 512 4736 un
538 4675 630 4737 libro
655 4675 691 4736 di
716 4674 850 4736 Luther
874 4674 909 4736 in
934 4676 1120 4737 alemanno
1145 4684 1179 4736 et
1204 4673 1324 4734 disseli
1351 4674 1416 4734 che
1441 4673 1476 4746 in

193 4783 349 4866 dispetto
374 4801 438 4843 suo
464 4783 497 4843 lo
523 4784 754 4863 leggerebbe.
799 4782 976 4844 Innumeri
1002 4784 1120 4843 hanno
1146 4792 1285 4843 cessato
1310 4780 1370 4861 piu
1397 4801 1475 4842 con·
