3330 5580
697 418 958 477 QXVIM

195 562 447 648 addictissima,
472 567 685 649 praesidium
718 589 787 631 non
822 569 998 632 modicum
1031 567 1175 633 criticae
1210 569 1277 633 arti
1312 570 1479 643 afferunt:

196 695 274 737 nam
299 675 450 737 saeculis
474 675 678 757 praeteritis
703 676 925 738 turbationes
949 688 984 740 et
1008 677 1204 740 animorum
1232 689 1348 742 motus
1375 682 1479 762 plura

195 785 447 862 obscurarunt,
473 783 622 845 iniustas
646 783 852 862 sententiaa,
878 794 912 847 et
937 785 1051 847 minus
1074 805 1208 866 aequas
1233 787 1479 850 conclusiones

194 889 229 951 in
255 891 382 971 vulgus
414 890 701 962 disseminarunt;
738 890 991 954 dissidentibus
1026 890 1117 953 enim
1149 892 1332 956 honestius
1365 895 1478 958 visum

195 1008 422 1059 monumenta
438 996 605 1059 historica
627 997 794 1077 ignorare
825 1018 887 1060 seu
912 1018 1139 1079 corrumpere
1163 1019 1267 1080 quam
1293 999 1478 1063 veritatem

194 1102 353 1166 confiteri
383 1125 530 1185 eamque
555 1124 732 1185 generoso
760 1104 876 1166 animo
898 1106 1110 1187 amplexari:
1144 1117 1179 1169 et
1204 1109 1348 1169 saeculo
1374 1108 1476 1171 XVI.

194 1212 276 1273 dum
300 1211 479 1274 hominum
504 1211 718 1293 cupiditates
744 1213 973 1274 vehementer
1006 1213 1305 1290 accenderentur,
1338 1213 1477 1277 sinceri·

195 1317 259 1379 tati
283 1337 408 1398 parum
433 1318 595 1400 obsequii
619 1317 777 1380 habitum
802 1317 878 1379 fuit.

283 1424 386 1506 Quod
413 1424 553 1507 quidem
578 1425 712 1507 liquido
737 1434 888 1507 apparet
912 1425 1017 1487 etiam
1042 1425 1077 1486 in
1110 1425 1200 1487 actis
1229 1426 1347 1489 dietae
1376 1427 1475 1492 Wor-

193 1531 381 1594 maciensis
406 1531 465 1594 ubi
490 1532 607 1614 agitur
632 1533 676 1593 de
702 1531 847 1597 Lutheri
874 1532 1057 1604 examine;
1082 1533 1142 1594 ille
1167 1533 1259 1595 enim
1284 1533 1377 1596 illius
1394 1556 1476 1598 exa-

193 1638 295 1701 minis
326 1638 534 1701 relationem
570 1637 727 1700 mutilam
767 1637 878 1700 edidit
916 1659 985 1720 qua
1017 1615 1199 1720 populum'
1221 1641 1475 1722 aliquantulum

192 1745 407 1818 concitavit;
434 1766 512 1807 nam
538 1765 643 1825 quum
668 1744 814 1826 propria
845 1747 958 1808 verba
988 1746 1127 1824 integre
1163 1746 1329 1827 referret,
1365 1751 1475 1811 verba

193 1853 424 1916 Treverensis
449 1852 612 1915 officialis
636 1852 779 1915 omnino
805 1851 992 1924 conticuit:
1019 1852 1068 1914 sic
1094 1853 1186 1915 enim
1210 1855 1401 1918 lectoribus
1424 1855 1472 1918 in-

193 1961 401 2023 sinuabatur
424 1980 538 2022 vacua
563 1961 619 2021 vel
652 1960 749 2021 nulla
785 1959 928 2021 omnino
953 1959 1212 2023 Treverensem
1246 1961 1472 2042 respondisse

194 2068 293 2149 quasi
306 2066 467 2130 veritatis
481 2068 740 2148 quodammodo
754 2066 945 2148 splendore
970 2067 1225 2130 obcoecaretur
1243 2078 1278 2130 et
1293 2067 1472 2150 inspiratis

192 2175 336 2238 Lutheri
371 2174 489 2237 verbis
514 2184 612 2236 tanta
641 2173 694 2234 vis
723 2173 855 2236 inesset
890 2182 927 2234 ut
961 2175 1207 2237 obmutescere
1244 2175 1474 2238 adversarius

192 2292 390 2364 cogeretur.
439 2282 517 2361 Qua
550 2282 595 2343 de
631 2300 738 2342 causa
773 2280 954 2342 meander
983 2280 1019 2341 in
1050 2278 1122 2342 suis
1146 2280 1272 2343 litteris
1297 2282 1390 2345 datis
1416 2281 1473 2346 die

191 2389 452 2469 decimaquinta
488 2387 573 2449 Maii
609 2387 806 2449 scribebat:
850 2407 944 2465 ,sum
982 2408 1073 2449 nune
1111 2387 1403 2468 occupatissimus
1439 2390 1473 2452 in

192 2495 403 2577 colligendis
428 2495 516 2556 actis
540 2494 639 2556 istius
655 2493 924 2556 haeresiarchae
949 2494 1094 2575 eiusque
1120 2494 1305 2564 examinis:
1331 2508 1474 2577 oportet

191 2603 282 2667 enim
308 2603 405 2683 ipsos
429 2622 505 2663 cum
531 2600 736 2663 authentica
761 2611 844 2662 nota
869 2601 997 2662 notarii
1022 2601 1233 2681 imprimere,
1260 2603 1341 2683 quia
1362 2623 1471 2685 popu-

191 2713 245 2772 lus
280 2709 496 2789 aliquantum
529 2708 726 2769 concitatur
755 2710 801 2768 ob
831 2718 911 2768 acta
947 2727 1038 2787 quae
1067 2708 1240 2770 Martinus
1271 2729 1335 2771 suo
1368 2712 1472 2771 modo

191 2816 341 2899 scripsit,
362 2813 577 2877 treverensis
602 2813 764 2876 officialis
790 2814 1080 2895 responsionibus
1105 2815 1246 2876 omnino
1271 2815 1471 2898 omissis¹)“.

279 2921 354 2984 Nec
379 2921 521 2983 omnino
546 2920 668 2982 inutile
693 2931 746 2981 est
771 2920 866 2981 aliud
892 2932 1015 2982 contra
1040 2920 1228 3002 episcopos
1251 2924 1470 2987 mendacium

191 3032 381 3106 detegere,
413 3031 459 3089 ab
484 3028 630 3090 Erasmo
656 3029 842 3108 prolatum,
876 3027 934 3109 qui
960 3027 1114 3089 Luthero
1140 3028 1331 3109 scripserat
1355 3032 1469 3095 eidem

190 3136 422 3199 favorabilem
449 3135 683 3198 Leodiensem
708 3155 797 3210 esse,
823 3155 927 3215 quum
953 3154 1129 3215 nunquam
1160 3137 1264 3198 talem
1292 3141 1469 3218 supradic-

192 3255 263 3306 tum
289 3243 492 3326 episcopum
518 3263 556 3305 se
580 3241 802 3324 praebuerit,
839 3241 907 3303 imo
933 3242 966 3303 in
992 3245 1099 3303 rebus
1124 3243 1306 3323 religionis
1330 3267 1471 3329 semper

190 3362 466 3430 constanterque
513 3348 697 3412 catholicis
737 3348 938 3417 omnimode
984 3349 1153 3428 faverie).
1213 3349 1315 3430 Quod
1353 3367 1469 3417 tamen

191 3457 409 3520 mendacium
436 3456 519 3518 nihil
545 3476 692 3537 prorsus
718 3455 992 3518 extraordinarii
1017 3455 1232 3536 praesefert,
1258 3457 1284 3519 si
1311 3461 1468 3522 conside·

189 3575 286 3627 retur
320 3564 502 3626 Erasmum
535 3573 586 3624 tot
618 3563 764 3642 litteris,
800 3541 852 3624 tot
883 3563 1120 3641 sermonibus,
1153 3565 1469 3646 protestationibus

189 3670 380 3734 innumeris
404 3689 544 3750 semper
565 3690 603 3731 se
621 3669 796 3731 Romanis
814 3668 1044 3731 Pontificibus
1060 3669 1336 3733 addictissimum
1354 3684 1467 3734 osten·

187 3780 341 3857 dentem,
362 3798 488 3839 revera
503 3798 580 3839 cum
599 3778 751 3839 luthero
766 3776 993 3858 aliquamdiu,
1011 3797 1088 3838 cum
1103 3777 1264 3839 hostibus
1284 3780 1467 3841 Romanae.

190 3884 369 3947 Ecclesiae
394 3883 470 3945 fere
503 3904 659 3965 semper,
686 3885 909 3946 coniunctum
942 3894 1079 3944 secreto
1116 3882 1235 3949 fuisse.
1298 3885 1399 3965 Quod
1433 3895 1466 3945 et

188 4013 233 4054 ex
260 3991 387 4054 litteris
412 3991 584 4052 Aleandri
611 4003 644 4052 et
670 4012 715 4053 ex
741 3990 973 4053 relationibus
998 3989 1099 4051 lickii
1118 4012 1186 4053 non
1212 3990 1357 4053 difficile
1381 3991 1465 4052 erui-

187 4112 253 4173 tur,
279 4108 314 4160 et
339 4118 383 4158 ex
410 4117 583 4158 consensu
617 4098 773 4177 ipsorum
803 4097 1056 4159 catholicorum
1083 4096 1296 4160 Germaniae
1320 4097 1464 4177 diligen·

188 4205 285 4287 tique
309 4204 518 4285 scriptorum
552 4203 661 4284 ipsius
693 4205 845 4276 lectione
870 4206 1051 4285 probatur.
1100 4203 1172 4266 Sed
1205 4204 1347 4267 omnino
1376 4205 1464 4285 peri-

187 4315 343 4375 culosum
371 4321 447 4372 erat
471 4311 584 4390 ipsum
609 4321 734 4391 aperte
759 4331 944 4382 accusare;
978 4311 1118 4391 plurimi
1153 4311 1272 4385 amici,
1307 4313 1462 4373 nonnulli

187 4419 362 4496 fautores,
392 4417 607 4498 amplissima
632 4418 727 4498 apud
754 4419 881 4479 multos
905 4417 1098 4479 auctoritas
1138 4419 1187 4480 ita
1212 4428 1248 4480 ut
1278 4419 1382 4499 pauci
1407 4421 1464 4482 ad-

187 4527 328 4587 modum
354 4524 386 4586 ei
411 4523 443 4585 in
471 4523 597 4587 faciem
622 4536 746 4605 aperte
771 4523 937 4586 resistere
961 4527 1138 4605 valerent,
1169 4534 1267 4587 tanta
1298 4528 1464 4588 orthodo-

187 4652 311 4693 xorum
329 4629 466 4693 animos
482 4630 516 4692 vi
534 4633 750 4693 exercebant
767 4642 805 4692 ut
823 4629 970 4712 quisque
985 4633 1166 4695 ardentior
1182 4632 1241 4694 vix
1262 4634 1327 4693 suh
1353 4654 1463 4695 seere-

261 4781 280 4854 ¹)
301 4751 437 4831 Ale-„indo
452 4784 591 4834 Vicecanc.
609 4794 646 4845 15.
663 4784 727 4832 Maii
745 4794 817 4844 1521.
859 4783 878 4833 'l
902 4784 968 4832 lbid.
989 4783 1047 4832 doe.
1068 4787 1109 4839 81).
1130 4801 1189 4848 pag.
1209 4795 1268 4847 227.
