3330 5580
706 442 951 500 Ο-ΜΟΗῊ

189 603 312 674 specto
328 592 363 654 di
382 591 513 655 Cesare
529 601 564 653 et
580 592 668 653 tanti
684 592 856 674 principi;
882 613 902 654 a
923 591 980 654 voi
1005 612 1075 654 non
1101 590 1129 653 si
1154 590 1289 673 replica
1315 591 1408 653 altro
1433 611 1469 655 se

189 720 258 762 non
285 699 472 762 exhortavi
497 698 647 761 facciate
671 719 776 761 senza
800 698 925 761 timore
941 717 1042 761 come
1064 697 1154 760 fate:
1179 699 1246 760 che
1263 697 1334 760 Dio
1349 697 1469 760 defen·

189 806 274 868 deri
300 807 356 868 voi
382 814 417 869 et
441 807 475 868 la
499 826 606 867 causa
631 827 703 868 sua.
750 806 795 867 Et
818 807 910 868 bene
928 808 1054 868 valete.
1102 804 1307 867 Florentiae
1332 803 1469 867 XXIX

191 913 324 996 Aprilis
348 912 531 975 MDXXI.

279 1022 364 1083 Post
389 1020 531 1100 scripta.
579 1019 624 1080 Vi
640 1020 668 1081 si
687 1019 815 1082 manda
839 1020 874 1082 lo
892 1019 1039 1098 alligato
1055 1019 1146 1082 libro
1163 1021 1234 1082 allo
1248 1018 1468 1099 Imperatore

189 1141 313 1190 contra
337 1127 472 1188 Luther
495 1126 585 1188 fatto
610 1125 669 1207 qui
694 1126 740 1187 da
765 1146 809 1187 un
835 1125 927 1187 frate
952 1136 987 1188 et
1018 1147 1040 1188 a
1064 1126 1106 1188 N.
1131 1124 1168 1188 S.
1203 1128 1221 1189 ἐ
1253 1129 1365 1189 molto
1399 1126 1467 1208 pia·

189 1236 300 1308 ciuto;
325 1234 360 1296 lo
384 1244 505 1314 potete
530 1235 662 1296 vedere
683 1232 797 1314 prima
821 1242 857 1294 et
880 1232 940 1314 poi
956 1243 1164 1313 presentare
1188 1254 1209 1294 a
1225 1231 1299 1295 Sua
1315 1232 1468 1296 Cesarea

188 1342 325 1404 Maesta
350 1341 448 1403 cuius
473 1361 579 1402 causa
603 1360 673 1402 non
699 1340 813 1402 minus
838 1340 955 1420 agitur
980 1360 1085 1420 quam
1110 1337 1184 1402 Smi
1208 1341 1252 1402 D.
1269 1340 1312 1404 N.
1338 1350 1374 1402 et
1396 1341 1467 1402 Ro·

190 1470 314 1510 manae
338 1448 530 1511 Ecclesiae.

803 1811 844 1874 ’18

530 1936 581 2018 Jo.
610 1937 711 2018 Muti.
741 1933 906 2016 (tibertus
934 1937 1122 2018 Aloandro.

592 2075 765 2147 (itunctat.
786 2076 933 2134 German.
954 2075 984 2132 11-
1003 2074 1061 2146 49.)

714 2200 750 2260 (1.
771 2196 835 2244 Maii
859 2192 944 2262 1521.)

279 2322 307 2383 11
324 2330 482 2401 respetto
499 2322 565 2381 che
584 2319 626 2382 V.
646 2319 680 2382 S.
699 2322 745 2381 ha
762 2321 830 2381 alle
847 2318 1072 2399 occupationi
1091 2319 1158 2381 mio
1176 2319 1270 2382 nello
1288 2318 1469 2381 scrivermi

189 2426 261 2489 cosi
285 2430 405 2506 breve,
431 2429 518 2488 haro
543 2427 577 2488 io
598 2427 667 2488 alle
692 2427 864 2488 iaccende
882 2426 916 2486 di
934 2428 1052 2506 quella
1069 2428 1135 2488 che
1151 2428 1239 2488 hora
1264 2428 1470 2489 doveranno

190 2554 351 2596 crescere
375 2535 410 2595 in
435 2535 622 2615 prosequir
646 2536 679 2596 la
703 2533 913 2596 cominciata
938 2533 1087 2596 victoria
1111 2543 1236 2596 contra
1260 2533 1411 2613 Luther,
1436 2533 1470 2594 la

191 2643 296 2723 quale
321 2645 378 2721 qui
404 2641 422 2703 (1
447 2640 602 2721 piaciuta
626 2650 726 2702 tanto
751 2651 883 2721 quanto
908 2640 1161 2720 dispiacevano
1186 2641 1299 2722 prima
1323 2641 1357 2703 le
1375 2640 1472 2702 forze

191 2750 256 2810 che
281 2750 362 2828 quel
387 2747 493 2810 fuoco
519 2757 697 2809 mostrava
722 2747 874 2828 pigiiare
899 2747 983 2827 ogni
1009 2748 1045 2809 di
1079 2747 1148 2828 piir.
1207 2747 1252 2810 Di
1282 2758 1471 2829 congratu-

191 2855 292 2917 larmi
317 2874 383 2916 con
411 2853 452 2918 V.
479 2851 514 2915 S.
541 2857 735 2934 expectato
759 2854 783 2915 ii
808 2865 927 2934 tempo
953 2855 1008 2915 dei
1035 2854 1169 2917 ritorno
1194 2875 1257 2918 suo
1287 2875 1308 2916 o
1332 2855 1354 2917 l'
1373 2855 1472 2918 exito

190 2963 283 3023 della
308 2981 429 3038 causa,
454 2960 477 3022 il
502 2962 607 3041 quale
631 2961 660 3022 si
684 2981 790 3042 spera
814 2961 927 3022 dover
952 2962 1123 3023 succedet
1147 2972 1285 3043 prest0‚
1310 2972 1346 3023 et
1371 2983 1472 3024 come

190 3068 249 3130 noi
275 3068 508 3146 desideram0‚
533 3068 576 3130 ne
601 3088 706 3130 senza
731 3069 764 3129 la
788 3079 889 3148 parte
914 3077 1035 3129 vostra
1060 3070 1152 3131 delle
1177 3068 1284 3132 laudi.

280 3175 338 3236 Ad
363 3174 384 3237 l’
400 3173 531 3236 official
557 3175 592 3235 di
617 3175 763 3237 Treveri
795 3174 904 3236 vedra
940 3174 982 3237 V.
1017 3172 1053 3238 S.
1086 3177 1204 3256 quello
1236 3177 1301 3238 che
1331 3176 1473 3239 virtutis

190 3301 231 3343 ac
257 3281 400 3362 pietatis
424 3300 510 3361 ergo
536 3281 694 3354 dabitur;
720 3291 818 3343 certo
843 3291 879 3343 et
907 3283 1001 3344 della
1033 3286 1127 3345 bona
1157 3292 1274 3345 mente
1308 3292 1344 3346 et
1377 3285 1473 3346 delle

190 3387 356 3470 prudenti
395 3387 547 3470 risposte
583 3399 706 3450 contra
738 3388 893 3451 Martino
931 3409 1096 3470 magnam
1129 3389 1185 3452 hic
1221 3390 1317 3470 apud
1348 3410 1473 3454 omnes

189 3497 304 3557 bonos
329 3504 382 3556 est
406 3494 558 3575 gratiam
583 3506 805 3575 consecutus,
831 3506 866 3557 et
891 3496 999 3558 credo
1025 3498 1090 3558 che
1114 3496 1139 3559 11
1164 3496 1296 3559 iedere
1321 3497 1343 3559 l'
1360 3518 1472 3579 opere

191 3623 252 3664 sue
276 3601 372 3664 facte
398 3601 451 3663 sin
476 3598 535 3683 qui
560 3621 678 3664 essere
703 3612 817 3684 grate,
842 3603 865 3664 li
890 3601 970 3664 sarai
995 3624 1084 3685 grau
1110 3604 1250 3666 stimulo
1275 3626 1296 3666 a
1313 3605 1473 3684 seguitar

190 3710 224 3771 la
249 3730 312 3772 sua
336 3718 460 3772 sancta
484 3708 638 3791 impresa
663 3710 697 3771 di
723 3711 819 3772 buon
844 3708 970 3772 animo

280 3815 331 3878 Νὲ
363 3815 514 3897 bisogna
549 3818 615 3879 che
650 3817 693 3880 V.
724 3813 760 3878 S.
792 3812 837 3878 mi
871 3817 985 3879 faccia
1013 3817 1074 3899 piu
1104 3818 1225 3880 chiaro
1259 3819 1325 3881 che
1359 3820 1393 3882 la
1426 3820 1470 3882 mi

190 3942 286 4002 ama,
317 3923 361 3985 ne
386 3923 451 3985 che
482 3922 517 3986 io
547 3922 569 3984 11
595 3923 674 3986 dica
704 3944 759 3985 me
784 3944 902 3986 essere
926 3934 1017 3986 tutto
1042 3945 1105 3986 suo
1135 3934 1170 3986 et
1199 3924 1403 3988 offerirmeli
1437 3938 1471 3989 et

190 4030 284 4091 della
308 4029 554 4093 fondatissima
577 4030 732 4093 amicitia
756 4039 897 4112 nostra,
930 4041 1054 4112 queste
1085 4031 1147 4093 tali
1178 4032 1379 4094 ceremonie
1413 4034 1468 4095 de·

190 4156 283 4198 vono
309 4156 405 4199 esser
429 4139 536 4210 tolte;
568 4137 613 4199 lei
638 4159 678 4200 sa
702 4139 766 4200 che
792 4159 861 4201 non
888 4159 1012 4201 manco
1037 4160 1116 4201 amo
1140 4140 1174 4201 io
1200 4148 1235 4202 et
1259 4141 1413 4202 observo
1438 4143 1471 4203 le

191 4243 281 4305 virtir
307 4265 378 4324 sue,
405 4245 440 4306 di
465 4247 547 4326 quel
572 4247 638 4307 che
670 4266 749 4308 ama
782 4246 824 4308 V.
859 4244 894 4310 S.
924 4268 995 4327 me,
1029 4248 1099 4309 alla
1135 4246 1189 4309 cui
1226 4249 1322 4309 bona
1354 4248 1471 4328 gratia

191 4361 324 4430 quanto
349 4351 409 4432 piu
442 4372 548 4432 posso
577 4353 622 4414 mi
655 4353 903 4416 raccomando.
955 4354 1060 4416 Dalla
1091 4355 1274 4436 Magiiana
1307 4356 1330 4417 11
1359 4368 1399 4437 p⁰
1436 4356 1469 4417 di

192 4458 340 4540 Maggio
370 4479 380 4519 ι
388 4479 462 4537 5²1·

279 4565 324 4628 Di
351 4566 392 4629 V.
419 4564 454 4632 S.
480 4566 556 4631 Ru.

853 4655 980 4718 sortitor
999 4657 1058 4719 tto.
1078 4657 1200 4720 latitat
1220 4657 1363 4726 cirion.
