3330 5580
645 460 893 526 eornm

121 640 191 702 pur
217 617 327 701 quelli
351 616 497 700 Signori
521 628 556 680 et
580 617 778 700 magistrati
811 617 840 678 si
872 617 1156 680 riconoscessero
1186 627 1219 678 et
1253 614 1408 680 conside-

122 747 268 791 rassero
293 727 359 788 che
383 725 394 787 i
418 728 494 787 loro
526 724 701 806 maggiori
727 746 796 787 non
830 745 896 787 con
927 724 1030 787 simili
1062 725 1275 806 portamenti
1305 746 1410 788 verso

125 838 161 896 la
186 833 283 896 Sede
309 832 520 914 Apostolica
544 852 600 894 ma
624 852 691 894 con
717 831 915 894 difenderla
944 842 979 893 et
1013 835 1258 909 augmentarla
1291 834 1410 894 hanno

124 943 293 1004 meritato
317 949 417 1002 tanto
435 940 570 1002 honore
595 948 631 1000 et
656 938 791 1019 dignita
818 938 852 999 di
869 959 966 1000 esser
991 939 1156 1000 advocati
1173 940 1267 1001 della
1284 939 1412 1002 Chiesa

125 1061 162 1110 et
187 1047 336 1110 exaltati
361 1066 468 1128 sopra
492 1046 573 1107 tutti
597 1045 607 1106 i
642 1066 679 1108 re
704 1055 740 1107 et
764 1045 924 1126 prencipi
949 1045 1154 1126 temporali:
1180 1067 1235 1107 ma
1261 1048 1411 1108 lassamo

124 1156 148 1218 il
175 1153 372 1237 predicarli
401 1158 436 1215 e't
460 1154 536 1215 dire
561 1161 804 1234 apertamente
829 1155 865 1215 la
887 1153 1038 1214 bestiale
1063 1152 1319 1235 ingratitudine
1344 1157 1410 1216 che

126 1282 250 1325 nsano.
297 1261 340 1324 N.
359 1259 395 1324 S.
417 1281 487 1323 non
503 1262 574 1342 pud
599 1260 824 1341 persuadersi
850 1260 915 1321 che
941 1259 1070 1322 Cesare
1096 1261 1206 1341 voglii
1232 1261 1411 1324 declinare

126 1369 212 1432 dalli
236 1368 289 1431 soi
314 1366 595 1430 christianissimi
627 1376 663 1428 et
697 1366 862 1428 catholici
892 1365 1138 1447 predecessori
1170 1378 1205 1429 et
1236 1389 1332 1430 esser
1364 1369 1410 1430 in-

127 1486 232 1556 grato
256 1497 278 1538 a
302 1474 371 1536 Dio
397 1481 432 1536 'et
456 1474 528 1536 alla
551 1471 647 1535 Sede
674 1473 885 1554 Apostolica
910 1473 965 1534 da’
982 1474 1076 1554 quali
1101 1475 1135 1535 in
1161 1484 1286 1555 questa
1311 1474 1367 1536 eth
1393 1477 1410 1537 t

127 1594 222 1645 stato
253 1583 363 1644 eletto
396 1604 417 1642 a
449 1591 549 1643 tanto
585 1581 737 1643 culmine
773 1581 818 1641 de
854 1580 986 1661 gloria,
1018 1581 1139 1663 percih
1171 1581 1244 1643 Sua
1270 1581 1410 1645 Santith

125 1699 271 1772 aspetta
294 1690 341 1751 da
364 1688 411 1750 lui
437 1697 529 1750 tutto
554 1689 672 1769 quello
702 1686 731 1750 si
765 1688 857 1749 deve
893 1699 1109 1769 promettere
1145 1689 1189 1749 de
1227 1709 1272 1751 un
1311 1699 1410 1752 tanto

125 1797 359 1878 Imperatore.
408 1774 436 1856 133
458 1796 528 1856 ben
554 1815 640 1859 vero
666 1795 732 1856 che
757 1802 857 1855 tanto
882 1793 1038 1856 differire
1068 1804 1104 1857 et
1132 1806 1258 1858 metter
1283 1796 1317 1858 in
1343 1798 1409 1858 dis-

125 1914 214 1986 puta
251 1911 379 1985 questa
415 1901 563 1965 materia
599 1910 699 1964 tanto
734 1900 874 1964 notoria
908 1912 942 1963 et
973 1902 1186 1964 scandalosa
1218 1905 1235 1964 ὲ
1267 1904 1411 1966 infamia

125 2012 266 2091 grande
290 2008 327 2071 di
351 2006 424 2071 Sua
439 2008 588 2089 Maesti,
612 2009 744 2090 perch&
760 2028 798 2070 se
813 2007 848 2069 in
864 2019 989 2089 questa
1014 2029 1120 2071 causa
1144 2029 1214 2071 non
1236 2010 1264 2072 si
1280 2020 1411 2073 mostra

125 2118 329 2180 virilmente
358 2118 423 2179 che
455 2136 538 2178 cosa
562 2116 609 2177 da
632 2115 677 2176 lei
703 2116 774 2196 pud
799 2135 944 2197 sperare
969 2117 1003 2178 la
1027 2115 1156 2178 Chiesa
1187 2126 1222 2179 et
1246 2118 1411 2181 universa

125 2222 348 2288 christianith
373 2233 498 2286 contra
521 2221 651 2284 Turchi
677 2232 712 2284 et
736 2219 890 2299 infideli,
915 2243 954 2284 se
978 2232 1102 2285 contra
1129 2244 1176 2284 un
1200 2226 1276 2286 solo
1302 2226 1367 2286 che
1392 2227 1410 2287 ἐ·

124 2333 161 2395 in
187 2334 341 2414 podesta
364 2351 428 2393 sua
446 2332 527 2393 vale
551 2338 651 2391 tanto
672 2332 785 2410 poco?
833 2329 1064 2391 Exhortatelo
1083 2341 1117 2391 et
1134 2342 1285 2411 pregate
1311 2352 1411 2394 come

124 2441 201 2502 fate
225 2460 247 2502 a
270 2438 451 2501 mostrarsi
478 2438 655 2499 advocato
688 2437 782 2498 della
807 2435 936 2498 Chiesa
969 2437 1034 2498 che
1067 2437 1155 2499 hora
1187 2439 1205 2500 ὸ
1238 2439 1261 2500 11
1292 2450 1410 2521 tempo

67 2592 70 2599 .
124 2548 183 2608 nel
208 2547 291 2627 qual
316 2544 346 2607 si
369 2544 441 2626 pud
466 2544 607 2623 obligar
630 2544 664 2605 la
689 2540 785 2605 Sede
811 2543 1022 2622 Apostolica
1046 2554 1081 2604 et
1096 2544 1176 2606 tutti
1193 2544 1203 2605 i
1221 2545 1409 2608 Christiani

124 2666 162 2715 et
186 2651 273 2715 sarsi
296 2651 493 2714 immortale
519 2661 553 2714 et
578 2672 663 2714 vera
678 2649 774 2713 fama
797 2662 832 2710 et
849 2650 957 2712 ditele
982 2652 1047 2712 che
1066 2651 1162 2713 dalla
1179 2652 1409 2732 expeditione

124 2761 162 2823 di
185 2768 314 2842 questa
338 2779 422 2821 cosa
446 2760 563 2840 pende
588 2768 679 2821 tutto
703 2758 724 2820 l'
741 2760 876 2821 honore
901 2768 936 2820 et
961 2758 1081 2821 disnor
1114 2758 1148 2819 di
1174 2758 1247 2820 Sua
1271 2759 1409 2822 Maesti

126 2869 198 2930 alla
234 2867 341 2948 quale
372 2865 414 2929 N.
446 2864 483 2928 S.
517 2865 553 2927 di
584 2886 678 2928 novo
710 2864 826 2927 scrive
859 2886 960 2927 come
992 2865 1051 2927 voi
1082 2867 1211 2928 havete
1244 2865 1410 2930 richiesto

126 2975 207 3037 nell’
225 2972 349 3039 ultima
363 2983 493 3036 vostra.
520 2973 622 3036 Circa
636 2973 670 3034 lo
695 2971 873 3035 solicitare
889 2984 925 3034 et
940 2971 1134 3034 inanimare
1159 2982 1194 3032 et
1211 2976 1410 3053 provedere

126 3084 192 3144 che
216 3102 288 3144 non
314 3102 352 3143 se
376 3080 509 3143 mutino
534 3082 567 3142 le
591 3079 799 3143 resolutioni
825 3079 859 3141 di
885 3079 1015 3141 Cesare
1039 3081 1151 3155 bone,
1187 3090 1277 3143 tutto
1312 3082 1339 3142 si
1371 3082 1409 3143 11-

125 3198 234 3252 mette
251 3190 323 3250 alla
338 3188 528 3270 prudentia
544 3198 664 3251 vostra
680 3198 715 3251 et
733 3189 790 3249 del
808 3185 1032 3257 Caracci0103
1056 3186 1186 3248 instate
1210 3208 1276 3249 con
1303 3189 1410 3251 Cesar

125 3295 284 3378 proprio,
316 3296 381 3359 col.
415 3295 462 3357 R.
488 3294 692 3358 confessore
724 3314 790 3357 con
826 3293 1030 3356 Armestorf
1060 3313 1126 3355 con
1160 3295 1192 3355 el
1224 3295 1410 3357 Marchese

124 3403 287 3484 Joachim
313 3417 349 3465 et
379 3423 443 3464 con
469 3402 680 3483 Magontino
706 3403 771 3464 che
804 3423 875 3463 non
904 3401 1091 3464 manchino
1123 3402 1193 3462 alla
1226 3422 1332 3463 causa
1366 3405 1410 3465 de

125 3511 207 3575 Dio.
254 3510 331 3573 Con
357 3509 490 3572 Luther
514 3531 578 3591 per
603 3509 722 3573 niente
747 3530 815 3572 non
849 3509 978 3572 intrate
1010 3508 1044 3569 in
1078 3507 1218 3589 dispute
1250 3509 1278 3570 si
1311 3530 1410 3571 come

125 3618 280 3683 scrivete
305 3638 376 3680 non
402 3638 499 3681 esser
524 3639 570 3679 ex
595 3617 770 3697 dignitate
802 3618 897 3679 della
928 3615 1023 3678 Sede
1049 3616 1274 3695 Apostolica;
1308 3619 1410 3679 basta

125 3728 193 3789 che
216 3746 285 3788 con
311 3723 335 3787 li
359 3724 512 3806 principi
537 3735 572 3786 et
596 3723 677 3787 altri
694 3723 876 3787 mostriate
893 3743 958 3785 con
978 3723 1150 3785 modestia
1175 3722 1197 3783 li
1223 3723 1275 3784 soi
1300 3725 1410 3786 errori

126 3833 270 3916 quando
299 3832 334 3893 vi
358 3831 463 3894 viene
487 3853 509 3894 a
532 3831 717 3913 proposito
748 3841 803 3894 tra
834 3832 910 3893 loro
936 3840 971 3892 et
996 3829 1064 3891 voi.
1120 3829 1193 3892 Con
1227 3852 1337 3893 mons.
1375 3832 1407 3892 di

126 3941 260 4003 Cevres
280 3948 425 4020 possete
439 3939 661 4020 responderli
678 3940 743 4001 che
760 3938 920 4020 piacesse
936 3959 957 3998 a
970 3937 1039 3999 Dio
1063 3937 1122 3999 tali
1141 3937 1278 3999 fossero
1295 3937 1410 4000 111010

126 4043 343 4129 portamenti
367 4066 472 4108 verso
498 4045 540 4108 N.
565 4043 601 4107 S.
626 4046 692 4109 che
718 4045 752 4106 di
778 4043 813 4107 S.
840 4042 894 4106 Str
917 4064 1022 4106 verso
1055 4042 1185 4106 Cesare
1217 4055 1252 4105 et
1284 4047 1349 4106 che
1374 4045 1408 4106 in

127 4153 347 4216 conscientia
379 4173 444 4215 sua
474 4173 513 4214 sa
537 4155 608 4214 ben
633 4153 700 4215 che
724 4173 794 4214 non
819 4153 865 4214 ha
890 4151 1037 4231 ragione
1070 4150 1104 4211 di
1137 4152 1267 4214 dolersi
1300 4154 1342 4214 ne
1375 4154 1409 4214 di

128 4268 330 4341 sospettare
354 4259 391 4321 di
415 4258 457 4322 N.
483 4257 519 4321 S.
567 4258 634 4321 Nel
659 4269 754 4321 resto
779 4258 992 4320 rimettetive
1017 4259 1051 4319 al
1076 4258 1350 4321 Prothonotario
1376 4272 1411 4321 et

129 4365 269 4428 conlui
293 4364 466 4428 conserite
490 4366 515 4428 il
541 4376 642 4428 tutto.

217 4471 322 4535 Circa
347 4473 465 4554 quello
497 4475 563 4536 che
591 4474 626 4535 in
658 4482 748 4536 tutte
781 4473 850 4534 due
882 4474 914 4532 le
947 4481 1066 4534 vostre
1099 4473 1226 4535 lettere
1259 4473 1410 4536 scrivete

132 4601 200 4643 non
219 4587 361 4664 possum
386 4600 493 4663 neque
515 4578 628 4642 ausim
653 4577 767 4642 (11111111
790 4577 935 4641 scribere
968 4588 1002 4640 et
1027 4579 1061 4640 in
1088 4579 1108 4641 1’
1130 4582 1221 4642 altra
1244 4581 1305 4642 sed
1324 4582 1415 4663 quod

132 4684 200 4748 1111
228 4684 329 4769 loqui
349 4707 417 4749 non
436 4694 595 4770 possum,
629 4684 671 4749 N.
697 4683 734 4748 S.
759 4688 868 4748 molto
901 4686 929 4746 si
955 4685 1163 4763 meraviglia
1195 4687 1229 4747 di
1258 4688 1314 4749 voi
1345 4689 1410 4750 che

133 4793 301 4856 habbiate
325 4803 425 4856 tanto
451 4795 598 4874 rispetto
623 4793 658 4855 di
684 4793 839 4856 scrivere
870 4803 904 4854 et
938 4794 973 4854 di
1005 4794 1161 4874 parlare,
1194 4796 1237 4856 nL·
1270 4795 1291 4856 li
1324 4815 1410 4878 pare
