3330 5580
667 480 799 536 &15
837 477 894 532 Gr*

140 629 270 709 quibus
295 649 481 710 possumus
507 638 566 688 aut
592 629 772 706 debemus,
805 646 980 706 nunquam
1007 625 1116 688 fuisse
1141 609 1219 688 esse
1253 639 1313 688 aut
1345 626 1422 688 fore

140 738 185 797 de
203 746 321 797 mente
348 748 382 797 et
406 735 601 797 intentione
627 744 748 796 nostra
764 734 821 795 vel
838 733 984 813 alicujus
1001 732 1112 794 nostri
1135 735 1191 795 vel
1211 734 1421 808 consentire,

142 843 350 919 defendere,
376 842 536 923 recipere
561 854 621 903 aut
636 861 847 922 promovere
872 860 1112 920 quoscumque
1137 861 1277 903 errores
1301 844 1419 903 haere-

141 970 198 1009 ses
223 961 283 1011 aut
309 970 479 1031 perversa
495 949 666 1028 dogmata
683 968 752 1028 que
767 959 891 1008 contra
906 945 1011 1009 fidem
1025 948 1246 1027 catholicam,
1264 962 1421 1011 sanctam

142 1057 292 1119 Matrem
320 1056 514 1118 Ecclesiam
551 1068 587 1117 ut
621 1056 776 1136 ejusdem
808 1053 892 1116 fidei
915 1054 1083 1116 articulos
1107 1065 1167 1116 aut
1197 1056 1421 1136 evangelium

139 1163 342 1239 militarent,
368 1164 431 1224 sed
455 1182 595 1242 semper
620 1173 743 1224 contra
767 1161 967 1223 haereticos
993 1181 1184 1241 perversos
1200 1163 1366 1225 doctores
1388 1175 1422 1224 et

140 1281 302 1331 errantes
327 1268 470 1331 summis
495 1269 630 1330 viribus
654 1271 819 1330 laborare
843 1268 949 1330 fidem
966 1268 1201 1330 Christianam
1227 1271 1422 1332 defendere

139 1397 251 1457 usque
276 1378 321 1438 ad
347 1375 529 1455 sanguinis
554 1376 582 1437 si
608 1376 805 1457 oportuerit
827 1374 1064 1438 effussionem.
1099 1376 1285 1458 Rogamus
1302 1377 1421 1458 itaque

140 1484 215 1545 Nos
233 1485 370 1545 Rector
389 1483 523 1545 llecani
548 1496 800 1565 procuratores
822 1482 1014 1545 consiliarii
1039 1493 1074 1544 et
1099 1504 1298 1545 assessores
1324 1498 1420 1546 ante·

140 1591 226 1652 dicti
254 1602 288 1652 et
313 1590 513 1651 nominibus
529 1590 656 1670 quibus
673 1610 791 1670 supra,
808 1609 873 1670 per
888 1610 953 1652 vos
969 1589 1143 1652 notarium
1166 1592 1345 1672 publicum
1371 1613 1421 1652 su·

138 1718 206 1778 per
230 1700 296 1759 hac
322 1708 442 1758 nostra
466 1696 724 1778 protestatione
758 1694 883 1758 confici
914 1696 949 1758 in
974 1695 1112 1778 signum
1139 1717 1244 1759 verae
1276 1710 1312 1759 et
1335 1699 1420 1759 inte-

139 1826 228 1879 grae
254 1804 336 1866 fidei
355 1815 508 1882 nostrae,
528 1824 633 1866 unum
650 1805 708 1865 vel
726 1807 829 1885 plura
842 1816 929 1884 quot
953 1814 1039 1885 quot
1062 1802 1194 1866 fuerint
1209 1804 1422 1879 necessaria,

139 1913 375 1973 instrumenta
404 1910 556 1991 publica:
615 1911 723 1972 Lecta
755 1911 873 1990 itaque
909 1931 974 1992 per
1006 1911 1195 1974 Dominum
1228 1914 1421 1976 Doctorem

141 2020 326 2080 ,indream
352 2018 514 2099 prefatae
532 2018 800 2098 protestationis
815 2018 931 2100 papiri
957 2019 1099 2095 scheda,
1124 2020 1333 2100 magnificus
1353 2023 1421 2082 llo-

140 2127 256 2187 minus
288 2127 442 2200 Rector,
481 2125 615 2187 llecani
650 2136 901 2206 procuratores
932 2124 1122 2187 consiliarii
1158 2138 1192 2188 et
1223 2148 1421 2190 assessores

139 2233 313 2294 antedicti
339 2231 405 2294 sibi
431 2254 451 2293 a
477 2253 530 2293 me
549 2234 685 2295 notario
710 2229 937 2311 infrascripto
965 2252 1068 2293 unum
1094 2236 1149 2294 vel
1168 2236 1271 2314 plura
1296 2235 1420 2297 instru-

141 2352 297 2401 mentum
312 2360 374 2401 seu
388 2339 618 2401 instrumenta
632 2339 707 2401 lieri
722 2341 946 2421 petierunt-
963 2339 1054 2400 Acta
1067 2352 1148 2401 sunt
1161 2342 1249 2402 haec
1260 2341 1421 2404 Viennae

141 2449 249 2508 Anno
274 2446 477 2525 indictione,
504 2446 571 2525 die,
588 2466 719 2521 mense,
745 2445 981 2527 pontificatus,
1008 2456 1043 2506 et
1067 2448 1146 2507 loco
1172 2447 1298 2528 quibus
1315 2470 1423 2530 super

141 2554 368 2633 presentibus
400 2553 530 2614 ibidem
560 2552 829 2613 honorabilibus
866 2563 901 2613 et
932 2551 1091 2633 providis
1123 2553 1207 2614 viris
1241 2554 1422 2617 Uldalrico

143 2659 583 2739 llerhucho·ll⁷olffgang‹·›
620 2660 749 2738 Henle,
790 2661 884 2721 Luca
926 2661 1073 2720 :llantsc
1119 2671 1154 2720 et
1186 2659 1420 2741 Wolffgango

141 2767 306 2847 llnngolt
332 2766 467 2827 civibus
491 2766 750 2828 Viennensibus
772 2768 921 2828 testibus
946 2767 991 2827 ad
1016 2768 1187 2848 premissa
1223 2769 1358 2829 vocatis
1387 2782 1421 2830 et

141 2874 287 2953 rogatis.

232 3087 277 3149 Et
301 3107 370 3169 ego
394 3087 552 3166 Joannes
579 3087 775 3151 Favorinus
799 3089 887 3152 alias
911 3089 1001 3171 gniti
1025 3088 1160 3152 shoffec
1185 3091 1334 3153 clericus
1363 3112 1420 3173 pa·

140 3194 312 3255 laviensis
343 3195 495 3256 diocesis
534 3216 634 3256 sacra
674 3196 847 3277 imperiali
883 3198 1097 3259 authoritate
1129 3198 1301 3267 notarius:
1341 3199 1421 3279 quia

141 3304 259 3363 dictae
277 3304 430 3364 schedae
447 3303 587 3364 lectioni
614 3303 861 3383 protestationi
887 3304 1119 3385 omnibusque
1143 3304 1220 3366 aliis
1245 3317 1279 3367 et
1305 3306 1420 3387 singu-

142 3411 196 3488 lis,
222 3411 302 3470 dum
329 3408 378 3471 sic
403 3421 440 3471 ut
460 3410 674 3490 premittitur
697 3409 823 3473 fierent
848 3422 883 3473 et
906 3423 1110 3491 agerentur,
1135 3432 1205 3472 una
1227 3432 1305 3474 curn
1323 3431 1420 3493 prae-

141 3515 332 3578 nominatis
357 3516 507 3577 testibus
531 3516 689 3579 interfui:
715 3537 829 3599 eaque
854 3519 903 3580 sic
929 3517 1004 3580 fieri
1029 3518 1100 3580 vidi
1125 3528 1161 3580 et
1177 3519 1296 3580 audivi
1321 3539 1362 3581 ac
1388 3519 1419 3580 in

141 3634 263 3685 notam
287 3624 439 3703 sumpsi:
473 3624 553 3685 ideo
578 3626 644 3686 hoc
669 3645 840 3706 praesens
865 3625 1045 3706 publicum
1074 3626 1342 3707 protestationis
1373 3626 1419 3687 in·

140 3741 374 3792 strumentum
424 3751 528 3792 manu
577 3752 654 3793 mea
698 3732 843 3813 propria
876 3731 1029 3795 fideliter
1061 3733 1229 3814 scriptum
1263 3754 1308 3795 ex
1340 3733 1422 3795 inde

140 3836 298 3914 confeci,
330 3837 524 3919 subscripsi
556 3848 591 3899 et
621 3838 802 3919 publicavi
835 3850 869 3901 et
894 3839 929 3901 in
954 3842 1045 3902 hanc
1071 3839 1219 3902 formam
1245 3840 1422 3920 publicam

141 3944 286 4024 redegi,
318 3943 493 4025 signoque
518 3955 554 4006 et
578 3945 719 4007 nornine
744 3947 831 4008 meis
855 3947 967 4009 solitis
998 3957 1034 4007 et
1058 3947 1236 4008 consuetis
1271 3946 1421 4027 signavi,

143 4052 177 4112 in
204 4049 309 4112 fidem
335 4054 445 4112 robur
469 4066 505 4112 et
528 4053 766 4115 testimonium
792 4053 946 4115 omnium
975 4064 1010 4114 et
1034 4053 1253 4135 singulorum
1279 4055 1421 4135 premis-

140 4178 260 4219 sorum
284 4171 432 4239 rogatus
456 4170 491 4219 et
516 4159 716 4239 requisitus.
