3330 5580
668 484 917 542 NJbibffl

147 639 187 692 et
214 641 266 694 tre
290 628 518 710 Monasterii‚
553 644 588 695 et
616 643 708 696 tutto
738 633 761 695 il
792 636 926 716 populo
958 654 1019 697 era
1051 632 1086 697 in
1111 632 1276 697 armenie
1301 635 1436 696 anchor

147 739 180 799 si
207 738 280 801 scia
303 759 341 802 se
366 759 387 801 a
412 759 495 802 caso
520 759 541 802 o
564 760 630 821 per
653 739 779 803 fraude
804 741 855 803 sia
880 751 933 802 sta
958 750 1073 822 posto.
1121 739 1216 804 Sono
1241 741 1364 803 andati
1389 742 1435 804 da

147 844 203 905 IV
227 847 309 907 mila
332 845 421 908 fanti
446 846 481 907 in
506 865 671 909 soccorso
696 848 741 910 de
766 845 961 929 Salzpurch
986 848 1070 911 etii
1095 848 1187 911 duca
1211 850 1256 910 da
1281 848 1435 910 Baviera

149 951 176 1013 li
201 952 406 1035 adiungeno
430 973 479 1015 un
503 974 648 1017 numero
674 955 718 1016 de
744 954 880 1017 cavalli.
929 955 981 1017 La
997 956 1078 1036 qual
1096 974 1198 1016 cossa
1214 954 1434 1016 intendendo

149 1058 176 1120 li
203 1055 456 1141 Salzpurgensi
480 1061 575 1123 hano
599 1062 767 1124 mandato
792 1063 838 1124 da
862 1061 971 1142 quelli
995 1062 1053 1124 del
1078 1063 1231 1123 contado
1264 1063 1309 1123 de
1337 1060 1435 1124 Tirol

148 1184 219 1246 per
241 1166 378 1228 haverli
401 1167 437 1228 in
462 1186 526 1229 suo
551 1187 727 1246 soccorso‚
754 1178 788 1229 et
813 1187 852 1228 se
882 1167 1006 1229 dubita
1036 1169 1146 1230 molto
1178 1167 1292 1230 cheli
1326 1169 1431 1230 ande·

147 1290 251 1351 tanc,
275 1275 303 1334 si
327 1292 392 1354 per
416 1274 451 1335 la
475 1273 637 1336 absentia
660 1274 719 1336 del
746 1273 931 1355 Principe,
961 1293 1061 1336 come
1087 1275 1192 1336 etiam
1216 1275 1434 1337 intendendo

149 1379 229 1441 loro
261 1380 328 1441 che
352 1379 376 1441 'l
406 1379 573 1462 Principe
601 1380 709 1442 habia
744 1380 870 1443 iterum
903 1384 1099 1463 acceptado
1131 1382 1367 1446 Salamancha
1401 1385 1434 1445 al

149 1483 302 1565 pristino
325 1486 420 1558 loco;
446 1497 543 1549 etse
567 1507 606 1548 se
631 1495 786 1549 metteno
810 1486 844 1549 in
871 1508 978 1567 arme,
1003 1487 1127 1550 dubito
1152 1489 1343 1551 vederemo
1367 1509 1433 1550 ma·

150 1591 244 1673 giori
267 1593 407 1655 tumulti
430 1595 496 1656 che
521 1594 645 1675 prima,
671 1604 706 1656 et
730 1604 821 1657 tutto
847 1597 929 1676 quei
953 1615 1063 1677 paese
1087 1606 1180 1657 sotto
1205 1615 1323 1677 sopra.

242 1697 315 1762 Son
350 1701 472 1761 venuti
507 1702 554 1761 da
589 1702 623 1763 la
660 1701 813 1765 Cesarea
848 1702 986 1764 Maesta
1022 1701 1087 1764 che
1111 1702 1133 1764 'l
1169 1722 1207 1764 se
1242 1701 1349 1764 habia
1384 1703 1430 1764 ad

150 1805 245 1868 indir
267 1807 302 1868 ia
326 1805 438 1869 dietta
461 1805 622 1888 imperial
653 1807 687 1869 in
724 1818 850 1889 questa
873 1820 968 1871 terra
992 1828 1056 1890 per
1080 1806 1152 1870 San
1179 1807 1331 1871 Michiel.
1379 1809 1431 1871 La

151 1913 236 1992 qual
260 1911 355 1974 dieta
379 1933 417 1975 se
433 1911 462 1974 si
486 1912 523 1975 fa
546 1914 666 1976 sencia
691 1916 725 1975 ia
741 1935 896 1996 persona
912 1916 970 1978 del
987 1915 1195 1996 Imperator,
1219 1915 1298 1978 sara
1322 1935 1431 1978 causa

153 2019 200 2080 de
224 2019 462 2100 grandissima
489 2019 709 2097 confussion,
742 2033 777 2083 et
806 2043 827 2082 a
859 2021 988 2083 iudicio
1017 2023 1062 2084 de
1093 2021 1173 2084 tutti
1198 2025 1242 2085 de
1270 2023 1425 2105 grandis-

154 2125 243 2187 simo
268 2129 370 2206 male,
394 2138 430 2188 et
455 2128 520 2189 che
545 2127 638 2189 saria
662 2130 771 2190 molto
796 2128 926 2210 melgio
952 2149 1021 2190 non
1046 2128 1076 2190 si
1098 2128 1247 2192 facesse.

244 2233 298 2294 De
322 2232 477 2295 Fiandra
502 2254 566 2315 per
591 2236 716 2296 lettere
741 2236 805 2296 dei·
826 2234 957 2296 XXVI
982 2237 1026 2299 de
1052 2237 1216 2300 Anversa
1239 2240 1340 2301 seha
1365 2240 1430 2300 che

154 2339 175 2399 'i
204 2339 316 2403 Paese
344 2341 451 2402 basso
489 2343 604 2404 havea
632 2342 728 2404 facto
760 2353 887 2424 tregua
918 2364 995 2405 cum
1028 2343 1164 2406 Franza
1196 2364 1263 2426 per
1290 2356 1431 2426 quattro

152 2446 250 2510 mesi.
297 2446 339 2510 El
364 2447 530 2530 Principe
555 2449 635 2511 sara
659 2454 717 2529 qui
743 2449 872 2530 cinque
898 2470 918 2512 o
943 2449 993 2511 sei
1018 2450 1135 2530 giorni
1159 2462 1195 2513 et
1219 2451 1278 2533 poi
1304 2452 1431 2513 dicono

152 2552 289 2615 andara
313 2574 334 2616 a
358 2555 546 2618 Stocardia
569 2555 603 2618 in
629 2555 884 2618 Bertimberch.

246 2662 432 2742 Augustae
457 2663 515 2725 die
539 2662 590 2724 III
615 2663 769 2743 Augusti
794 2663 943 2726 MDXX
953 2664 993 2727 V.

759 3110 833 3173 241.

592 3233 803 3336 campegius
833 3233 1004 3316 Sadalam

530 3381 701 3452 (Nuntiat.
721 3381 871 3440 German
896 3383 971 3441 Lm
990 3383 1055 3453 ut.)

663 3491 700 3554 (5.
722 3493 835 3553 Augusti
861 3503 945 3553 1525.›

333 3632 382 3694 Mi
407 3632 521 3694 scrive
547 3654 590 3694 un
618 3633 686 3695 mio
711 3633 826 3695 amico
859 3635 905 3694 da
938 3633 1108 3714 Inspruch
1134 3634 1199 3694 che
1224 3633 1245 3694 ’l
1272 3632 1439 3714 Principe

159 3739 189 3800 si
212 3739 393 3801 ritrovava
417 3760 438 3801 a
463 3739 614 3821 Vaylem
638 3740 673 3802 in
699 3739 853 3802 Baviera
877 3759 942 3821 per
965 3740 1100 3801 andare
1125 3739 1159 3800 in
1185 3740 1368 3822 Augusta,
1405 3753 1440 3802 et

160 3847 317 3909 secondo
342 3846 422 3908 altri
445 3846 482 3908 in
508 3847 652 3910 Austria
677 3862 712 3908 et
735 3849 852 3909 havea
876 3867 958 3909 seco
976 3846 1212 3908 Salamancha
1227 3846 1287 3927 piu
1303 3847 1439 3927 grande

161 3955 226 4015 che
243 3954 366 4035 prima.
407 3951 531 4016 Scrive
548 3955 664 4033 etiam,
689 3956 754 4016 che
770 3975 834 4016 sua
851 3954 1013 4016 Serenita
1031 3956 1145 4015 havea
1162 3953 1208 4015 da
1224 3953 1354 4015 Cesare
1370 3973 1440 4014 una

160 4061 270 4122 vaiise
296 4063 340 4123 de
365 4062 541 4140 mandati,
567 4072 601 4124 et
626 4063 691 4124 che
716 4061 744 4123 si
769 4063 923 4124 credeva
947 4061 1168 4123 dimanderia
1192 4061 1262 4122 ailo
1287 4060 1438 4141 Imperio

160 4168 315 4248 legenti
341 4170 407 4231 che
430 4168 454 4231 li
482 4168 637 4250 Principi
668 4178 704 4231 et
732 4169 814 4230 stati
848 4169 986 4230 deveno
1016 4188 1080 4248 per
1111 4169 1145 4229 la
1180 4186 1363 4248 promessa
1394 4166 1440 4227 da

163 4294 448 4356 accompagnare
465 4274 595 4339 Cesare
613 4275 646 4337 in
664 4276 775 4338 ltalia.
815 4275 909 4337 Altri
933 4276 999 4337 che
1015 4273 1233 4336 dimanderia
1250 4292 1319 4333 una
1335 4271 1441 4335 Dieta

162 4380 360 4462 Imperiaie,
375 4382 398 4443 il
416 4384 481 4444 che
497 4385 674 4464 potrebbe
691 4402 787 4444 esser
803 4402 868 4463 per
884 4384 918 4444 la
934 4401 1041 4444 causa
1053 4382 1119 4443 che
1131 4380 1260 4442 Vostra
1274 4378 1440 4462 Signoria

160 4488 247 4550 hara
282 4491 415 4551 veduta
448 4510 491 4551 ne
529 4490 553 4551 li
588 4489 676 4552 detti
712 4488 822 4550 ultimi
856 4488 987 4558 advisi;
1020 4486 1137 4570 potria
1170 4487 1275 4549 etiam
1308 4487 1438 4549 diman-

162 4594 248 4658 dare
272 4595 293 4658 l'
311 4615 381 4657 uno
407 4607 442 4658 et
466 4596 486 4657 1’
504 4599 605 4661 altro,
664 4595 706 4657 Li
742 4596 879 4657 tumulti
912 4595 948 4657 di
984 4595 1176 4658 Germania
1207 4613 1294 4656 sono
1318 4613 1384 4675 per
1406 4596 1441 4656 la

163 4702 326 4784 maggior
349 4714 451 4784 parte
477 4704 642 4784 quietati,
671 4713 705 4764 et
730 4702 757 4764 si
783 4704 931 4783 parlava
955 4701 991 4764 di
1016 4702 1162 4763 mandar
1186 4719 1351 4763 soccorso
1376 4720 1441 4781 per

162 4811 197 4872 la
221 4808 310 4892 Liga
335 4811 370 4871 di
395 4808 527 4874 Svevia
551 4813 584 4873 ai
609 4811 684 4873 R¹¹¹⁰
699 4808 975 4894 Saitzburgense
1000 4810 1156 4872 anchora
1180 4806 1357 4870 assediato
1382 4809 1439 4870 nel

1225 4931 1280 4987 334
