3330 5580
723 409 983 474 eumve-2

219 559 370 628 maiores
394 571 491 639 sunt;
518 561 614 646 quod
639 561 742 626 Italia
766 563 903 628 litteras
927 564 1063 646 amisit,
1097 564 1193 646 quod
1217 560 1335 628 Tibris
1353 560 1503 626 defluxit

219 671 254 734 in
285 671 518 756 Rhenum“¹).
580 670 812 753 Philosophia
850 683 885 735 et
923 672 1106 755 theologia
1147 685 1228 734 tunc
1260 671 1430 753 temporis
1467 671 1501 733 in

220 776 412 842 Germania
442 778 519 841 fere
551 777 693 840 omnino
732 779 1026 860 negligebantur;
1065 779 1192 842 litteris
1225 791 1260 841 et
1298 779 1503 860 eloquentia

219 885 337 949 omnia
361 888 570 968 agebantur.
618 885 662 946 Et
687 886 832 947 Lutheri
857 886 1032 967 discipuli,
1058 888 1139 948 dum
1164 886 1339 948 Lutherus
1364 895 1399 948 et
1425 906 1500 947 con-

220 993 317 1072 cilia,
343 1004 378 1055 et
401 991 604 1074 pontificem
630 1003 665 1054 et
689 994 843 1074 logicam
867 1015 1009 1075 quoque
1034 993 1245 1076 reiciebae),
1271 1015 1405 1056 summa
1430 993 1502 1055 dili-

219 1101 341 1183 gentia
365 1120 571 1182 summoque
596 1100 713 1161 studio
739 1102 868 1182 stylum
894 1111 929 1163 et
953 1101 1101 1163 sormam
1127 1101 1338 1183 scriptorum
1353 1113 1388 1163 et
1404 1100 1501 1162 libel-

220 1210 333 1270 lorum
359 1218 394 1271 et
418 1216 616 1288 satyrarum
638 1207 819 1288 polibant;
845 1209 1028 1270 Aleander
1051 1208 1127 1290 ipse
1152 1218 1301 1270 testatur
1328 1228 1366 1270 se
1397 1207 1501 1288 parti-

220 1315 333 1376 culam
359 1313 532 1396 epistolae
557 1313 706 1375 Hutteni
721 1316 908 1395 plusquam
933 1326 1072 1378 centum
1091 1314 1370 1377 correctionibus
1395 1313 1501 1376 refer·

219 1434 300 1501 tarn,
314 1442 430 1504 paene
447 1421 595 1501 singulis
610 1420 729 1482 verbis
745 1421 864 1482 decies
881 1421 1033 1501 mutatis,
1051 1422 1190 1485 vidisse.
1217 1422 1296 1502 Qua
1313 1421 1501 1483 occasione

220 1548 397 1610 generosa
421 1527 681 1609 iustissimaque
706 1529 757 1588 ira
783 1527 964 1589 Aloander
988 1527 1166 1591 invehitur
1191 1528 1225 1590 in
1247 1539 1407 1590 oratores
1422 1528 1502 1589 illos

221 1644 256 1698 et
281 1645 407 1717 poetas
431 1634 490 1715 qui
514 1634 655 1696 Romae
679 1635 860 1715 plaeclara
891 1634 1036 1716 ingenia
1067 1635 1339 1716 politioremque
1372 1636 1501 1716 stylum

221 1742 255 1804 in
281 1761 395 1803 vacua
414 1732 600 1822 poemata,
636 1740 673 1802 in
704 1742 886 1803 rhetorum
917 1742 1089 1804 exercitia
1121 1742 1345 1804 insumebant
1371 1762 1429 1822 „se
1455 1741 1501 1802 vi·

219 1848 336 1911 cissim
361 1850 560 1911 lacerantes
583 1869 649 1930 pro
675 1869 743 1911 uno
759 1851 902 1926 verbo“,
927 1849 1009 1910 dum
1033 1850 1216 1911 unamines
1231 1870 1310 1911 esse
1326 1849 1500 1911 deberent

219 1955 254 2017 in
289 1955 497 2018 defensione
530 1957 726 2018 catholicae
758 1955 859 2034 fidei,
896 1955 1091 2037 Italiaeque
1127 1958 1262 2018 honore
1286 1955 1500 2017 vindicando

220 2084 241 2125 a
266 2061 487 2125 Germanicis
511 2063 739 2143 insultibusll.

310 2167 382 2231 Sed
407 2169 475 2231 iam
501 2169 586 2230 satis
613 2170 656 2231 de
680 2170 754 2242 his;
781 2169 969 2233 dicendum
994 2169 1111 2251 potius
1136 2171 1180 2231 de
1206 2168 1357 2232 utilitate
1383 2189 1501 2231 monu-

222 2291 418 2339 mentorum
444 2289 644 2339 nostrorum
670 2298 715 2338 ex
741 2277 868 2358 quibus
902 2288 998 2339 certe
1029 2279 1138 2338 multa
1162 2297 1228 2358 pro
1252 2276 1420 2339 historica
1446 2297 1501 2337 ve-

220 2386 323 2448 ritate
347 2385 543 2447 haurienda
568 2395 696 2463 essent,
722 2384 751 2445 si
774 2385 914 2447 occasio
933 2395 968 2447 et
985 2384 1234 2466 opportunitas
1251 2403 1343 2446 nunc
1360 2384 1502 2445 sineret.

220 2493 344 2574 Magni
375 2491 479 2574 pretii
513 2503 593 2552 sunt
624 2491 872 2554 instructiones
915 2492 1136 2573 Hieronymo
1177 2493 1358 2554 Aleandro
1397 2492 1503 2553 datae

220 2621 297 2661 curn
331 2601 376 2660 ad
418 2596 907 2660 diaetam'Wormaciensem
945 2598 1277 2681 proficisceretur⁴),
1315 2598 1502 2680 responsio

220 2704 337 2768 Caroli
375 2706 417 2767 V.
450 2707 494 2767 ad
532 2705 719 2786 epistolam
755 2705 1004 2767 Universitatis
1029 2703 1292 2785 Viennensis5),
1328 2705 1502 2786 epistolae

220 2813 348 2875 Leonis
372 2814 417 2874 ad
442 2811 590 2874 nuncios
614 2812 648 2873 in
674 2810 884 2891 Germania,
909 2824 945 2874 et
969 2814 1013 2874 ad
1040 2811 1203 2874 Carolum
1231 2811 1261 2872 V
1269 2811 1303 2893 ⁶),
1329 2812 1501 2893 epistolae

220 2919 387 3001 anonymi
412 2922 456 2980 (le
480 2921 587 2980 rebus
611 2918 853 3000 germanicisl)
866 2968 874 2997 ,
901 2919 1039 2980 litterae
1066 2918 1236 2980 Aleandri
1262 2921 1306 2979 ad
1331 2918 1500 2997 Joanneni

219 3026 379 3104 lickium,
413 3027 552 3088 litterae
585 3025 684 3087 Hezii
710 3027 755 3087 ad
781 3025 998 3087 Clementem
1027 3026 1170 3105 Papam,
1200 3025 1344 3086 Adriani
1371 3027 1431 3090 Vl.
1457 3026 1501 3087 ad

220 3133 365 3195 Archid.
392 3133 674 3205 Ferdinandum,
701 3132 851 3195 Gustavi
877 3132 1012 3194 Wasae
1045 3132 1141 3214 regis
1175 3132 1326 3193 Sueciae
1356 3135 1399 3194 ad
1433 3133 1499 3194 Ha·

220 3239 380 3301 ‹lrianum
409 3239 479 3317 vt,
505 3239 676 3318 johannis
703 3240 834 3301 llaneri
860 3242 905 3301 ad
931 3239 1147 3301 Clementem
1180 3235 1298 3322 VIN).
1336 3240 1410 3303 Nec
1445 3239 1501 3301 mi-

220 3347 316 3409 noris
340 3347 444 3428 pretii
472 3346 683 3408 iudicandae
709 3347 882 3426 epistolae
906 3346 1071 3435 Rorarii,
1102 3345 1268 3427 Episcopi
1294 3346 1502 3427 Tridentini,

219 3453 417 3517 Cardinalis
443 3454 707 3536 Lotharingiae,
734 3454 949 3516 1⁴'erdinandi
974 3453 1173 3516 archiducis
1209 3454 1253 3515 de
1283 3454 1377 3514 bello
1401 3455 1499 3515 rusti·

220 3581 361 3640 corum,
396 3572 430 3624 et
463 3561 688 3643 perspicuum
721 3561 807 3623 illud
840 3561 1088 3642 compendium
1122 3560 1325 3622 rebellionis
1359 3571 1394 3621 et
1417 3561 1501 3621 belli

221 3669 412 3731 eorundem
439 3671 485 3730 ab
510 3669 621 3731 Eckio
647 3688 711 3749 pro
738 3667 918 3730 Clemente
944 3669 1043 3749 Papa
1069 3680 1103 3729 et
1128 3689 1192 3749 pro
1224 3667 1381 3728 Henrico
1406 3666 1437 3726 V
1442 3666 1501 3728 lll.

220 3775 374 3856 Angliae
402 3795 489 3855 rege
515 3777 757 3856 compositum.

309 3881 605 3944 Pretiosissimum
637 3892 898 3944 monumentum
937 3892 990 3943 est
1031 3881 1115 3943 illud
1153 3901 1221 3962 quo
1253 3879 1501 3942 instructiones

219 3988 443 4051 continentur
475 3989 653 4071 Episcopo
689 3988 899 4070 'l'ergestino
931 4000 966 4050 et
990 3988 1127 4067 Jodoco
1157 3990 1262 4049 datae
1288 3998 1325 4049 ut
1350 3987 1499 4050 lirideri-

219 4116 297 4159 cum
309 4095 489 4158 Saxonem
503 4117 524 4157 a
535 4095 691 4157 fovendo
704 4096 859 4157 Luthero
874 4095 1139 4173 deterrerent¹¹);
1156 4095 1396 4156 l'allavicinus
1409 4095 1500 4157 enim

221 4223 264 4264 ex
298 4205 366 4265 hoc
391 4214 427 4265 et
451 4225 496 4265 ex
521 4202 681 4265 oratione
707 4203 879 4265 Aleandri
904 4207 948 4264 ad
975 4203 1101 4263 ducem
1126 4201 1366 4281 Saxonem¹⁰'),
1395 4224 1500 4283 quen-

296 4383 313 4446 ¹)
334 4383 446 4430 Ducum.
471 4393 509 4432 12.
530 4381 577 4433 lol.
597 4393 638 4440 31.
658 4389 683 4428 et
704 4382 763 4431 doc.
785 4383 817 4440 50
839 4380 884 4430 sol.
909 4393 965 4444 142,
989 4391 1046 4443 143.

296 4461 318 4528 ’)
337 4464 450 4512 Ducum.
471 4474 512 4526 74.
533 4462 580 4514 sol.
604 4463 661 4523 196.
915 4461 938 4526 ¹)
959 4463 1072 4509 Ducum.
1093 4468 1135 4512 ω,
1157 4460 1203 4509 iol.
1227 4471 1284 4522 155,
1308 4466 1363 4522 150.

292 4540 313 4605 ⁴)
334 4546 401 4592 Doc.
421 4559 445 4607 4.
466 4543 512 4591 sol.
533 4543 557 4594 8.
911 4538 933 4605 ⁵)
954 4543 1021 4594 Doc.
1044 4553 1067 4603 7.
1089 4541 1136 4592 sol.
1161 4541 1199 4589 16.

292 4621 313 4684 ⁶)
333 4626 400 4673 Doc.
420 4623 444 4676 8.
465 4623 512 4671 sol.
537 4634 566 4686 17
586 4629 612 4670 et
635 4634 673 4682 13.
694 4622 739 4672 sol.
759 4634 802 4685 34.
912 4621 931 4682 ⁷)
952 4623 1018 4673 Doc.
1044 4631 1071 4682 15
1092 4627 1117 4669 et
1138 4632 1179 4671 20.

292 4703 314 4771 ”l
335 4707 401 4752 Iloc.
422 4715 463 4763 23,
487 4716 544 4765 129,
569 4715 625 4763 131,
649 4715 705 4767 141.
909 4700 931 4770 9)
951 4704 1018 4750 Dec.
1039 4712 1080 4762 35.
1102 4701 1146 4750 tol.
1168 4703 1209 4764 87.

282 4781 316 4854 ¹⁰)
335 4788 402 4836 Duc.
423 4796 465 4844 30.
486 4784 532 4837 fol.
553 4788 595 4846 09.
