3330 5580
707 469 765 523 ΦΩ
803 469 953 525 &204

191 614 227 678 S.
253 613 305 676 S‘I
327 613 722 696 prudentissimamente
747 613 905 678 discurre
930 636 975 678 ne
999 617 1032 678 la
1057 615 1198 698 prefata
1230 617 1488 699 instructione,

191 723 225 784 la
249 724 354 803 quale
379 722 488 785 lascio
513 727 571 803 qui
597 723 630 784 al
656 723 796 785 Barone
821 724 1006 802 acciochd,
1031 743 1131 787 come
1155 724 1200 788 V.
1225 721 1261 788 S.
1287 727 1426 806 scrive,
1452 731 1488 791 el

190 850 229 892 se
263 849 307 893 ne
340 829 528 911 prevaglia
563 829 788 910 bisognando
825 850 892 893 con
928 839 1053 912 questa
1086 830 1227 895 Maesta
1263 842 1301 896 et
1326 830 1486 915 Signori

191 957 257 999 con
282 935 306 999 li
331 934 425 1018 quali
449 936 525 998 fari
549 936 570 998 l'
589 936 718 1017 officio,
743 957 799 998 ma
823 958 915 1019 poco
940 937 969 1000 si
993 957 1040 1019 po
1065 958 1191 1020 sperat
1214 940 1261 1003 da
1286 939 1370 1004 essi.

280 1061 335 1123 Ex
359 1061 455 1124 Alba
479 1060 600 1142 Regia
624 1059 751 1123 XVIII
775 1061 869 1140 Junii
893 1061 1093 1126 MDXXV.

731 1302 934 1313 Ammo-m.va

792 1607 866 1672 224.

519 1722 633 1823 Epist.
664 1722 859 1802 Tridentin.
888 1721 1061 1803 Clementi
1087 1723 1166 1802 VII.

609 1868 707 1942 (aput.
726 1869 811 1942 prino.
830 1869 882 1928 111.
901 1868 966 1942 fort
984 1870 1048 1943 171.)

696 1989 954 2056 μιμώιμω

277 2123 487 2186 Beatissime
514 2124 622 2185 Pater
645 2133 681 2185 et
707 2122 858 2186 Domine
883 2122 1150 2203 colendissime,
1180 2133 1262 2205 post
1286 2127 1480 2190 beatorum

187 2233 318 2313 pedum
343 2232 464 2293 oscula
488 2229 703 2293 humilimam
728 2232 1071 2294 commendationem
1105 2242 1141 2294 et
1165 2231 1348 2295 servitutis
1373 2254 1480 2297 meae

188 2338 415 2402 oblationem.

278 2445 393 2525 Quum
417 2444 548 2506 Vestra
572 2444 757 2507 Beatitudo
783 2443 891 2506 dubio
916 2446 1041 2525 procul
1065 2445 1111 2507 sit
1134 2466 1155 2506 a
1179 2444 1330 2508 diversis
1354 2448 1479 2511 admo·

189 2552 262 2615 nita
280 2554 325 2614 de
343 2550 654 2635 progressionibus
666 2549 856 2613 furentium
870 2551 1080 2614 rusticorum
1089 2550 1316 2633 Germaniae,
1328 2561 1363 2615 et
1377 2557 1479 2636 quod

189 2661 326 2722 illorum
352 2658 470 2720 rabies
494 2658 608 2720 indies
634 2667 801 2736 extensa,
832 2659 937 2721 modo
962 2660 1069 2738 hanc,
1094 2659 1200 2722 modo
1225 2658 1319 2722 illam
1358 2662 1478 2740 regio·

191 2788 272 2830 nem
296 2775 526 2847 pervagatur,
551 2764 656 2844 nihil,
681 2764 741 2826 ubi
766 2764 904 2827 saevire
929 2765 1056 2847 coepit,
1081 2766 1267 2845 intactum,
1292 2767 1380 2830 nihil
1406 2789 1479 2832 non

189 2874 465 2936 contaminatum
491 2891 569 2934 esse
594 2870 714 2934 sinens
723 2918 732 2951 ,
763 2881 797 2933 et
830 2870 923 2933 idem
948 2883 1129 2953 postremo
1153 2893 1223 2936 non
1249 2873 1335 2936 nihil
1359 2874 1479 2940 visum

188 2980 298 3044 fuisse
322 2981 448 3041 initae
473 2977 607 3060 patria,
636 2988 674 3040 ut
705 2998 818 3058 usque
846 2979 882 3041 in
906 2978 1105 3060 presentia,
1138 3000 1242 3042 nemo
1266 2981 1381 3062 possit
1408 2984 1478 3046 sibi

190 3088 397 3172 promittere
422 3087 466 3149 de
492 3085 787 3148 commotionibus
801 3085 887 3163 istis,
913 3106 1017 3168 quem
1035 3086 1169 3149 exitum
1185 3087 1255 3150 sint
1272 3089 1479 3171 sortiturae,

191 3195 297 3258 etiam
320 3197 416 3276 quod
441 3196 485 3257 de
519 3193 588 3256 illis
620 3193 875 3274 componendis
905 3192 1036 3275 iugiter
1064 3215 1175 3277 opera
1204 3206 1368 3282 navetur:
1403 3217 1478 3261 non

192 3302 315 3385 putavi
350 3302 431 3364 ideo
467 3300 546 3363 fore
582 3300 840 3379 necessarium,
879 3301 974 3381 quod
1008 3300 1174 3364 Vestram
1210 3302 1478 3368 Beatitudinem

193 3412 317 3472 horum
342 3408 495 3471 omnium
520 3409 614 3469 haud
639 3406 800 3487 ignaram
824 3417 894 3489 ego
919 3407 1079 3488 pluribus
1104 3410 1348 3490 obtunderem,
1373 3432 1478 3492 prae·

193 3519 296 3598 cipue
321 3516 416 3598 quod
440 3515 469 3577 si
494 3515 634 3596 singula
659 3514 788 3576 vellem
810 3534 1014 3593 recensere,
1046 3515 1148 3578 citius
1181 3536 1236 3579 me
1268 3526 1410 3599 tempus
1443 3531 1481 3583 et

194 3633 292 3687 carta
316 3621 495 3702 deficeret,
520 3643 625 3703 quam
650 3619 768 3684 omnia
798 3621 919 3683 verbis
950 3621 1120 3703 consequi
1151 3643 1310 3704 possem,
1344 3625 1411 3687 sed
1444 3637 1481 3689 et

195 3730 367 3794 eiusmodi
392 3739 521 3809 essent,
548 3749 615 3810 que
639 3729 770 3791 Vestra
794 3727 974 3792 Sanctitas
997 3729 1047 3793 sic
1072 3730 1252 3793 teterrima
1268 3743 1304 3794 et
1321 3735 1479 3813 nephan-

195 3838 338 3900 dissima
371 3838 493 3900 audire
524 3838 834 3918 perhorresceret;
871 3857 994 3900 verum
1034 3838 1197 3919 equidem
1229 3840 1297 3902 hoc
1335 3839 1480 3905 silentio

195 3946 492 4028 praetereundum
518 3943 658 4006 minime
683 3942 779 4022 duxi,
814 3962 1016 4025 quanquam
1041 3965 1108 4008 nec
1131 3947 1199 4007 hoc
1231 3945 1345 4027 ipsam
1369 3948 1480 4028 plane

196 4055 319 4132 lateat,
353 4053 448 4132 quod
482 4071 585 4114 omne
613 4050 759 4112 istorum
785 4049 955 4130 studium,
980 4071 1066 4115 cura
1098 4061 1133 4114 et
1166 4060 1314 4115 conatus
1344 4063 1415 4135 est,
1441 4065 1480 4118 ut

196 4179 355 4242 quosque
380 4158 489 4221 sacris
513 4157 688 4237 initiatos,
719 4166 755 4220 et
782 4156 896 4239 ipsam
928 4157 1082 4240 denique
1114 4159 1393 4223 ecclesiasticam
1430 4162 1479 4225 di-

197 4267 369 4349 gnitatem
389 4266 532 4327 deleant
556 4274 591 4326 et
608 4272 781 4345 evertant,
806 4274 842 4327 et
858 4263 973 4345 siquid
988 4265 1216 4346 reliquiarum
1240 4265 1333 4329 illius
1358 4288 1479 4349 super·

197 4372 314 4453 suerit,
337 4371 372 4434 id
398 4382 507 4434 totum
533 4371 690 4453 pendeat
713 4373 758 4433 ab
783 4370 939 4453 ipsorum
964 4391 1080 4451 manu,
1104 4375 1162 4435 vel
1187 4373 1355 4454 alioquin,
1372 4373 1403 4437 si
1418 4375 1480 4456 qui

198 4481 436 4564 praelatorum
467 4479 686 4541 contendunt
718 4498 756 4541 se
787 4488 824 4541 et
847 4499 910 4541 sua
933 4477 1040 4559 tueri,
1065 4479 1134 4542 illis
1158 4500 1304 4543 necesse
1328 4480 1374 4543 sit
1397 4501 1478 4545 con-

199 4587 352 4650 ditiones
376 4586 597 4668 turpissimas
621 4594 822 4668 acceptare,
846 4594 882 4649 et
899 4585 1020 4648 auditu
1041 4585 1316 4668 indignissimas,
1328 4587 1364 4650 id
1382 4590 1478 4669 quod

198 4694 378 4778 plerisque
402 4714 466 4775 per
496 4692 725 4756 Germaniam
747 4693 818 4755 iam
842 4693 1035 4774 contigisse
1059 4703 1193 4757 certum
1217 4705 1281 4759 est.
1318 4694 1397 4778 Ego
1421 4716 1478 4759 au·

198 4814 268 4863 tem
293 4820 358 4882 per
381 4801 449 4862 hoc
474 4810 612 4880 tempus
636 4819 706 4880 quo
740 4799 859 4882 coepit
887 4800 975 4863 haec
1007 4803 1106 4865 labes
1135 4822 1337 4884 erumpere,
1368 4812 1404 4867 et
1431 4804 1476 4867 ad
