3330 5580
516 464 535 503 x
704 422 761 477 043
802 410 952 468 354&

188 557 365 638 Burgensi
401 558 459 621 die
490 558 626 622 XVIII.
653 558 727 621 Mai
751 559 859 621 Anno
883 558 1026 622 Domini
1050 557 1271 623 MDXXIV.
1324 558 1465 642 Regno·
1512 595 1521 599 -

188 686 264 728 rum
287 675 487 728 nostrorum
511 664 667 727 Romani
691 665 814 746 quinto
840 666 987 728 aliorum
1011 686 1098 729 vero
1123 666 1280 729 omnium
1304 687 1410 732 nono.

278 789 425 853 Carolus
447 789 568 851 divina
581 789 727 853 favente
751 791 940 853 clementia
961 811 991 854 e.
1009 790 1257 853 Romanorum
1272 790 1470 873 Imperator
1518 810 1553 849 ·.

188 919 328 981 semper
353 898 551 979 Augustus,
585 916 626 957 ac
652 895 866 960 Germaniae
890 897 1143 980 Hispaniarum
1174 896 1362 980 utriusque
1387 896 1470 962 Sici·
1527 930 1553 941 -

188 1006 279 1086 liae,
304 1005 548 1084 Hierusalem,
574 1004 800 1086 Hungariae,
825 1005 1048 1083 Dalmatiae,
1080 1004 1246 1068 Croatiae
1276 1015 1345 1068 etc.
1376 1004 1469 1085 Rex,
1536 1049 1553 1075 .

189 1113 374 1175 Archidux
400 1112 584 1191 Austriae,
613 1112 697 1173 Dux
722 1111 954 1193 Burgundiae
978 1112 1211 1192 Brabantiae,
1236 1121 1303 1177 etc.
1346 1112 1471 1177 Comes
1535 1128 1553 1166 ι·

189 1219 379 1283 Flandriae
403 1229 469 1283 etc.

437 1854 635 1935 Joaohiuus
663 1853 994 1955 Brandeburgensis
1022 1852 1203 1934 Clementi

659 1999 760 2073 (Epist.
778 1999 868 2059 Ptine.
887 2000 909 2058 1·
929 1999 996 2073 Μ)

701 2118 755 2186 (zo.
776 2120 840 2168 Maii
864 2118 951 2187 1524.)

276 2265 362 2326 Post
385 2266 571 2325 beatorum
596 2263 726 2343 pedum
752 2262 875 2324 oscula
899 2261 1048 2340 devota,
1080 2261 1345 2343 paratissimum
1370 2267 1470 2330 obse

188 2371 319 2454 quendi
352 2368 527 2432 affectum.
577 2366 807 2432 Sanctissime
847 2377 951 2449 pater
989 2368 1142 2431 Domine
1181 2370 1470 2456 clementissime,

186 2478 328 2541 lieteras
364 2497 454 2557 quas
488 2475 620 2538 Vestra
655 2473 833 2537 Sanctitas
869 2494 1004 2537 summo
1040 2496 1103 2538 sue
1137 2485 1288 2557 paterne
1324 2479 1471 2559 pietatis

186 2585 303 2648 animo
350 2583 667 2646 Reverendissimo
713 2582 747 2644 in
789 2581 929 2645 Christo
963 2582 1055 2665 patri
1091 2583 1245 2647 Domino
1275 2583 1472 2651 Laurentio

186 2691 294 2756 Tituli
319 2687 473 2752 Sanctae
499 2688 689 2751 Anastasie
722 2689 923 2770 presbitero
956 2688 1135 2752 Cardinali
1161 2689 1359 2773 Campegio
1385 2694 1472 2758 Ves-

187 2809 240 2860 tre
265 2808 301 2860 et
325 2796 534 2878 Apostolice
560 2796 675 2875 Sedis,
700 2798 746 2857 ad
771 2796 973 2877 proximum
996 2796 1222 2877 imperialem
1247 2797 1474 2866 Conventum

187 2905 421 2986 Nurimberge
446 2905 675 2981 celebratum,
700 2905 745 2966 de
770 2905 885 2966 latere
910 2904 1041 2984 legato,
1066 2904 1112 2965 ad
1137 2926 1192 2967 me
1217 2907 1370 2969 dederat
1394 2930 1474 2991 per·

186 3013 364 3090 serendas,
389 3012 609 3093 gratulanter
640 3011 780 3092 accepi,
815 3011 942 3091 quibus
966 3011 1212 3075 incredibilem
1244 3023 1280 3075 et
1303 3012 1472 3080 fermissi-

187 3141 279 3183 mam
303 3119 369 3181 sibi
396 3120 440 3181 de
465 3137 521 3179 me
547 3119 789 3199 propulsande
818 3118 1015 3180 lutheriane
1047 3118 1263 3199 infectionis,
1300 3142 1368 3185 nec
1400 3143 1473 3189 non

187 3226 411 3310 procurande
435 3223 715 3304 tranquillitatis,
748 3234 783 3286 et
814 3224 980 3286 cristiane
1014 3225 1210 3307 reipublice
1241 3226 1474 3295 defendendo

189 3333 391 3415 opinionem
422 3329 633 3411 ,concepisse
664 3331 834 3397 intellexi.
875 3331 1038 3413 Egissem
1067 3333 1232 3413 equidem
1262 3335 1307 3396 ad
1340 3335 1476 3402 Vestre

188 3438 397 3503 Sanctitatis
432 3448 534 3518 vota,
570 3440 637 3498 hoc
672 3437 875 3500 cristianum
912 3459 1017 3521 opus,
1061 3451 1346 3522 quantocumque
1392 3466 1475 3510 meo

187 3546 343 3629 presidio
368 3543 631 3607 accuratissime
661 3544 690 3605 si
713 3563 779 3626 per
803 3546 949 3627 negotia
976 3566 1055 3609 mea
1082 3548 1247 3629 urgentia
1278 3553 1475 3616 conventui

188 3653 379 3732 antedicto,
405 3650 506 3713 sicuti
530 3650 647 3713 animo
671 3649 883 3714 affectabam
907 3651 1079 3715 interesse
1105 3653 1279 3728 licuisset;
1304 3656 1476 3736 profecto

189 3760 319 3825 etenim
348 3759 476 3839 ingens
509 3757 677 3838 gaudium
712 3758 818 3820 michi
855 3758 1062 3838 insedisset,
1099 3771 1171 3823 tum
1207 3760 1284 3842 ipse
1320 3764 1476 3829 consilio

191 3867 307 3931 studio
332 3867 455 3928 labore
481 3875 516 3926 et
531 3866 684 3943 hortatu,
709 3865 898 3946 quidquam
925 3869 1020 3946 quod
1045 3867 1079 3929 in
1104 3869 1276 3931 honorem
1301 3867 1475 3955 Omnipo·

190 3975 297 4038 tentis
333 3972 417 4051 Dei,
455 3971 648 4034 communis
684 3971 925 4035 cristianitatis
964 3976 1127 4053 salutem,
1164 3974 1234 4038 imo
1270 3983 1306 4038 et
1340 3975 1477 4044 Vestre

188 4079 413 4159 Sanctitatis,
442 4077 621 4159 totiusque
646 4077 810 4140 Romane
835 4078 995 4142 Ecclesie
1028 4091 1257 4162 augmentum
1291 4084 1476 4168 cessisset,

188 4189 332 4252 efficere
375 4185 590 4267 potuissem
634 4186 759 4247 eodem
803 4186 985 4266 potissime
1034 4187 1182 4269 intuitu,
1229 4210 1298 4270 quo
1337 4189 1477 4258 Vestra

188 4294 367 4359 Sanctitas
383 4302 455 4355 tam
472 4290 574 4355 nimis
597 4293 796 4374 emergenti
816 4293 933 4356 heresi
957 4304 993 4356 et
1016 4294 1129 4358 furori
1152 4297 1318 4378 populari
1337 4301 1473 4365 condo·

187 4405 281 4481 lens,
307 4409 406 4462 tanta
438 4402 555 4480 gratia
586 4409 622 4462 et
653 4398 786 4480 pietate
810 4420 875 4480 pro
900 4401 1040 4464 sublimi
1064 4403 1236 4485 pastorali
1262 4424 1325 4467 suo
1350 4404 1475 4470 officio

189 4527 277 4589 erga
308 4505 556 4571 Germanicam
591 4505 780 4568 Nationem
814 4506 960 4588 affecta,
995 4506 1096 4572 Sacri
1128 4509 1271 4593 Imperii
1300 4531 1476 4593 proceres

188 4615 299 4697 legati
323 4613 378 4676 sui
402 4611 631 4691 auctoritate,
655 4612 847 4693 prudentia
869 4623 906 4677 et
929 4635 998 4697 ope
1023 4621 1281 4699 commonebat,
1305 4638 1376 4700 quo
1400 4629 1474 4686 tur·

189 4721 281 4785 batis
296 4723 403 4783 rebus
420 4721 623 4783 consulatur
637 4718 844 4783 ferventius
880 4721 960 4802 Qua
978 4743 1017 4786 re
1039 4743 1118 4786 cum
1133 4724 1269 4805 gratius
1293 4725 1401 4789 michi
1416 4747 1475 4793 ac·
