3330 5580
715 453 944 511 4342&

189 602 338 683 gontino
365 601 491 663 diceva
516 603 549 664 la
573 622 689 664 messa
713 611 748 663 et
773 612 875 664 stava
899 621 964 663 eon
989 621 1079 682 gran
1095 601 1248 680 sinistro,
1272 623 1337 683 per
1353 623 1473 666 essere

188 719 243 771 sta
266 708 475 791 indispost0.
522 708 740 771 L'oratione
765 709 782 770 ὁ
808 718 901 770 stata
925 707 960 769 in
986 708 1191 788 Todescho‚
1223 710 1271 771 lui
1302 711 1350 772 ha
1381 710 1473 772 ditto

188 818 254 878 che
287 836 356 878 non
390 837 427 878 se
453 814 600 879 dovaria
625 826 850 897 comportare
875 815 941 876 che
965 813 1020 877 fra
1043 814 1199 877 Martino
1223 817 1411 879 mandasse
1435 818 1472 879 in

187 925 286 986 volta
317 923 340 985 li
372 922 424 985 soi
455 923 549 994 libri;
584 944 640 985 ma
671 944 709 992 se
741 943 808 1005 pur
839 921 864 983 il
888 923 988 1004 Papa
1015 923 1061 983 ha
1085 921 1227 1002 fallam,
1259 932 1297 986 tu
1328 926 1394 986 che
1419 924 1472 988 sei

187 1031 401 1111 imperatore
434 1031 468 1091 lo
502 1029 609 1092 debbi
643 1030 777 1092 andare
802 1050 823 1092 a
848 1030 1039 1112 castigare;
1071 1040 1107 1092 et
1138 1029 1231 1093 intro
1264 1052 1342 1093 cum
1369 1041 1473 1094 tanta

186 1136 279 1199 furia
304 1146 339 1199 et
363 1136 532 1216 superbia
556 1137 728 1199 cridando
752 1138 785 1199 al
811 1137 952 1218 prefato
977 1127 1191 1218 imperatore
1217 1140 1283 1200 che
1308 1160 1346 1201 se
1364 1139 1470 1201 dove-

187 1244 240 1306 ria
263 1263 491 1326 vergognare
516 1265 536 1305 a
561 1265 632 1306 non
657 1244 733 1306 sare
757 1244 779 1307 l’
796 1244 951 1326 impresa
975 1246 1019 1306 de
1040 1245 1143 1307 Italia
1167 1265 1187 1308 e
1212 1247 1277 1307 che
1302 1267 1339 1308 se
1356 1246 1469 1308 Maxi-

187 1351 330 1413 miliano
355 1350 451 1413 fusse
475 1351 571 1414 visso
596 1351 649 1414 sin
666 1372 687 1413 a
704 1351 815 1433 quest'
831 1353 920 1413 hora
944 1361 979 1413 et
1003 1353 1155 1414 havesse
1179 1354 1312 1414 havuta
1337 1352 1371 1414 la
1385 1353 1471 1415 mita

187 1459 281 1520 dello
306 1468 398 1520 stato
424 1460 488 1520 che
513 1458 559 1520 lui
586 1460 642 1536 ha,
666 1457 688 1520 l’
703 1457 850 1520 haveria
873 1457 1023 1539 pigliata
1047 1458 1105 1520 lui.
1138 1458 1183 1520 Et
1200 1458 1296 1539 dipoi
1313 1479 1350 1520 se
1368 1461 1468 1521 volto

188 1585 291 1627 verso
323 1565 347 1626 li
380 1565 526 1628 electori
558 1575 593 1628 et
624 1565 753 1647 grandi
777 1563 979 1628 Germanici
1012 1565 1184 1628 strilando
1210 1567 1275 1628 che
1300 1586 1337 1628 se
1363 1567 1468 1628 dove-

188 1671 287 1734 riano
312 1672 412 1736 unire
436 1673 517 1734 tutti
542 1681 577 1735 et
601 1692 668 1734 con
686 1671 759 1734 Sua
775 1671 913 1734 Maesti
938 1673 1071 1734 andare
1089 1693 1110 1734 a
1128 1683 1252 1753 questa
1276 1674 1469 1735 benedetta

188 1779 341 1862 impresa
372 1781 416 1841 de
442 1779 563 1860 Italia,
595 1778 672 1842 acio
705 1800 774 1841 una
806 1781 903 1840 volta
934 1778 1221 1860 conquistassero
1255 1781 1374 1860 quello
1404 1780 1469 1842 che

188 1907 249 1949 era
274 1907 336 1949 suo
361 1899 397 1950 et
421 1888 538 1969 quello
563 1887 629 1949 che
654 1886 704 1968 gli
729 1905 790 1948 era
814 1895 908 1948 stato
932 1894 1056 1947 tenuto
1080 1880 1180 1948 tanto
1206 1894 1325 1966 tempo
1347 1895 1470 1948 contra

120 2016 123 2022 ·
188 1993 337 2070 iustitia,
372 2004 407 2056 et
431 2013 502 2056 non
525 1994 605 2057 fece
629 1994 698 2056 mai
723 1996 814 2074 altro
838 1995 904 2055 che
928 1992 1066 2054 cridare
1092 1993 1211 2072 ltalia,
1244 1992 1364 2071 ltalia,
1390 2014 1468 2055 cum

188 2112 286 2164 tanta
310 2101 573 2183 impertinentia
597 2110 728 2183 quanto
754 2101 808 2162 dir
832 2121 870 2163 se
894 2120 952 2181 po,
978 2110 1013 2162 et
1038 2100 1131 2162 disse
1154 2099 1295 2182 quando
1311 2100 1370 2161 voi
1389 2100 1467 2162 altri

187 2208 341 2271 facevati
366 2228 496 2290 guerra
519 2209 540 2271 l'
558 2229 628 2272 uno
653 2218 688 2272 et
712 2208 733 2271 l’
751 2209 841 2271 altro
863 2217 898 2269 et
915 2216 1040 2269 contra
1056 2209 1091 2269 lo
1109 2208 1339 2290 Imperatore,
1357 2209 1468 2288 Papa,

85 2299 90 2311 ¹
191 2316 395 2395 Venetiani,
430 2317 566 2378 Franza
598 2327 634 2380 et
665 2317 744 2378 tutti
777 2315 800 2377 li
833 2314 913 2377 altri
943 2335 1052 2377 erano
1077 2313 1201 2377 alhola
1225 2325 1349 2377 contra
1373 2315 1468 2376 dicto

187 2422 416 2503 imperatore;
450 2428 476 2486 sl
511 2426 576 2486 che
607 2423 667 2486 voi
698 2423 779 2485 tutti
811 2425 900 2485 hora
932 2421 1075 2484 uniteve
1102 2421 1250 2485 insieme
1275 2433 1311 2485 et
1336 2422 1467 2483 andate

188 2539 311 2591 contra
335 2531 380 2591 de
404 2532 492 2594 loro,
531 2530 719 2611 Gurgense
744 2551 804 2592 era
828 2549 1000 2611 appresso
1025 2529 1047 2591 l'
1065 2540 1186 2591 orator
1210 2529 1407 2610 apostolico
1433 2539 1469 2590 et

188 2658 249 2699 era
280 2636 475 2717 interprete
499 2658 520 2698 a
544 2637 592 2699 lui
623 2648 659 2699 et
683 2659 704 2698 a
728 2637 847 2718 quello
881 2635 916 2697 di
944 2635 1088 2698 Franza.
1139 2637 1308 2699 Anchora
1339 2635 1468 2697 dicono

188 2745 253 2806 che
277 2741 487 2806 Sedunense
512 2755 547 2805 et
571 2743 651 2805 altri
674 2746 793 2806 hanno
818 2742 913 2805 lacto
938 2742 1015 2805 fare
1040 2756 1166 2824 questa
1190 2743 1370 2824 predicha.

295 2850 434 2912 Achille
466 2850 501 2910 di
527 2850 693 2932 Baglioni
725 2872 788 2912 ora
821 2852 949 2912 cercha
980 2852 1025 2912 de
1055 2861 1188 2912 metere
1213 2850 1363 2912 Horatio
1389 2870 1468 2912 cum

187 2958 221 3019 lo
244 2957 458 3038 imperatore
482 2977 547 3038 per
571 2957 801 3038 gentilhomo‚
827 2979 882 3020 ma
906 2979 961 3020 me
986 2978 1052 3039 par
1075 2960 1141 3021 che
1158 2968 1325 3039 questoro
1345 2978 1416 3019 non
1432 2960 1467 3020 lo

187 3063 371 3145 vogliano;
397 3063 491 3127 dicto
508 3063 649 3127 Achille
667 3063 863 3127 conferisce
888 3065 990 3146 quasi
1014 3085 1153 3145 sempre
1178 3086 1255 3128 cum
1281 3068 1314 3128 el
1336 3063 1468 3146 Signor

188 3170 371 3233 Antonino
403 3173 447 3235 de
478 3173 512 3233 la
536 3171 684 3233 Rovere
709 3182 744 3233 et
768 3173 924 3234 anchora
949 3192 1027 3233 cum
1052 3171 1234 3234 Anthonio
1259 3173 1362 3235 dela
1387 3169 1466 3234 Sas-

188 3287 281 3358 seta‚
312 3281 357 3341 de
390 3288 486 3341 sorte
520 3280 586 3340 che
618 3298 673 3341 me
698 3278 733 3340 sa
759 3279 907 3341 credere
931 3279 983 3340 sia
1008 3281 1040 3340 el
1065 3299 1151 3340 vero
1176 3280 1295 3360 quello
1320 3280 1386 3341 che
1411 3299 1467 3341 me

188 3384 282 3447 disse
307 3406 328 3448 a
351 3385 466 3467 questi
490 3385 606 3467 giorni
632 3386 750 3466 quello
775 3385 949 3448 servitore
974 3388 1018 3448 de
1043 3385 1171 3465 Joanni
1201 3387 1247 3448 da
1272 3383 1468 3448 Sassatello

187 3496 253 3556 che
278 3493 372 3556 disse
397 3495 463 3556 che
489 3494 509 3555 'l
532 3491 664 3575 Signor
688 3495 733 3556 de
759 3493 944 3555 Piombino
970 3513 1031 3556 era
1055 3494 1163 3555 molto
1189 3492 1302 3554 amico
1327 3503 1362 3554 et
1387 3513 1469 3555 con·

188 3599 349 3662 federato
374 3620 440 3662 con
466 3600 666 3663 Francesco
690 3600 806 3662 Maria
831 3611 866 3662 et
891 3620 970 3662 cum
994 3601 1028 3661 la
1053 3621 1116 3661 sua
1140 3600 1363 3681 compagnia.

295 3708 464 3770 Preterea
495 3709 529 3770 la
561 3707 708 3770 mattina
740 3718 912 3789 seguente
945 3708 989 3769 de
1022 3709 1054 3768 le
1080 3706 1231 3788 exequie
1256 3708 1321 3769 che
1346 3706 1383 3768 fu
1408 3705 1468 3768 alli

189 3814 313 3876 XXIII
339 3815 565 3895 expectando
589 3814 623 3877 io
648 3836 669 3877 a
693 3823 791 3877 corte
815 3835 917 3877 mess.
942 3814 1095 3876 Michele
1112 3814 1300 3877 Todescho
1325 3815 1390 3875 che
1409 3813 1467 3895 gia

188 3921 224 3983 su
250 3921 385 3983 Mastro
420 3923 464 3983 de
496 3923 529 3984 le
554 3921 756 4000 cerimonie‚
781 3918 990 3983 Sedunense
1019 3941 1082 3983 suo
1115 3931 1265 4002 patrone
1290 3930 1325 3983 et
1349 3921 1468 4000 quello

188 4049 320 4091 messer
345 4030 482 4109 Joanne
509 4029 599 4092 Gaio
616 4043 617 4047 ’
632 4039 762 4111 agente
795 4029 853 4090 del
879 4027 1067 4090 Cardinale
1092 4027 1269 4107 Colonna‚
1301 4027 1351 4107 gli
1377 4047 1467 4089 com·

188 4157 293 4217 parse
324 4136 408 4198 certi
441 4136 654 4198 alabardieri
679 4137 736 4198 del
763 4136 820 4197 Re
845 4147 881 4198 et
904 4154 975 4197 uno
1000 4136 1141 4215 erald0,
1173 4135 1197 4196 li
1226 4135 1320 4215 quali
1352 4154 1467 4196 mena·

188 4243 361 4324 ciorongli
387 4244 432 4306 de
456 4245 596 4306 butarlo
620 4244 654 4305 in
680 4241 785 4305 frume
810 4253 846 4304 et
869 4242 927 4324 piri
953 4239 1003 4322 gli
1026 4243 1169 4303 volsero
1194 4241 1290 4319 dare,
1317 4239 1468 4301 dicendo

189 4352 310 4413 chela
332 4351 478 4413 mattina
494 4350 614 4413 avanti
638 4349 671 4412 in
699 4352 838 4433 capella
863 4351 920 4411 del
944 4348 1106 4430 predicto
1131 4348 1190 4409 Re
1215 4347 1236 4407 l’
1253 4350 1391 4409 haveva
1416 4368 1468 4408 re·

188 4478 293 4540 preso
318 4460 400 4539 quel
425 4458 517 4520 frate
542 4460 607 4520 che
631 4459 771 4520 havera
795 4455 891 4518 facto
916 4455 937 4516 l'
955 4455 1126 4516 oratione.

295 4565 370 4627 Ben
389 4585 474 4627 vero
493 4568 511 4627 e
529 4567 595 4627 che
613 4564 707 4626 dicto
723 4564 829 4625 MesS.
845 4563 997 4625 Michele
1015 4583 1092 4624 cum
1118 4561 1204 4622 certi
1230 4559 1309 4621 altri
1334 4560 1468 4622 homini

189 4673 234 4732 da
267 4674 336 4734 ben
370 4692 433 4752 per
465 4672 581 4753 spatio
610 4671 642 4733 d’
662 4692 706 4732 un
731 4673 820 4732 hora
844 4689 1038 4751 represeno
1064 4668 1158 4730 dicto
1184 4666 1275 4729 lrate
1300 4668 1344 4729 de
1370 4678 1467 4730 tante

188 4777 449 4859 impertinentie
482 4781 547 4841 che
580 4779 758 4840 l'haveva
790 4777 884 4839 dicto
917 4786 1041 4838 contro
1074 4777 1108 4836 la
1133 4772 1183 4836 δ’*
1214 4776 1258 4836 de
1283 4773 1325 4837 N.
1352 4773 1402 4835 Sro
1434 4784 1468 4836 et
