3330 5580
835 829 909 895 233.

691 945 862 1024 Roianus
891 942 1063 1027 Sadoleto.

679 1090 796 1159 (varior.
817 1093 854 1151 ed
871 1094 953 1151 (iloni
972 1093 1009 1152 n
1027 1095 1075 1160 51.)

745 1212 798 1276 (18.
817 1213 884 1278 Julii
907 1212 993 1281 1525.)

321 1354 360 1416 EI
387 1352 492 1416 Serffl⁰
517 1354 682 1435 Principe
706 1358 822 1417 havea
842 1356 1039 1419 deliberato
1064 1358 1177 1438 partir
1201 1357 1246 1420 de
1263 1356 1322 1438 qui
1340 1356 1387 1419 ali
1404 1356 1521 1418 XVII

232 1472 266 1522 et
290 1463 404 1523 ander
428 1482 449 1522 a
474 1460 652 1542 Coupaier
675 1481 740 1541 per
764 1464 936 1525 accordar
965 1463 988 1525 li
1012 1463 1152 1526 tumulti
1176 1464 1221 1526 de
1246 1463 1425 1545 Algovia;
1463 1484 1522 1526 ma

232 1570 265 1630 la
298 1569 387 1650 Liga
417 1570 462 1629 de
499 1567 630 1629 Suevia
662 1571 826 1631 havendo
850 1570 910 1650 piir
941 1572 1038 1633 volte
1069 1570 1160 1633 fatto
1190 1570 1355 1633 intendet
1387 1592 1409 1632 a
1444 1568 1522 1632 Sua

232 1677 324 1737 Sere
350 1677 416 1737 che
441 1696 505 1756 per
530 1688 635 1736 conto
660 1678 788 1738 alcuno
818 1698 888 1739 non
922 1678 1075 1739 voleano
1109 1678 1282 1754 accordo,
1315 1677 1394 1738 anzi
1419 1679 1519 1740 vole·

232 1804 324 1845 vano
349 1783 504 1864 castigat
529 1783 551 1844 li
576 1782 707 1864 prefati
733 1783 942 1865 Algoviensi
966 1805 1045 1846 curn
1069 1786 1102 1846 le
1126 1805 1237 1863 arme,
1271 1784 1520 1846 ultimamente

233 1891 393 1971 partirno
418 1892 465 1951 da
488 1890 594 1952 Ulma
619 1902 671 1970 et,
705 1890 902 1952 simulando
939 1892 1051 1953 ander
1086 1890 1120 1952 in
1146 1910 1311 1953 soccorso
1341 1892 1386 1952 de
1418 1888 1517 1953 Salz-

231 1998 354 2077 purch,
372 1997 536 2059 voltorno
561 2017 582 2057 a
606 1999 640 2057 Ia
664 1997 763 2058 volta
786 1996 822 2058 di
846 1997 997 2078 Chempt
1022 2006 1058 2060 et
1081 1997 1105 2059 li
1130 2018 1151 2059 a
1175 2017 1245 2059 una
1269 1999 1350 2077 lega
1375 2018 1413 2058 se
1434 1998 1519 2059 dice

234 2104 389 2165 bahiano
421 2103 522 2165 morti
556 2104 602 2164 da
633 2103 719 2164 VIII
745 2103 826 2166 mile
860 2103 998 2183 villani,
1030 2107 1064 2165 Ia
1093 2105 1175 2185 qual
1211 2125 1314 2165 cossa
1346 2105 1392 2165 ha
1415 2104 1518 2166 facto

231 2212 444 2291 sopraseder
468 2212 502 2271 la
525 2210 657 2291 partita
682 2212 740 2272 del
765 2210 941 2292 Principe.
990 2212 1062 2273 Pur
1078 2211 1224 2273 intendo
1249 2212 1315 2272 che
1330 2230 1394 2271 sua
1418 2208 1516 2272 Sese

230 2318 276 2378 ha
301 2317 467 2378 mandato
493 2318 538 2377 da
562 2316 585 2378 li
610 2315 741 2397 prefati
773 2317 817 2378 de
851 2319 885 2379 la
914 2317 1005 2399 LIga
1034 2339 1056 2380 a
1087 2318 1227 2380 dolerse
1261 2317 1326 2379 che
1354 2316 1517 2380 habiano

229 2426 399 2485 assaltato
432 2426 475 2485 de
505 2424 612 2503 quelli
637 2424 758 2486 villani
790 2445 811 2486 a
835 2424 859 2486 li
883 2425 991 2505 qualli
1015 2426 1155 2486 haveva
1178 2443 1362 2505 promesso
1388 2425 1432 2484 de
1460 2444 1515 2487 ac-

229 2531 382 2592 cordarli
408 2540 442 2592 et
467 2531 512 2591 ad
536 2531 730 2592 exhortarli
757 2531 790 2593 di
817 2551 910 2593 novo
935 2553 956 2593 a
980 2552 1069 2613 pace
1094 2541 1130 2593 et
1154 2530 1366 2609 concordia,
1392 2540 1428 2592 et
1452 2551 1514 2594 ve·

231 2650 314 2699 nuta
339 2641 373 2699 Ia
397 2645 561 2718 resposta
585 2658 623 2699 se
647 2657 753 2719 spera
778 2640 843 2700 che
867 2638 922 2700 fra
946 2639 999 2701 VI
1022 2638 1138 2720 giorni
1163 2635 1236 2701 Sua
1260 2635 1355 2700 Sere
1378 2638 1516 2700 andern

231 2767 251 2807 a
283 2747 504 2826 parlamento
536 2764 614 2806 curn
645 2745 754 2825 quelli
782 2746 827 2806 de
856 2747 890 2808 la
921 2745 1012 2827 Liga
1036 2755 1071 2808 et
1095 2747 1140 2807 de
1173 2743 1197 2807 li
1227 2745 1286 2825 poi
1317 2765 1424 2807 sene
1449 2765 1511 2807 an·

230 2855 316 2917 darii
340 2855 374 2917 in
400 2853 556 2933 Austria,
582 2863 617 2915 et
642 2873 679 2914 se
704 2873 773 2914 non
790 2854 924 2914 andarir
941 2854 987 2915 da
1004 2853 1111 2933 quelli
1137 2853 1182 2914 de
1197 2853 1232 2914 la
1247 2851 1348 2932 Liga,
1373 2852 1513 2914 andarir

229 2965 274 3024 de
299 2966 356 3043 qui
382 2962 427 3023 de
451 2965 560 3040 longo
585 2959 620 3022 in
646 2959 801 3023 Austria.
850 2960 899 3021 Le
924 2979 1025 3023 cosse
1057 2960 1101 3020 de
1126 2959 1321 3039 Salzpurch
1346 2968 1450 3020 steno
1476 2957 1514 3019 in

192 3060 195 3065 ¹
229 3070 392 3151 maggior
416 3068 594 3129 discordia
618 3068 684 3129 che
709 3067 789 3146 med,
814 3068 856 3129 nd
881 3069 1010 3129 voleno
1035 3065 1069 3128 in
1109 3068 1212 3129 alcun
1241 3075 1346 3127 conto
1379 3063 1404 3127 il
1429 3064 1514 3127 Car-

229 3178 357 3239 dinale.
404 3174 452 3237 Se
485 3175 582 3255 dice,
615 3195 671 3236 ma
702 3175 762 3256 gii
794 3194 865 3236 non
895 3177 968 3237 sci0
1002 3194 1067 3255 per
1091 3185 1200 3253 certe,
1231 3175 1296 3235 che
1325 3171 1372 3233 lui
1402 3171 1514 3234 habia

230 3291 416 3364 acceptato
441 3282 475 3343 in
501 3281 685 3343 coadiutor
713 3281 737 3342 il
761 3301 917 3343 vescovo
942 3281 986 3343 de
1012 3280 1161 3342 Patavia
1183 3300 1249 3361 per
1264 3278 1396 3342 volersi
1413 3278 1512 3340 adiu·

229 3401 385 3452 tarcum
410 3391 443 3452 el
466 3388 592 3451 favore
616 3388 660 3450 de
686 3387 708 3449 li
732 3388 863 3451 fratelli
888 3390 946 3450 del
970 3388 1072 3449 Duce
1097 3387 1131 3448 di
1159 3386 1321 3448 Baviera.
1588 3380 1592 3385 ’

317 3497 368 3559 La
381 3496 487 3559 Dieta
512 3498 556 3558 de
581 3495 640 3576 qui
664 3516 734 3558 non
761 3497 778 3558 d
804 3497 938 3558 anchor
962 3497 1147 3566 conclusa;
1184 3494 1213 3556 si
1238 3514 1343 3575 spera
1376 3491 1412 3554 di
1437 3494 1512 3556 ben

228 3626 284 3667 ma
308 3624 377 3666 non
404 3604 477 3666 scio
503 3606 568 3665 che
592 3605 661 3665 ben
686 3602 806 3685 possia
830 3623 977 3685 sperare
1000 3602 1165 3666 vedendo
1190 3601 1214 3663 il
1238 3620 1423 3663 commune
1448 3601 1510 3663 de·

228 3713 377 3794 syderar
409 3712 487 3773 chel
521 3710 573 3772 sia
608 3712 726 3772 levato
752 3712 866 3773 almen
892 3710 915 3773 il
940 3711 1136 3790 temporale
1160 3729 1181 3770 a
1206 3708 1227 3769 li
1253 3707 1511 3787 Ecclesiastici‚

228 3818 272 3880 ne
298 3821 325 3880 si
356 3820 417 3899 pol
443 3818 497 3879 dir
529 3838 625 3879 esser
656 3820 747 3879 altro
781 3818 846 3879 che
871 3817 892 3879 ’l
921 3816 1104 3897 Principe,
1138 3816 1220 3896 qual
1249 3835 1328 3875 eum
1357 3823 1451 3876 tutto
1484 3813 1509 3875 il

226 3948 310 3989 core
335 3927 357 3988 li
383 3925 546 3988 defende.

316 4033 403 4095 Heri
428 4055 507 4095 sera
532 4053 623 4094 vene
648 4035 773 4095 lettere
799 4034 832 4094 al
858 4031 1022 4112 Principe
1054 4032 1104 4097 de¹
1131 4030 1165 4090 Ia
1196 4028 1350 4091 Cesarea
1367 4026 1508 4088 Maesti

226 4142 270 4202 de
297 4140 388 4202 XIV
413 4142 471 4202 del
495 4154 640 4222 passati)
665 4160 729 4220 per
759 4143 791 4201 le
825 4140 942 4219 quelle
976 4137 1075 4199 avisa
1105 4138 1216 4198 haver
1245 4135 1444 4196 deliberata
1473 4135 1510 4196 la

227 4259 358 4310 venuta
381 4248 415 4309 in
440 4248 651 4327 Alemagna.
700 4247 738 4307 In
757 4247 960 4328 Hinspruch
976 4245 1033 4306 die
1048 4243 1187 4305 XVIII.
1202 4242 1284 4322 Julii
1303 4240 1507 4304 MDXXV.
