3330 5580
712 498 770 565 iao
809 491 861 567 ait
900 494 957 564 ca

195 634 262 718 bus
285 651 553 719 Provinciarum
570 657 823 734 Vicedominis,
840 655 1008 737 scultetis,
1033 655 1216 719 advocatis
1241 654 1480 740 burgimagis·

196 750 268 843 tris,
284 763 497 844 pretoribuS,
519 765 733 844 consulibus
758 764 894 826 civibus
910 773 945 825 et
962 765 1273 826 communitatibus
1290 786 1332 827 ac
1350 765 1481 829 ceteris

195 870 474 952 quibuscumque
514 872 643 934 nostris
680 882 715 933 et
751 871 842 933 sacri
876 869 1017 952 Imperii
1053 890 1094 931 ac
1133 870 1238 932 etiam
1278 881 1480 934 nostrorum

194 977 487 1040 hereditariorum
518 978 777 1059 principatuum
813 988 847 1040 et
883 976 1145 1059 provinciarum
1179 978 1331 1040 subditis
1368 980 1477 1060 cujus-

195 1104 343 1165 cumque
368 1084 563 1165 dignitatis
589 1095 700 1146 status
726 1106 787 1146 seu
813 1083 1024 1147 conditionis
1049 1084 1119 1146 sint
1144 1094 1179 1146 et
1203 1105 1269 1167 per
1290 1098 1479 1166 presentes

194 1190 353 1270 requisiti
378 1190 510 1253 fuerint
533 1192 684 1272 gratiam
710 1204 867 1256 nostram
892 1202 927 1254 et
951 1212 1054 1254 omne
1079 1194 1220 1255 bonum.

284 1298 357 1359 Nos
386 1298 471 1359 moti
495 1300 706 1378 urgentibus
730 1299 927 1361 rationibus
959 1311 994 1360 et
1019 1299 1242 1379 praearduis,
1271 1303 1478 1379 accedente,

193 1405 341 1466 consilio
374 1414 409 1466 et
433 1425 607 1467 consensu
633 1416 832 1468 nostrorum
857 1416 893 1468 et
917 1405 1009 1468 sacri
1037 1405 1175 1486 imperii
1201 1408 1398 1470 electorum
1423 1429 1475 1471 ce·

195 1522 421 1591 terorumque
446 1511 643 1594 principum
668 1523 703 1574 et
720 1522 873 1575 statuum
894 1512 951 1574 hie
968 1513 1064 1593 apud
1083 1532 1147 1574 nos
1163 1528 1477 1594 congregatorum,

195 1616 369 1679 edidimus
404 1627 537 1680 certum
573 1620 727 1681 edictum
763 1620 837 1682 sive
862 1621 1066 1683 mandatum
1080 1619 1281 1683 Martinum
1308 1621 1476 1685 luterum

194 1745 235 1785 ac
261 1726 376 1804 legem
402 1724 664 1806 impressoriam
689 1747 908 1789 concernens
928 1736 966 1787 ut
980 1726 1081 1790 iuxta
1095 1738 1281 1808 presentes
1298 1728 1475 1794 videbitis,

194 1831 408 1893 Mandantes
432 1831 566 1894 idcirco
583 1833 686 1894 vobis
704 1833 865 1896 omnibus
890 1842 924 1895 et
940 1834 1086 1895 cuilibet
1107 1842 1262 1897 vestrum
1281 1838 1348 1897 sub
1374 1836 1476 1917 penis

194 1939 353 2001 emendis
383 1953 418 2001 et
442 1939 743 2002 satisfactionibus
768 1940 802 2001 in
828 1940 999 2003 eiusmodi
1029 1941 1135 2002 edicti
1164 1950 1225 2001 aut
1253 1941 1411 2003 mandati
1435 1961 1476 2004 ac

193 2045 285 2126 legis
310 2045 435 2107 litteris
460 2047 634 2108 contentis
659 2046 752 2108 omni
778 2047 869 2109 serie
885 2047 1102 2127 presentium
1121 2068 1187 2128 per
1202 2056 1361 2110 tenorem
1380 2050 1474 2130 quod

193 2153 342 2233 quilibet
357 2163 512 2215 vestrum
528 2154 727 2235 hujusmodi
744 2165 901 2216 nostrum
918 2154 1071 2216 edictum
1088 2156 1291 2216 mandatum
1304 2173 1346 2216 ac
1358 2157 1474 2237 legem

193 2260 367 2322 universis
392 2270 427 2322 et
451 2261 601 2342 singulis
625 2272 696 2322 tam
721 2261 851 2324 nostris
866 2281 971 2341 quam
988 2260 1072 2323 viris
1088 2261 1238 2323 subditis
1263 2271 1296 2322 el
1322 2261 1392 2324 illis
1417 2263 1475 2343 qui

194 2378 335 2430 vestrae
360 2370 509 2429 subsunt
536 2368 752 2449 jurisditioni
778 2380 813 2430 et
841 2355 1308 2449 administrationi‘publice
1342 2369 1473 2431 denun-

194 2474 288 2535 tietis
314 2485 349 2535 et
374 2476 444 2554 legi
469 2474 626 2553 faciatis,
658 2473 780 2556 eisque
805 2477 871 2536 sub
895 2475 997 2555 penis
1023 2475 1180 2537 emendis
1205 2488 1240 2537 et
1264 2474 1473 2539 satisfactio·

194 2580 297 2643 nibus
322 2581 498 2643 mandatis
523 2591 559 2642 et
583 2583 627 2643 ad
654 2603 696 2644 ea
721 2581 973 2662 constringatis
997 2592 1034 2642 ut
1059 2581 1231 2643 eiusmodi
1245 2582 1363 2644 edicto
1382 2603 1475 2644 man·

193 2689 276 2750 dato
304 2707 345 2749 ac
370 2688 443 2767 legi
467 2687 501 2748 in
528 2688 689 2750 omnibus
714 2688 855 2769 punctis
879 2698 913 2749 et
938 2688 1095 2749 articulis
1113 2687 1324 2750 obedienter
1339 2688 1476 2768 vivant,

193 2806 228 2856 et
253 2794 449 2856 inherendo
474 2804 707 2875 exequantur.
755 2793 924 2879 Similiter
949 2806 984 2855 et
1009 2814 1072 2857 vos
1097 2815 1163 2875 pro
1187 2794 1290 2857 vobis
1314 2795 1402 2876 ipsis
1427 2797 1476 2858 ita

192 2901 332 2963 faciatis
357 2913 394 2962 ut
419 2912 541 2964 nostra
565 2913 618 2964 est
643 2902 844 2964 omnimoda
877 2902 1043 2963 voluntas
1069 2912 1103 2962 et
1128 2901 1262 2964 seriosa
1285 2904 1473 2965 sententia.

805 3363 858 3427 82.

510 3478 900 3558 Vioeoancellarius
927 3480 1145 3560 Aloandro.

634 3617 777 3687 (Nuntiat.
797 3618 922 3676 German
940 3617 970 3675 t.
989 3617 1037 3685 tt)

510 3741 561 3798 (12.
584 3738 648 3786 Maii
671 3749 745 3798 1521.
765 3766 797 3774 —
818 3738 983 3785 Wormatiae
1003 3739 1042 3784 ez.
1064 3735 1148 3800 Maii.)

278 3860 515 3924 Hiermattina
545 3860 582 3923 fu
606 3863 694 3923 letta
718 3863 775 3923 nel
800 3881 901 3923 sacro
928 3860 1132 3923 Consistoro
1165 3859 1199 3922 in
1224 3861 1407 3941 presentia
1436 3862 1472 3923 di

189 3970 232 4032 N.
247 3970 283 4033 S.
298 3983 333 4030 et
346 3980 435 4030 tutto
454 3969 474 4030 'l
492 3969 587 4030 Rmo
606 3967 794 4050 Colleggio
809 3969 843 4029 la
854 3967 1031 4029 sententia
1048 3977 1082 4028 et
1095 3966 1362 4029 dechiaratione
1376 3970 1472 4030 della

189 4090 291 4138 santa
315 4084 432 4137 mente
463 4075 498 4136 di
523 4075 653 4138 Cesare
678 4076 711 4136 in
739 4074 947 4137 defensione
972 4075 1064 4136 della
1090 4072 1172 4135 fede
1197 4085 1230 4135 et
1257 4072 1352 4135 Sede
1388 4096 1471 4158 apo·

189 4184 313 4246 stolica
338 4193 464 4245 contra
487 4182 511 4244 il
536 4184 730 4245 maladetto
755 4182 878 4263 spirito
911 4181 946 4244 di
977 4181 1111 4243 Luther
1143 4191 1178 4242 et
1207 4180 1322 4242 intesa
1355 4180 1391 4242 fu
1427 4185 1472 4244 da

189 4287 224 4351 S.
250 4288 390 4352 Santita
415 4300 450 4351 et
474 4290 554 4352 tutti
583 4289 606 4352 li
632 4290 762 4352 Revmi
797 4288 941 4369 Signori
973 4309 1039 4350 con
1072 4291 1269 4370 allegrezza
1303 4297 1338 4348 et
1371 4289 1470 4352 satis·

188 4395 337 4457 fattione
363 4395 572 4458 incredibile
606 4407 824 4477 approvata,
861 4397 980 4457 lodata
1017 4405 1051 4457 et
1087 4398 1246 4457 exaltata
1282 4398 1470 4476 pregando

187 4501 380 4564 humillime
405 4500 454 4565 Su
480 4503 707 4566 Beatitudine
743 4524 810 4566 con
840 4503 908 4565 essi
933 4502 980 4565 δή
1003 4502 1133 4565 Revmi
1169 4505 1235 4564 che
1260 4501 1390 4564 Nostro
1417 4501 1467 4565 Si-

187 4626 299 4687 gnore
317 4608 385 4671 Dio
410 4610 590 4693 augmenti
616 4620 651 4672 et
667 4610 830 4692 prosperi
855 4619 981 4691 questo
1005 4610 1271 4692 religiosissimo
1289 4608 1407 4671 animo
1432 4610 1467 4672 di

187 4735 227 4776 su
251 4715 390 4778 Maesta
415 4727 450 4780 et
474 4717 554 4779 tutti
578 4717 590 4779 i
614 4717 666 4780 soi
692 4718 772 4780 iusti
797 4716 963 4780 desiderii
988 4728 1023 4780 et
1047 4720 1113 4780 che
1139 4714 1303 4779 conservi
1334 4717 1405 4778 alla
1430 4736 1471 4779 su

187 4821 316 4885 Chiesa
340 4824 412 4886 tale
436 4826 612 4887 advocato
639 4823 845 4887 fidelissimo
870 4834 905 4886 et
928 4823 1175 4906 potentissimo
1200 4834 1235 4883 et
1260 4823 1472 4885 constantis·
