3330 5580
762 660 814 725 68.
1379 708 1382 715 .

243 768 336 848 Aeta
364 768 633 870 comparitionis
660 768 809 849 lutheri
837 766 876 846 in
904 766 1033 846 Diaeta
1060 761 1323 843 wormatiensi.

291 916 294 922 ’
479 973 482 979 f
556 916 640 982 (Arta
657 915 874 974 Womarleruir
892 914 937 972 fol
956 915 1020 985 ut.)

138 1054 304 1134 Joannes
320 1054 365 1116 de
380 1053 481 1133 Acie,
506 1054 633 1117 artium
650 1066 685 1118 et
700 1055 763 1118 iur.
780 1065 846 1117 utr.
863 1057 989 1116 doctor
1005 1050 1168 1114 officialis
1185 1047 1428 1112 'l'reverensis

535 1169 703 1232 Notarius
726 1180 836 1252 ponat
860 1169 1034 1231 formalia.

236 1299 455 1364 Constitutus
480 1303 637 1364 notarius
655 1304 726 1366 alta
743 1313 778 1365 et
795 1302 1011 1385 intelligibili
1029 1323 1117 1363 voce
1135 1300 1242 1363 latine
1267 1297 1428 1380 primum,

143 1409 278 1471 deinde
308 1408 511 1489 germanice
549 1408 645 1472 iussu
688 1409 863 1473 Caesaree
898 1408 1008 1472 Sacre
1045 1407 1241 1490 Majestatis
1272 1406 1362 1467 dixit
1394 1413 1428 1466 et

144 1515 334 1597 proposuit
357 1515 391 1577 in
409 1517 513 1595 hunc,
539 1527 598 1578 aut
623 1516 656 1578 in
680 1516 810 1579 effectu
835 1517 994 1595 similem,
1020 1516 1078 1598 qui
1101 1514 1259 1596 sequitur
1276 1515 1427 1574 modum.

237 1621 389 1684 Martine
419 1622 565 1700 Lutere,
597 1621 708 1686 Sacra
738 1629 772 1685 et
803 1623 936 1685 invicta
961 1622 1137 1685 Caesarea
1168 1621 1353 1699 Maiestas,
1384 1622 1427 1681 de

145 1729 296 1792 consilio
321 1730 474 1792 omnium
500 1730 592 1792 sacri
608 1730 764 1793 Romani
791 1729 927 1811 imperii
944 1730 1117 1807 ordinum,
1142 1729 1187 1789 ad
1205 1728 1329 1790 solium
1344 1748 1428 1788 suae

146 1836 341 1918 majestatis
371 1839 439 1899 huc
472 1836 591 1899 vocari
623 1848 658 1900 te
686 1837 797 1901 iussi-t.
858 1837 907 1899 Ut
940 1837 1049 1898 libros
1080 1845 1151 1897 tam
1182 1835 1290 1897 latine
1323 1854 1428 1914 quarn

146 1943 353 2025 germanice
378 1945 442 2005 abs
459 1953 494 2006 te
516 1943 655 2006 aeditos
678 1955 714 2007 et
739 1943 886 2025 sparsim
913 1943 1116 2024 divulgatos
1140 1950 1376 2021 contentaque
1394 1941 1427 2002 in

146 2049 282 2119 eisdem
306 2061 521 2113 retractares
545 2062 580 2113 et
605 2062 809 2114 recantares
833 2051 933 2113 iuxta
949 2051 1020 2113 vim
1036 2051 1184 2113 formam
1209 2058 1244 2110 et
1268 2062 1426 2111 tenorem

143 2157 298 2221 citatorii
323 2158 497 2237 mandati,
530 2168 654 2220 contra
687 2169 722 2221 te
756 2180 778 2220 a
807 2158 998 2221 Maiestate
1027 2178 1090 2218 sua
1122 2155 1272 2231 decreti,
1298 2177 1339 2218 ac
1364 2154 1427 2216 tibi

145 2264 321 2347 legittime
344 2264 522 2344 insinuati,
546 2267 593 2328 ob
618 2285 722 2347 quam
748 2286 822 2328 rem
847 2264 1023 2328 Caesaree
1040 2263 1236 2345 Maiestatis
1262 2274 1296 2324 et
1317 2262 1427 2343 Impe-

144 2371 188 2434 rii
212 2390 401 2452 procerum
427 2372 642 2449 nominibus,
681 2373 732 2435 Te
755 2372 938 2454 interrogo
967 2371 1116 2454 primurn
1148 2369 1294 2432 fatearis
1319 2369 1428 2431 libros

142 2481 211 2542 hos
245 2489 454 2561 praesentes
490 2477 600 2560 (fasce
636 2478 806 2542 librorum
842 2500 984 2542 suorum
1015 2478 1123 2540 latine
1163 2487 1198 2540 et
1233 2476 1427 2539 alemanice

143 2585 359 2668 scriptorum
383 2585 416 2647 ei
441 2589 600 2665 ostenso)
624 2586 768 2667 publice
799 2586 863 2649 tibi
897 2597 931 2648 et
962 2586 1166 2668 singulatim
1198 2604 1289 2646 nunc
1321 2582 1426 2646 nomi·

143 2703 266 2774 natos,
297 2692 358 2775 qui
387 2703 448 2754 tuo
485 2693 626 2754 nomine
658 2693 854 2773 pretitulati
890 2692 1183 2756 circumferuntur
1217 2702 1296 2753 tuos
1332 2712 1426 2763 esse3

144 2801 296 2881 illosque
321 2820 388 2881 pro
413 2799 482 2860 tuis
506 2819 682 2880 agnoscas
706 2821 770 2862 nec
792 2822 852 2871 ne;
878 2801 1007 2863 deinde
1025 2822 1068 2862 an
1087 2801 1166 2862 illos
1184 2809 1218 2860 et
1236 2799 1427 2861 eorundem

144 2917 316 2969 contenta
339 2915 535 2969 retractare
560 2916 595 2968 et
620 2926 791 2969 revocare
817 2910 873 2970 vel
898 2908 1061 2969 inherere
1088 2906 1218 2968 eisdem
1245 2906 1369 2986 pocius
1394 2913 1430 2965 et

145 3013 351 3089 inseverare
367 3012 465 3075 velis.
507 3012 585 3093 Qua
602 3013 883 3096 interrogatione
900 3035 965 3094 per
983 3014 1176 3076 Lutherum
1195 3013 1227 3073 in
1248 3015 1335 3074 duas
1351 3032 1427 3092 par·

145 3131 199 3184 tes
221 3130 324 3183 secta
347 3130 383 3182 et
406 3119 552 3201 partita,
578 3120 622 3182 ad
654 3119 801 3201 primam
834 3120 1045 3201 interrogati
1070 3131 1207 3202 partem
1234 3119 1428 3200 respondit,

145 3227 257 3290 libros
280 3226 348 3289 sibi
374 3237 533 3289 ostentes
557 3235 594 3291 et
617 3227 719 3288 titulo
744 3236 847 3290 tenus
865 3231 1043 3309 prelectos
1060 3227 1168 3290 latine
1186 3238 1221 3289 et
1234 3227 1428 3289 alemanice

145 3335 310 3417 scriptos,
335 3354 417 3395 suos
441 3354 535 3413 esse,
567 3334 661 3396 domi
686 3355 749 3396 sue
774 3335 907 3414 editos,
942 3346 978 3396 et
1002 3335 1152 3397 feturam
1179 3355 1275 3396 suam
1302 3355 1428 3415 agnos-

145 3462 245 3521 cere,
270 3450 307 3504 et
329 3440 532 3522 agniturum
557 3462 708 3523 semper.
743 3444 791 3522 (et
816 3463 883 3504 mm
899 3443 1015 3504 nullos·
1037 3443 1148 3504 ndlmc
1171 3440 1258 3503 ulter
1281 3440 1336 3503 lrr'c
1360 3464 1428 3503 non

146 3546 339 3611 nontrnalos
370 3567 451 3608 suos
478 3567 548 3610 asse
578 3546 814 3610 summissiore
844 3547 1038 3631 aliquante,
1069 3550 1130 3611 red
1157 3547 1194 3610 ln
1220 3545 1433 3632 titirllrgr'br'lz'

144 3675 220 3720 voce
242 3642 375 3733 dtaz'tst)

236 3762 296 3824 Ad
321 3760 492 3842 reliquam
523 3781 610 3823 vero
643 3760 854 3844 interrogati
884 3773 1039 3844 partem,
1073 3784 1117 3825 an
1152 3763 1295 3824 eosdem
1325 3774 1360 3824 et
1392 3762 1425 3822 in

144 3869 198 3932 eis
230 3876 400 3931 contenta
430 3875 644 3948 retractare,
682 3889 723 3930 ac
756 3851 974 3950 palinodiam
1006 3890 1133 3931 canere
1164 3870 1268 3948 velit,
1303 3890 1427 3932 causas

145 3984 308 4055 nectere,
337 3985 372 4036 et
397 3972 546 4055 diffugia
578 3995 727 4055 querere
752 3976 887 4059 eoepit;
921 3991 1083 4057 paratum
1109 3998 1146 4038 se
1171 3977 1262 4039 dixit
1287 3976 1427 4039 Petenti

145 4103 226 4145 eum
251 4102 294 4144 ex
321 4080 431 4144 sacris
455 4080 583 4143 litteris
607 4081 798 4146 informare
823 4084 995 4146 assentire
1021 4096 1056 4146 et
1070 4084 1307 4165 acquiescere,
1332 4085 1426 4164 quod

145 4209 224 4251 curn
248 4189 421 4251 hactenus
445 4187 551 4250 toties
575 4189 739 4251 offerenti
764 4210 835 4253 non
860 4190 1064 4271 contigerit,
1091 4201 1126 4254 et
1150 4193 1194 4254 de
1219 4212 1257 4253 re
1283 4190 1426 4252 difficile

146 4316 188 4358 ac
211 4295 339 4373 ardua,
363 4292 433 4356 irno
458 4294 612 4357 maxima
635 4298 687 4374 (ut
711 4305 795 4377 pote
820 4297 866 4360 de
889 4296 990 4379 fide),
1019 4307 1183 4379 rogetur,
1208 4320 1246 4360 se
1272 4320 1317 4359 ex
1342 4308 1424 4359 tem-

147 4421 235 4484 pore
258 4410 295 4464 et
318 4400 603 4482 impremeditate
634 4405 855 4483 respondere
890 4425 960 4467 non
993 4424 1109 4485 posse.
1167 4404 1314 4485 Sibique
1348 4425 1424 4484 pro-

147 4515 270 4590 pterea
286 4506 509 4570 deliberandi
526 4509 683 4590 spacium
700 4510 776 4574 dari
794 4521 830 4573 et
845 4512 993 4574 concedi
1019 4512 1248 4574 demisissime
1274 4511 1424 4592 rogavit.

180 4716 203 4766 'l
223 4714 274 4762 llic
300 4714 441 4762 adnotatur
464 4714 492 4762 in
517 4715 633 4777 margine
658 4714 809 4763 charactere
835 4716 1001 4765 teuthonico:
1031 4717 1188 4776 ,Addidit“,
1218 4717 1265 4765 rite
1291 4719 1423 4777 recordor,

219 4794 266 4843 uiti
287 4790 525 4873 lorsanlquispiam
545 4795 684 4860 quicquam
704 4795 758 4844 illis
777 4796 914 4846 inseruerit
933 4798 1032 4848 libris.“
