3330 5580
735 464 963 520 edidi}-0

834 628 852 690 l

655 677 986 835 Responsioearoli
1004 736 1044 818 ll.

602 872 1097 946 (accrementis)

737 988 844 1047 (Martio
868 990 953 1049 1521.)

311 1091 357 1153 Et
381 1092 410 1154 si
434 1113 504 1155 non
523 1093 704 1175 displicuit
728 1092 844 1173 nobis,
869 1094 965 1174 quod
992 1114 1037 1155 ex
1063 1093 1190 1156 litteris
1214 1097 1342 1159 vestris
1366 1116 1488 1179 perce-

207 1198 321 1279 pimus
346 1202 392 1261 ob
416 1199 614 1281 Majestatis
639 1210 782 1262 nostrae
807 1200 1054 1275 reverentiam,
1080 1210 1227 1264 eatenus
1251 1222 1315 1265 vos
1344 1223 1487 1285 suspen·

207 1307 302 1367 disse
321 1307 567 1369 executionem
586 1307 820 1388 Apostolicae
843 1309 961 1369 bullae
986 1324 1111 1369 contra
1135 1310 1350 1390 pernitiosos
1375 1311 1487 1375 libros

205 1413 323 1474 fratris
347 1412 490 1475 Martini
507 1413 651 1475 Lutheri
678 1414 805 1492 editae,
831 1414 945 1475 donec
971 1414 1015 1475 de
1033 1425 1149 1476 mente
1176 1427 1212 1477 et
1236 1419 1381 1480 decreto
1407 1440 1483 1481 nos-

205 1531 260 1583 tro
285 1520 456 1583 certiores
479 1520 736 1593 redderemini;
770 1520 888 1582 Nihilo
918 1533 1036 1582 tamen
1068 1522 1182 1584 minus
1215 1533 1354 1605 gratum
1380 1527 1484 1588 nobis

206 1627 340 1707 fuisset,
366 1629 406 1708 si,
430 1627 527 1689 facta
551 1627 654 1690 vobis
679 1628 836 1708 legitime
868 1628 1104 1690 insinuatione
1136 1631 1320 1710 predictae
1351 1633 1483 1712 bullae,

203 1756 306 1816 quem
341 1736 549 1798 admodum
575 1737 620 1796 ab
645 1734 884 1797 universitatis
908 1745 1049 1797 vestrae
1074 1736 1278 1818 theologica
1302 1737 1484 1820 facultate,

203 1842 258 1904 cui
282 1843 316 1904 in
342 1841 397 1904 his
421 1842 536 1904 causis
561 1842 687 1904 merito
712 1841 847 1923 primae
873 1844 1041 1917 debetur,
1073 1840 1204 1905 factum
1238 1864 1316 1905 esse
1339 1855 1483 1908 vestrae

201 1949 346 2011 lieterae
387 1948 521 2011 faciunt
551 1946 676 2026 fidem,
712 1948 761 2010 ita
798 1959 834 2011 et
869 1969 934 2011 vos
967 1948 1026 2010 alii
1062 1950 1324 2031 suprascriptos
1359 1951 1481 2033 libros,

201 2076 407 2139 magnarum
440 2056 475 2118 in
500 2056 660 2118 Ecclesia
696 2056 754 2118 dei
790 2055 1019 2133 seditionum,
1050 2068 1085 2117 et
1121 2057 1357 2137 periculorum
1382 2059 1480 2121 somi-

200 2173 264 2243 teS,
300 2163 419 2226 debito
457 2164 531 2245 igni
571 2165 781 2224 cremandos
816 2162 1022 2231 curassetis,
1068 2173 1102 2224 et
1147 2166 1316 2244 populum
1356 2175 1392 2226 ut
1434 2169 1480 2228 ab

200 2270 268 2333 illis
321 2270 387 2333 sibi
438 2271 625 2351 plurimum
676 2279 821 2332 caveret
865 2268 1100 2331 monuissetis.
1171 2271 1275 2350 Quod
1317 2272 1480 2352 profecto

196 2378 273 2458 jure
313 2380 408 2440 bono
444 2378 604 2458 citraque
640 2377 786 2457 alicujus
830 2385 935 2437 notae
972 2375 1169 2457 periculum
1205 2399 1226 2438 a
1264 2379 1367 2440 vobis
1402 2377 1480 2441 fieri

199 2485 333 2565 potuit,
373 2486 521 2567 primum
558 2485 640 2565 quia
676 2484 815 2564 quoties
847 2484 891 2545 de
927 2482 1100 2563 religione
1138 2483 1256 2564 agitur
1293 2505 1478 2548 romanum

200 2592 400 2673 pontificem
434 2600 662 2671 sanctamque
689 2589 818 2652 Sedem
846 2590 1090 2670 Apostolicam
1116 2591 1283 2653 convenit
1304 2592 1479 2672 judicare:

198 2698 326 2760 deinde
351 2699 433 2779 quia
458 2719 528 2759 non
553 2697 592 2759 fit
616 2697 805 2760 verisimile
839 2698 884 2758 ad
915 2706 1054 2758 vestras
1083 2697 1153 2778 jam
1178 2708 1250 2760 tum
1276 2718 1378 2761 aures
1404 2720 1475 2762 non

197 2804 403 2884 pervenisse
427 2806 460 2867 in
487 2805 617 2867 nostris
642 2815 713 2867 tam
730 2803 956 2867 inferioribus
973 2803 1146 2884 dominiis,
1172 2825 1277 2886 quam
1295 2804 1477 2887 Coloniae,

196 2912 370 2991 Treveris,
396 2912 604 2994 Moguntiae
627 2912 775 2993 aliisque
790 2910 1004 2973 Germaniae
1029 2911 1117 2972 locis
1143 2913 1359 2974 authoritate
1378 2912 1474 2995 Apo·

195 3019 331 3100 stoliea,
357 3032 391 3081 et
407 3031 527 3083 nostro
545 3022 721 3083 Caesareo
738 3023 883 3081 decreto
908 3019 1116 3087 antedictos,
1142 3029 1178 3080 et
1202 3019 1290 3081 alios
1320 3019 1477 3082 famosos

197 3125 304 3188 libros
328 3128 471 3207 publico
506 3137 541 3189 et
565 3127 687 3188 debito
712 3125 876 3188 incendio
908 3124 1016 3186 fuisse
1041 3128 1264 3207 absumptos;
1294 3138 1475 3207 postremo

196 3233 288 3312 quia,
310 3254 387 3296 eum
412 3235 478 3296 ista
500 3246 619 3297 vestra
635 3233 846 3295 universitas
863 3253 931 3293 non
951 3233 1062 3293 solum
1082 3231 1237 3312 optimae
1255 3233 1473 3311 eruditionis,

195 3342 257 3401 sed
282 3351 316 3402 et
340 3342 553 3405 christianae
569 3341 712 3424 pietatis
735 3340 890 3402 fecunda
909 3359 1040 3421 parens
1064 3359 1204 3420 semper
1228 3339 1345 3417 fuerit,
1370 3340 1475 3404 facile

118 3500 122 3509 ,
195 3449 366 3527 poteratis
390 3470 609 3531 cognoscere
636 3448 781 3510 Lutheri
816 3458 851 3509 et
879 3445 949 3508 alia
981 3448 1244 3509 lutheranorum
1270 3447 1420 3529 scripta,
1452 3470 1473 3510 a

194 3554 367 3617 charitate
393 3565 427 3618 et
451 3556 519 3619 ritu
544 3578 564 3618 a
590 3556 718 3618 nostris
736 3554 926 3634 majoribus
951 3552 1081 3614 tradito
1107 3552 1337 3632 discedentia,
1367 3556 1471 3634 pluri·

193 3682 285 3724 mum
312 3663 393 3724 mali
418 3663 451 3725 in
479 3664 641 3725 Ecclesia
666 3662 732 3724 Dei
762 3663 832 3742 jam
857 3660 1051 3742 peperisse,
1077 3670 1113 3722 et
1137 3659 1202 3722 nisi
1227 3661 1470 3743 provideatur,

193 3769 226 3830 in
252 3780 433 3851 posterum
458 3771 558 3853 peius
584 3792 661 3833 esse
686 3769 855 3851 paritura.
896 3766 1028 3828 Verum
1053 3767 1135 3848 quia
1166 3767 1326 3849 persuasi
1351 3789 1469 3830 sumus

191 3879 322 3939 nullam
347 3878 450 3939 aliam
476 3881 522 3939 ob
548 3898 689 3939 causam
722 3877 823 3938 istam
849 3874 1108 3936 cunctationem
1134 3874 1263 3938 factam
1295 3896 1398 3957 quam
1432 3887 1469 3938 ut

190 3983 367 4065 Maiestati
392 3996 535 4046 nostrae
560 4005 651 4065 quae
676 3984 775 4046 istius
800 3980 1039 4044 universitatis
1064 3982 1245 4044 fundatrix
1271 3994 1305 4045 et
1331 3993 1466 4065 protec-

190 4090 261 4153 trix
286 4101 351 4169 est,
376 4092 533 4154 debitum
557 4094 728 4154 honorem
747 4089 975 4167 exhiberetis,
1001 4111 1071 4150 non
1089 4110 1275 4169 possumus
1294 4111 1363 4151 non
1377 4110 1467 4152 com-

189 4199 357 4261 mendare
393 4198 496 4261 istum
528 4199 701 4277 animum,
742 4197 1039 4277 devotionemque
1071 4197 1105 4257 in
1140 4217 1204 4258 nos
1236 4208 1405 4258 vestram:
1438 4197 1466 4258 si

190 4307 295 4367 modo
331 4327 437 4387 quum
467 4305 616 4386 primum
648 4308 712 4368 has
747 4305 887 4367 lieteras
920 4303 1047 4365 mentis
1079 4316 1221 4365 nostrae
1247 4302 1397 4380 indices,
1432 4315 1467 4366 et

189 4413 398 4475 universalis
423 4414 557 4475 decreti
583 4413 693 4475 nostri
717 4414 828 4475 instar
852 4412 989 4473 suturas
1006 4409 1232 4492 acceperitis:
1259 4431 1320 4471 eas
1345 4409 1378 4470 in
1405 4431 1464 4490 pu-

188 4519 288 4580 blicis
319 4521 425 4582 totius
450 4520 690 4583 universitatis
715 4533 858 4582 nostrae
883 4518 1032 4580 comitiis
1055 4517 1138 4597 legi,
1168 4527 1202 4577 et
1227 4517 1370 4577 Lutheri
1407 4537 1464 4596 pe·

187 4626 347 4690 stilentes
379 4630 487 4691 libros
512 4649 634 4691 omnes
663 4629 731 4709 jam
763 4630 808 4689 ab
833 4625 1030 4707 apostolica
1055 4625 1139 4686 sede
1165 4624 1369 4702 damnatos,
1396 4643 1462 4685 om-

187 4734 314 4814 niaque
340 4736 543 4816 quorumvis
568 4756 603 4797 m
629 4734 808 4796 Summum
834 4730 1053 4813 pontificem,
1093 4740 1127 4792 et
1152 4731 1272 4792 sedem
1298 4732 1463 4811 apostoli·

186 4861 282 4922 cam,
307 4845 544 4925 honestasque
569 4861 741 4923 personas
765 4839 901 4901 famosa
929 4838 1062 4919 scripta
1086 4838 1252 4901 damnata
1286 4849 1321 4898 et
1346 4837 1462 4918 prohi-
