3330 5580
670 462 898 518 ο-ἨῚΞΗ

140 620 273 673 venuta
298 610 345 671 dil
372 629 436 671 suo
461 608 667 671 Mahumeth
694 618 730 669 et
754 608 813 689 gia
838 608 967 689 passim
994 609 1180 690 divulgant
1205 612 1270 670 che
1296 608 1342 669 lui
1366 630 1423 669 ve·

140 715 219 779 nira
243 726 279 779 et
303 718 370 779 che
394 715 472 778 sard
497 714 716 796 meraviglie.
754 715 877 788 aevu»
902 715 1035 777 Patron
1060 715 1145 795 min,
1170 737 1208 778 se
1234 736 1303 777 non
1328 716 1424 777 fusse

140 823 321 886 destinato
345 824 390 886 ad
416 824 465 885 tal
489 822 643 902 impresa
669 823 714 883 da
739 821 780 884 N.
807 819 845 882 Sr
880 833 915 883 et
939 823 1004 884 che
1030 843 1100 885 non
1125 822 1154 884 si
1178 821 1316 884 facesse
1348 843 1423 903 pre-

140 929 266 993 iuditio
293 951 331 992 se
356 950 427 993 non
452 930 486 991 al
511 950 613 991 nome
639 929 718 1007 mio,
744 949 809 1009 per
824 929 892 990 Dio
918 949 988 990 non
1014 929 1230 992 desiderarei
1248 930 1338 991 altro
1359 931 1424 991 che
1482 985 1484 988 ,

141 1037 397 1099 raccontrarmi
421 1056 488 1099 con
514 1048 639 1117 questo
664 1034 794 1103 Satan:
826 1036 850 1097 il
879 1037 945 1098 che
977 1056 1014 1098 se
1039 1057 1112 1131 non⁸
1133 1039 1237 1118 potro
1262 1036 1424 1099 obtenire

141 1165 273 1224 coram,
299 1145 441 1208 subbito
467 1143 636 1224 expedito
663 1146 707 1206 de
731 1144 801 1206 mia
833 1143 986 1224 impresa
1010 1163 1116 1224 spero
1141 1145 1327 1205 mostrarlo
1357 1163 1423 1204 con

140 1252 265 1329 scritti,
292 1263 328 1314 et
345 1272 413 1313 non
436 1251 597 1333 allegari>
621 1250 728 1331 quelli
754 1251 820 1312 che
844 1251 892 1312 lui
916 1250 1042 1324 refuta!
1069 1251 1159 1313 adeo
1183 1251 1289 1313 video
1315 1252 1423 1312 multa

139 1359 175 1420 in
201 1368 329 1440 questa
353 1357 473 1420 ultima
490 1378 600 1439 opera
624 1360 717 1420 dove
741 1367 777 1420 et
801 1358 848 1419 lui
873 1368 909 1419 et
924 1357 1002 1419 suoi
1025 1357 1171 1439 seguaci
1191 1360 1310 1421 hanno
1333 1357 1423 1418 fatto

139 1466 226 1546 ogni
252 1487 316 1528 suo
341 1465 459 1528 studio
484 1465 627 1546 podersi
653 1485 874 1544 convenner,
906 1467 969 1527 sed
1002 1476 1039 1526 ut
1063 1465 1137 1527 dixi
1169 1486 1237 1527 non
1263 1468 1424 1546 besogna

140 1582 271 1636 metter
294 1573 329 1635 in
356 1573 600 1635 controversia
624 1572 817 1634 l’auttoritri
841 1572 898 1635 del
924 1570 989 1645 S¹¹2⁰
1014 1583 1049 1634 et
1073 1581 1146 1634 star
1179 1592 1199 1633 a
1233 1571 1363 1634 iudicio
1388 1572 1422 1633 di

140 1678 233 1756 laici,
258 1680 304 1741 de
328 1680 424 1760 quali
448 1700 535 1742 sono
561 1679 659 1742 molti
683 1679 743 1759 gia
767 1678 894 1742 infetti.
943 1679 1137 1742 Praeterea
1168 1699 1268 1741 come
1300 1689 1336 1740 et
1367 1700 1422 1741 co·

139 1807 214 1848 ram
240 1786 369 1866 quibus
393 1785 570 1848 indicibus
593 1807 631 1849 se
647 1787 807 1848 harebbe
832 1807 853 1848 a
874 1785 1034 1867 disputar
1051 1788 1186 1867 absque
1210 1786 1421 1848 auctoritate

140 1891 348 1955 Pontificis?
381 1904 416 1954 et
447 1893 494 1955 lui
519 1893 553 1954 in
588 1913 651 1955 sua
675 1892 933 1973 protestatione
957 1902 1099 1955 recusat
1126 1892 1263 1974 judices
1287 1895 1420 1955 theolo-

139 2020 219 2081 gos,
245 1999 489 2080 philosophos,
514 1999 598 2062 iuris
623 2000 803 2081 utriusque
828 2003 1020 2078 consultos,
1045 2011 1211 2081 tanquam
1237 2001 1337 2062 nauci
1362 2003 1420 2062 ho-

139 2106 254 2168 mines
278 2118 314 2170 et
338 2106 508 2188 precipue
533 2116 728 2189 suspectos.

231 2211 306 2275 Sed
329 2224 368 2275 ut
391 2215 534 2276 redeam
560 2215 605 2276 ad
630 2214 757 2277 seriem
781 2215 832 2276 rei
857 2215 890 2277 el
921 2214 1124 2277 cancellieri
1160 2215 1254 2277 disse
1289 2216 1354 2276 che
1383 2235 1421 2275 se

139 2319 291 2383 mettere
315 2323 388 2383 bon
413 2322 547 2384 ordine.
589 2322 654 2383 Poi
670 2321 813 2404 pransai
838 2343 904 2384 con
930 2342 1040 2385 mons,
1066 2323 1110 2384 de
1131 2321 1301 2384 Chievres
1325 2323 1420 2402 apud

139 2428 347 2510 episcopum
373 2427 542 2492 Leodien.
569 2430 627 2491 ubi
653 2430 803 2492 aderant
826 2429 925 2491 multi
949 2427 1137 2514 {principes
1170 2439 1206 2490 et
1233 2429 1419 2509 presertim

141 2534 381 2597 nobilissimus
405 2535 464 2597 ille
483 2537 565 2598 Dux
582 2535 784 2599 Fridericus
808 2535 919 2599 frater
943 2536 1089 2599 Comitis
1113 2535 1283 2609 Palatini,
1308 2547 1343 2598 et
1372 2536 1418 2599 in·
1457 2583 1458 2589 κ

138 2654 194 2704 ter
219 2643 467 2724 prandendum
494 2654 529 2705 et
552 2651 633 2724 post
658 2642 856 2725 depositam
882 2664 1038 2706 mensam
1069 2643 1108 2705 fu
1139 2645 1248 2705 molto
1274 2653 1419 2705 trattato

138 2749 174 2811 di
199 2759 327 2829 questa
351 2768 445 2827 cosa,
470 2760 507 2811 et
531 2770 636 2831 spero
662 2752 727 2812 che
752 2761 843 2812 tutto
868 2750 896 2812 si
920 2750 1065 2831 portora
1090 2753 1178 2828 ben,
1204 2753 1261 2812 del
1286 2752 1351 2812 che
1375 2771 1419 2812 ne

138 2856 227 2918 dard
252 2856 376 2918 adviso
401 2877 422 2917 a
448 2856 490 2918 V.
519 2855 552 2918 S.
578 2857 699 2928 Revss?
723 2858 879 2919 secundo
905 2859 938 2920 el
962 2878 1127 2919 successo
1151 2858 1208 2919 del
1233 2869 1352 2939 tempo
1385 2871 1420 2919 et
1497 2926 1499 2930 ,

138 2965 232 3026 delle
259 2982 352 3025 cose.
400 2963 451 3025 Le
476 2964 532 3026 cui
556 2983 657 3026 sacre
682 2964 776 3027 mani
800 2967 899 3027 baso

228 3085 452 3151 Wormatiae
476 3088 534 3151 die
561 3136 568 3151 .
594 3136 601 3152 .
628 3137 635 3150 .

757 3500 797 3562 12

517 3606 695 3686 Aloanda
723 3606 1034 3689 Viceouncefluno.

496 3734 667 3804 (Nuntiat.
687 3735 841 3795 German
860 3735 891 3794 1..
911 3736 1063 3810 1ο1107.)

565 3839 685 3897 (Circiter
708 3851 747 3901 14.
768 3841 875 3903 Januar.
901 3840 984 3902 1428.=

228 3945 267 4005 ln
293 3943 314 4006 l'
328 3945 418 4007 altra
442 3944 511 4007 mio
538 3948 583 4008 ho
608 3945 730 4009 scritto
756 3947 800 4009 de
826 3950 947 4027 rebuS,
983 3948 1018 4009 in
1043 3959 1168 4029 questa
1192 3950 1348 4011 scrivere
1374 3952 1418 4012 de

136 4050 310 4133 personis

227 4157 360 4220 Caesar
383 4159 429 4220 ha
453 4158 477 4220 il
502 4160 652 4240 meglior
676 4159 803 4239 animo,
830 4162 895 4221 che
920 4162 1025 4224 homo
1050 4183 1216 4224 nascesse
1240 4163 1299 4244 gia
1324 4165 1418 4225 mille

136 4263 230 4344 anni,
255 4276 290 4326 et
312 4285 349 4327 se
374 4265 421 4327 lui
448 4286 517 4328 non
541 4265 637 4328 fusse
662 4269 744 4345 tale,
770 4278 867 4328 certo
892 4268 925 4329 le
950 4289 1032 4330 cose
1058 4279 1177 4331 nostre
1202 4289 1266 4351 per
1289 4270 1417 4351 privati

136 4371 250 4434 affetti
274 4373 468 4435 sarebbero
494 4375 602 4436 molto
627 4373 801 4436 intricate.

225 4478 266 4539 E]
285 4478 477 4542 Confessor
502 4501 567 4561 per
591 4483 623 4543 le
648 4481 843 4563 gentilezze
868 4484 933 4544 che
958 4484 981 4544 ii
1007 4484 1069 4545 uso
1087 4483 1128 4546 N.
1147 4485 1198 4544 S‘t
1227 4495 1280 4547 est
1301 4484 1417 4546 factus

136 4587 246 4647 multo
270 4585 416 4666 aequior
440 4588 509 4649 alle
533 4607 616 4649 cose
641 4587 676 4648 di
700 4589 820 4650 Roma
843 4590 909 4651 che
935 4590 957 4651 il
983 4610 1184 4672 cognoscea
1206 4612 1270 4674 per
1286 4592 1416 4671 avanti,

136 4692 225 4774 perd
250 4691 286 4754 fa
310 4694 429 4756 buono
454 4693 585 4772 officio,
611 4706 646 4756 et
670 4698 741 4757 ben
766 4695 795 4757 si
819 4697 911 4759 vede
935 4699 1001 4758 che
1026 4697 1045 4759 e
1070 4700 1188 4760 buono
1206 4719 1345 4782 sempre
1362 4699 1417 4764 far

135 4801 207 4861 ben
230 4801 277 4861 ad
300 4800 392 4862 altri.
