3330 5580
632 470 879 526 <“-<3147ἓ>-ο

97 618 381 681 desiderassem
406 619 439 680 el
463 616 565 681 venir
588 615 624 679 di
646 617 797 698 Luther,
828 627 986 700 tengano
1010 638 1075 700 per
1099 617 1212 681 fermo
1237 620 1315 682 chel
1340 638 1397 680 ve·

102 724 199 788 nire.
247 725 337 788 Heri
368 734 404 786 et
433 723 520 806 oggi
551 722 598 786 ho
629 745 675 786 un
705 745 818 806 pocco
849 732 964 787 atteso
996 745 1017 787 a
1048 723 1117 787 Dio
1150 733 1185 788 et
1216 726 1286 788 alla
1317 746 1396 788 con·

103 830 272 911 scientia,
297 830 342 893 ne
362 830 474 912 perho
492 851 556 894 son
577 829 627 893 ito
644 829 679 893 in
695 838 804 911 corte,
829 830 872 894 ne
892 832 939 894 ho
956 829 1072 893 inteso
1089 832 1180 894 altro
1198 832 1244 893 da
1259 851 1396 905 nuov0;

104 942 192 1001 tutti
217 937 241 1000 li
265 936 419 1020 principi
443 945 568 1000 curant
592 935 754 1001 animam.

200 1044 254 1107 La
284 1043 389 1127 copia
420 1046 515 1108 della
537 1046 665 1107 lettera
696 1063 841 1108 cesarea
871 1041 994 1105 scritta
1025 1063 1046 1104 a
1070 1041 1225 1106 Martino
1258 1063 1328 1106 non
1363 1046 1397 1106 la

106 1155 158 1215 ho
181 1171 293 1215 ancor
317 1160 465 1235 possuto
490 1170 700 1233 recuperat,
725 1151 812 1234 pero
836 1170 907 1212 non
933 1150 968 1211 la
991 1151 1138 1222 mand03
1171 1170 1211 1213 so
1235 1153 1306 1213 ben
1330 1152 1395 1213 che

105 1259 133 1323 li
159 1257 326 1321 scriveno
351 1278 422 1321 una
445 1261 565 1322 buona
589 1260 717 1321 lettera
750 1267 786 1320 et
810 1256 834 1319 li
859 1256 978 1319 danno
1009 1256 1045 1318 di
1069 1256 1268 1320 honorabili
1294 1255 1396 1337 tituli,

106 1376 149 1429 ut
173 1365 264 1428 alias
287 1365 426 1448 scripsi.

203 1470 377 1554 Supplico
401 1495 423 1536 a
439 1472 483 1536 V.
501 1470 538 1536 S.
554 1472 630 1535 ΚΜ
652 1473 687 1534 la
708 1492 748 1534 se
764 1469 874 1552 degni
897 1469 1041 1533 ordiner
1063 1473 1129 1534 che
1152 1472 1185 1534 le
1201 1469 1396 1552 provisioni

106 1600 176 1663 per
200 1581 235 1643 le
259 1578 329 1643 mie
352 1580 444 1642 altre
467 1586 649 1643 recercete
680 1598 719 1642 se
743 1575 914 1639 habbiino
938 1575 999 1659 pin
1024 1587 1145 1660 presto
1170 1577 1193 1641 ἔ
1213 1575 1396 1659 possibile,

105 1695 213 1750 tanto
236 1686 304 1749 che
328 1687 418 1749 dura
440 1695 567 1767 questa
590 1685 703 1767 dieta,
735 1684 865 1767 perche
889 1685 1053 1766 besogna
1076 1682 1162 1746 farsi
1186 1682 1290 1745 amici
1313 1703 1394 1764 que·

105 1804 229 1874 storo,
263 1793 347 1875 quia
370 1813 463 1856 nunc
487 1801 541 1856 est
565 1802 705 1874 tempus
729 1798 789 1854 aut
814 1810 1008 1871 nunquam;
1042 1800 1077 1853 et
1100 1793 1195 1871 loro,
1220 1792 1317 1853 nullo
1341 1810 1395 1853 ru·

106 1902 219 1978 bore,
254 1920 356 1962 come
390 1920 445 1963 me
470 1919 638 1982 veggono
668 1920 725 1963 me
748 1898 899 1961 instano.
946 1897 981 1960 A
1004 1896 1049 1963 V.
1074 1896 1110 1961 S.
1136 1898 1212 1960 Rffl·
1235 1900 1330 1960 'baso
1361 1900 1395 1961 le

104 2006 205 2071 mani
230 2016 266 2070 et
289 2006 520 2070 humilmente
543 2027 598 2070 me
628 2005 889 2069 raccomando.
924 2003 1148 2087 Vormatiae,
1174 2004 1230 2067 die
1255 2004 1394 2067 XXIX

103 2112 233 2177 Martii
255 2113 440 2178 MDXXI.

200 2218 413 2302 Sopratutto
438 2219 480 2282 sii
504 2220 777 2282 raccomandata
804 2221 839 2282 la
863 2239 970 2282 causa
994 2219 1053 2282 del
1077 2221 1260 2284 marchese
1284 2221 1393 2283 Bran·

100 2328 312 2410 demburgh
336 2329 487 2391 elettore
511 2347 618 2408 sopra
641 2328 724 2409 quel
748 2325 956 2409 episcopato
984 2325 1291 2409 Havelbergense,
1316 2347 1396 2409 per-
1451 2364 1457 2381 ..

100 2434 175 2499 che
208 2444 336 2516 questo
359 2436 436 2498 solo
460 2434 623 2516 principe
654 2435 672 2497 ὲ
697 2433 733 2496 di
757 2431 814 2496 chi
838 2431 1017 2515 possiamo
1048 2432 1104 2495 far
1128 2435 1247 2497 buono
1270 2434 1393 2497 funda·

100 2552 232 2605 mento
263 2540 300 2603 in
324 2539 533 2620 Germania,
569 2550 605 2604 et
636 2550 734 2605 certo
766 2539 913 2604 intendo
945 2541 1064 2621 quella
1097 2539 1265 2604 elettione
1297 2562 1395 2606 esser

98 2646 284 2712 irritanda
308 2666 374 2729 per
397 2646 495 2710 molti
519 2646 598 2729 capi
623 2657 659 2710 et
682 2646 840 2729 alioquin
864 2667 933 2729 ego
957 2668 1029 2710 non
1053 2646 1300 2730 supplicarem.
1392 2707 1395 2713 .

649 2853 769 2865 mmmmm
774 2853 836 2866 «Vx-vt·
844 2854 856 2866 Νι

725 3102 779 3168 58.

478 3218 805 3301 vicecancellarius
832 3219 1021 3301 Alcandrc.
1105 3248 1113 3277 ·-

547 3365 689 3436 &molan
709 3365 835 3426 comm
854 3364 886 3423 il·
904 3366 954 3435 41.)

621 3483 658 3553 (5.
676 3485 766 3550 April.
789 3482 876 3551 1521.)

200 3609 302 3673 Ven¹¹
332 3608 437 3672 nobis
460 3608 615 3672 dilectee.
663 3609 826 3672 Havemo
851 3619 1063 3672 novamente
1088 3618 1142 3673 tre
1166 3619 1297 3690 vostre,
1323 3633 1392 3674 una

96 3720 153 3783 de
174 3738 214 3796 ro
238 3717 298 3780 del
322 3725 466 3797 passato
491 3724 528 3779 et
550 3716 572 3779 l'
586 3718 677 3780 altre
699 3717 769 3779 due
784 3717 829 3779 de
847 3738 885 3796 23
912 3726 948 3781 et
965 3738 1016 3798 24,
1041 3718 1111 3780 alle
1127 3716 1223 3798 quali
1239 3717 1392 3800 bisogna

97 3845 203 3911 poca
231 3833 397 3906 resposta
419 3821 540 3904 percio
572 3825 638 3886 che
666 3821 702 3885 di
726 3816 992 3887 exhortatione
1009 3825 1136 3886 alcuna
1167 3844 1239 3887 non
1262 3826 1392 3889 havete

96 3932 282 4013 bisogno,
310 3929 346 3994 di
369 3929 501 3993 ricordi
525 3950 634 3994 overo
659 3929 695 3992 di
718 3931 1039 3994 ammaestramenti
1055 3946 1208 4011 manen,
1240 3932 1391 3994 essendo

97 4039 168 4104 voi
192 4037 229 4100 in
254 4037 349 4100 lacto
380 4046 417 4101 et
439 4046 539 4100 tanto
563 4038 633 4100 ben
658 4036 824 4100 instrutto
849 4038 943 4100 della
968 4037 1116 4100 materia
1147 4039 1212 4101 che
1236 4059 1390 4103 nessuno

98 4146 181 4230 pub
205 4162 305 4209 esser
327 4142 400 4226 piir,
425 4152 462 4206 et
484 4144 577 4206 ultra
601 4143 636 4205 di
660 4153 786 4225 questo
811 4152 910 4206 tanto
927 4143 1187 4209 sufficiente·et
1206 4147 1300 4209 bene
1316 4146 1387 4209 ani·

98 4260 223 4325 mato;
255 4259 353 4314 resta
376 4251 541 4332 adunque
565 4251 642 4313 solo
667 4259 703 4313 et
726 4251 974 4314 commendare
999 4251 1141 4314 omnino
1165 4253 1200 4314 la
1224 4251 1332 4316 fatica
1356 4267 1392 4316 et

98 4361 222 4442 opera
244 4368 369 4422 vostra
392 4367 428 4421 et
451 4357 488 4420 di
510 4365 602 4420 tutto
626 4357 827 4440 rengratiar
843 4357 885 4421 N.
901 4356 953 4420 8¹⁰
979 4357 1048 4420 Dio
1074 4368 1109 4421 et
1132 4362 1300 4441 pregarlo
1325 4362 1390 4423 che

99 4466 205 4533 nella
227 4484 338 4529 causa
360 4484 424 4527 sua
448 4464 531 4545 qual
548 4461 748 4526 virilmente
768 4464 951 4529 difendete
968 4464 1000 4528 ci
1022 4465 1082 4528 dia
1097 4468 1214 4529 celere
1232 4465 1388 4530 victoria.

99 4575 160 4639 Le
184 4568 384 4654 provisioni
417 4568 454 4631 di
477 4590 546 4651 qua
570 4582 643 4632 non
666 4570 929 4635 mancheranno
954 4571 988 4634 in
1014 4592 1099 4635 cosa
1122 4573 1274 4635 alchuna
1298 4584 1334 4636 et
1356 4577 1390 4637 le

99 4678 224 4763 gratie
255 4679 322 4742 che
352 4675 516 4741 chiedete
547 4695 612 4758 per
636 4676 687 4759 gli
710 4677 814 4741 amici
845 4689 880 4741 et
904 4677 1056 4740 maxime
1081 4699 1146 4759 per
1176 4678 1201 4741 il
1233 4677 1272 4741 Sl
1299 4680 1387 4743 Mar·

99 4788 216 4852 chese
240 4783 505 4867 Brandeburgh
529 4785 703 4867 electore,
738 4786 773 4849 al
797 4787 901 4867 quale
926 4784 1000 4848 Sua
1024 4783 1164 4848 Santit'a
1194 4797 1298 4866 porta
1322 4786 1389 4851 sin·

1179 4891 1228 4947 10*
