3330 5580
735 459 982 516 o<339222⁰>=⁰

218 605 352 670 Svizeri
384 605 700 687 sopragiugnendo
725 615 849 687 queste
873 605 995 668 novitii
1031 606 1075 669 de
1100 607 1249 687 Milano,
1285 628 1352 689 per
1376 622 1503 691 questa
1522 654 1560 665 -

217 715 405 776 invernata
437 733 506 774 non
541 713 569 774 si
603 711 680 774 fara
714 714 816 776 altro.
864 713 1015 777 intendo
1049 715 1206 778 anchora
1238 716 1305 778 che
1329 716 1354 779 ’l
1385 716 1503 799 reggi-

217 832 336 885 mento
360 819 543 902 imperiale
567 819 602 881 in
627 818 775 900 Eslinga
797 840 845 882 va
868 823 937 883 mal
962 829 1130 885 contento
1159 830 1194 884 et
1218 822 1334 885 vuolsi
1361 825 1407 886 de
1432 803 1503 888 nou

218 949 337 992 essere
369 930 461 990 bene
485 927 701 989 intertenuto
734 928 778 989 de
803 928 826 988 li
851 926 928 990 suoi
953 924 1071 990 salarii
1103 929 1265 1010 segondo
1299 930 1366 992 che
1391 929 1444 1012 gli
1466 930 1504 995 fu

218 1055 402 1118 promesso
427 1044 463 1096 et
484 1055 528 1096 ne
552 1034 589 1096 fa
613 1034 759 1114 querela
784 1034 840 1096 col
856 1034 1034 1116 Principe,
1060 1037 1093 1098 el
1118 1038 1223 1117 quale
1239 1036 1413 1118 risponde
1438 1039 1504 1101 che

218 1163 283 1226 per
307 1162 377 1204 una
401 1151 499 1203 certa
523 1150 626 1222 parte
650 1140 700 1220 gli
724 1140 942 1220 provedera;
968 1140 1091 1203 dubito
1110 1144 1176 1205 che
1191 1143 1361 1207 andando
1379 1156 1506 1226 queste

218 1270 301 1313 cose
335 1251 380 1310 de
404 1247 507 1310 Italia
531 1247 672 1310 sinistre
706 1268 777 1309 non
811 1247 840 1309 si
872 1246 1008 1310 voltino
1038 1269 1059 1311 a
1083 1269 1236 1330 pensare
1269 1252 1423 1332 qualche
1457 1252 1505 1315 di·

218 1376 346 1418 sconzo
379 1364 414 1417 et
444 1354 479 1417 di
504 1352 621 1436 quelle
646 1374 729 1416 cose
760 1354 805 1416 de
831 1354 887 1418 chi
911 1376 979 1418 con
1003 1355 1025 1418 l’
1042 1358 1132 1419 altre
1156 1356 1225 1420 mie
1250 1357 1335 1421 dissi
1360 1379 1508 1424 essetne

218 1463 368 1545 qualche
393 1471 570 1542 suspetto;
596 1481 663 1542 pur
687 1481 799 1542 penso
824 1464 890 1524 che
915 1471 1057 1524 costoro
1082 1484 1150 1525 con
1171 1465 1206 1526 la
1222 1463 1412 1547 diligentia
1427 1468 1507 1531 loro

218 1570 492 1654 provederanno
510 1590 530 1630 a
547 1577 649 1630 tutto.
690 1567 784 1649 Ogni
801 1568 981 1632 disordine
1006 1570 1071 1632 che
1089 1589 1199 1650 segue
1216 1571 1377 1635 darebbe
1395 1574 1507 1637 molto

218 1677 442 1740 incommodo
467 1676 537 1737 alle
561 1695 645 1737 cose
670 1683 790 1737 nostre
795 1722 913 1739 .....

310 1782 411 1846 Colui
435 1783 500 1845 che
518 1802 580 1844 era
596 1782 850 1864 luogotenente
873 1779 932 1863 qui
949 1782 1008 1845 del
1025 1783 1192 1865 Principe
1210 1783 1227 1846 ὲ
1244 1793 1337 1847 stato
1352 1786 1507 1850 rimosso

219 1904 254 1954 et
278 1891 312 1953 in
338 1891 470 1971 luogho
495 1909 559 1951 suo
582 1908 747 1950 messono
772 1888 828 1950 un'
847 1891 948 1952 altro.

307 1997 441 2059 Mando
466 2016 487 2057 a
509 1995 552 2057 V.
577 1993 611 2057 S.
637 1994 741 2077 copia
765 1996 809 2057 de
835 2015 905 2057 una
928 1998 1026 2059 bolla
1050 1996 1140 2059 satta
1163 1998 1198 2059 in
1216 1998 1362 2061 Prussia
1387 2000 1435 2062 da
1460 2021 1507 2063 un

218 2125 374 2169 vescovo
398 2104 432 2166 in
458 2103 583 2165 favore
608 2102 652 2164 de
677 2103 712 2164 la
735 2101 875 2165 heresia
898 2103 1103 2174 lutherana;
1129 2124 1241 2185 penso
1266 2106 1333 2167 che
1350 2108 1508 2169 sarebbe

219 2215 327 2276 molto
351 2220 552 2293 opportuno
578 2218 612 2271 et
629 2211 831 2272 necessario
848 2212 1046 2292 procedere
1062 2221 1187 2275 contro
1212 2211 1246 2273 di
1263 2212 1322 2293 lui,
1348 2214 1381 2275 el
1400 2215 1509 2295 quale

218 2320 364 2382 intendo
389 2318 454 2380 che
479 2316 512 2378 11
537 2317 627 2379 oltre
652 2317 672 2379 ὸ
697 2318 829 2379 lassato
845 2318 978 2398 luogho
995 2328 1140 2380 tenente
1156 2319 1215 2380 del
1231 2318 1330 2381 Gran
1347 2334 1508 2384 maestro

220 2428 263 2489 de
286 2423 447 2498 Prussia;
471 2444 537 2504 per
561 2425 596 2486 la
619 2426 702 2504 qual
726 2444 810 2487 cosa
834 2425 863 2486 si
887 2425 959 2506 puo
983 2445 1050 2506 pur
1074 2446 1171 2488 esser
1195 2427 1316 2489 chiaro
1342 2429 1388 2489 de
1412 2428 1510 2492 illius

220 2535 415 2596 voluntate.

310 2640 460 2702 intendo
485 2639 619 2701 anchor
644 2641 709 2700 che
728 2637 749 2701 ’l
774 2637 944 2701 Casimiro
960 2639 1287 2723 Brandeburgense
1311 2661 1356 2703 ne
1380 2643 1416 2705 lo
1440 2662 1510 2706 suo

218 2768 327 2829 paese
353 2748 399 2809 ha
422 2751 545 2808 tenuta
570 2765 638 2807 una
664 2743 760 2807 dieta
790 2767 834 2808 ne
860 2747 894 2807 la
918 2746 1023 2826 quale
1047 2746 1071 2809 li
1096 2744 1173 2809 suol
1206 2746 1256 2828 gli
1279 2748 1400 2811 hanno
1425 2769 1507 2830 pro-

219 2863 323 2935 posto
357 2852 455 2914 molti
480 2850 617 2915 articuli
651 2853 716 2914 che
750 2852 831 2915 tutti
864 2872 982 2914 vanno
1016 2854 1086 2915 alla
1118 2853 1178 2916 via
1202 2855 1407 2937 lutherana,
1444 2856 1510 2921 alli

221 2961 316 3043 quali
341 2959 413 3041 egli
437 2961 484 3022 ha
507 2960 606 3021 detto
622 2979 692 3022 non
716 2964 842 3040 potere
865 2961 954 3022 hora
968 2958 1178 3041 rispondere
1203 2978 1268 3042 per
1284 2981 1405 3025 essere
1422 2983 1511 3028 cose

220 3070 265 3130 de
290 3068 518 3150 importem,
544 3075 580 3128 et
603 3063 676 3128 cosi
700 3065 724 3128 11
747 3067 793 3127 ha
818 3065 955 3129 timessi
980 3084 1001 3128 a
1024 3066 1081 3130 un'
1100 3062 1207 3138 altra:
1232 3068 1267 3130 la
1291 3066 1397 3151 copia
1421 3068 1511 3134 deli

220 3174 315 3255 quali
341 3173 384 3236 V.
409 3172 442 3236 S.
474 3171 607 3235 havere
639 3172 699 3253 qui
729 3173 877 3255 alligata
907 3184 943 3236 et
967 3172 1079 3256 perito
1110 3173 1228 3236 iudico
1260 3176 1326 3238 che
1351 3179 1511 3241 sarebbe

221 3285 339 3343 buono
363 3281 453 3343 hora
476 3280 646 3343 mandare
671 3299 740 3340 uno
766 3280 811 3341 de
836 3279 944 3361 quelli
968 3278 1100 3343 fratelli
1125 3277 1161 3342 dl
1178 3281 1297 3343 Roma
1321 3280 1357 3344 in
1381 3302 1454 3365 qua
1480 3288 1510 3347 sl

221 3408 285 3469 per
309 3387 332 3450 li
358 3385 560 3451 andamenti
586 3386 621 3450 di
645 3386 769 3465 cestui,
794 3407 894 3450 come
919 3407 984 3469 per
1008 3382 1117 3469 quelli
1141 3388 1198 3450 del
1224 3404 1314 3469 gran
1339 3399 1511 3472 maestro,

221 3495 382 3576 segondo
407 3494 472 3556 che
498 3494 588 3555 altre
611 3493 708 3556 volte
733 3494 845 3574 penso
870 3488 912 3556 N.
938 3491 974 3558 S.

309 3617 473 3681 Viennae
498 3617 549 3679 IV
575 3617 788 3680 Novembris
812 3608 1031 3684 MDXXIV.

753 3815 799 3826 NVJ
803 3814 960 3827 ,νννἉΛΛΛΛΛΑΝ

831 4042 904 4113 118.

552 4164 719 4246 consules
747 4164 943 4265 Progenies
972 4160 1169 4265 (lampugio.

674 4301 732 4376 (ap.
751 4302 910 4376 renonum
929 4302 964 4360 11.
984 4301 1052 4373 111.)

694 4411 748 4482 (10.
768 4415 928 4463 Novembris
951 4411 1038 4482 1524.)

313 4555 472 4620 Salutem
507 4572 585 4618 cum
621 4574 738 4618 rerum
773 4555 927 4619 omnium
962 4554 1212 4639 prosperitatis
1248 4552 1429 4620 desiderio
1465 4578 1509 4623 ac

224 4664 421 4729 officiorum
446 4662 548 4726 simul
573 4670 608 4726 et
632 4662 883 4744 obsequiorum
907 4672 1108 4726 nostrorum
1129 4662 1345 4726 sincerorum
1370 4656 1509 4729 exhibi-

184 4754 202 4780 ⁹
224 4772 321 4835 tione
342 4790 482 4853 semper
496 4782 662 4854 prompta
677 4769 825 4832 dicimus
848 4779 883 4833 et
900 4769 1149 4851 significamus
1191 4764 1509 4837 Reverendissime
