3330 5580
703 447 950 506 creasse*

189 602 356 662 debbano
376 597 581 660 finalmente
598 617 662 678 per
679 598 714 658 lo
731 616 793 658 soe
811 596 903 658 mani
918 605 1061 659 tornare
1079 598 1112 659 al
1128 617 1191 660 suo
1207 596 1324 680 primo
1341 618 1482 681 essere,

187 708 318 790 perche
343 707 361 769 ὲ
385 708 518 768 havuto
543 725 609 785 per
631 705 736 765 homo
762 703 855 764 iusto
880 711 915 764 et
940 702 975 765 di
998 704 1216 768 buonissimo
1239 704 1458 770 iudicio...

367 813 422 875 De
454 814 487 873 le
524 831 605 873 cose
638 812 824 873 lutherane
857 830 927 873 non
956 811 1002 874 ho
1033 810 1227 892 perticular
1249 813 1385 875 alcuno
1410 832 1481 895 per

189 922 278 983 dirle
303 921 338 981 al
361 927 544 1001 presente,
569 938 607 980 se
631 939 702 980 non
727 919 793 979 che
817 916 963 980 intendo
988 918 1054 980 che
1078 918 1305 1000 inAugusta
1329 921 1364 982 le
1392 937 1481 983 cose

188 1047 341 1109 passano
365 1026 425 1107 piu
450 1024 567 1106 quiete
592 1033 628 1086 et
651 1022 711 1106 pin
735 1045 757 1087 a
780 1022 957 1088 beneficio
980 1025 1028 1087 de
1050 1026 1087 1088 la
1108 1023 1209 1106 fede,
1242 1029 1383 1090 anchor
1409 1029 1479 1090 che

189 1134 276 1198 certi
302 1132 383 1195 maii
408 1129 624 1212 predicatori
653 1150 723 1192 non
756 1129 912 1210 cessino,
951 1150 1008 1192 ma
1039 1131 1073 1194 el
1103 1133 1238 1216 populo
1273 1153 1349 1196 non
1384 1154 1481 1216 pare

188 1241 261 1304 cosi
286 1239 415 1303 infesto
441 1238 500 1300 alli
525 1237 618 1319 preti
646 1256 747 1299 come
778 1257 854 1316 era,
885 1257 942 1299 ma
977 1246 1068 1300 tutto
1099 1257 1187 1319 pare
1217 1239 1283 1301 che
1319 1239 1415 1303 hora
1447 1240 1479 1303 si

188 1348 275 1411 volti
300 1356 423 1409 contra
448 1367 467 1406 e
492 1342 699 1426 magistrati.

275 1455 330 1516 De
357 1455 392 1515 la
416 1453 511 1514 dieta
536 1453 580 1513 de
605 1453 639 1512 la
664 1450 755 1533 Liga
784 1450 928 1513 suevica
959 1461 995 1513 et
1025 1471 1135 1532 opere
1160 1452 1217 1514 del
1235 1455 1356 1517 dottor
1374 1453 1476 1518 Sach

187 1564 282 1643 dopo
307 1561 341 1622 la
366 1558 601 1640 expedicione
626 1567 662 1619 et
685 1558 812 1619 lettere
834 1558 902 1622 ¹che
926 1556 961 1619 io
985 1556 1010 1619 li
1034 1557 1152 1620 scrissi
1176 1559 1213 1621 di
1236 1559 1303 1622 che
1324 1561 1477 1625 mandai

187 1668 291 1751 copia
317 1688 338 1729 a
361 1667 405 1728 V.
431 1666 466 1744 5,
492 1685 562 1727 non
587 1665 634 1727 ho
658 1663 773 1726 inteso
796 1664 888 1726 altro
912 1684 933 1726 a
957 1664 1069 1744 quest'
1094 1666 1193 1728 hora.

276 1774 426 1837 Intende
451 1774 517 1835 che
541 1776 599 1852 qui
624 1770 658 1833 in
683 1770 803 1832 Roma
819 1791 906 1833 sono
926 1771 1024 1833 molti
1041 1772 1107 1834 che
1124 1773 1273 1853 parlano
1289 1773 1325 1836 di
1341 1785 1476 1855 queste

187 1903 269 1945 cose
282 1882 478 1958 lutherane,
495 1887 530 1940 et
545 1888 600 1940 tra
615 1876 638 1938 li
654 1876 735 1939 altri
751 1897 820 1939 uno
835 1878 881 1939 ha
896 1878 995 1940 detto
1012 1877 1186 1942 infaciem
1202 1881 1273 1943 allo
1285 1879 1475 1963 Episcopo

186 1990 255 2052 mio
281 1989 353 2050 cio:
392 1988 478 2067 „che
509 1985 546 2048 fa
577 1987 658 2066 quel
689 1993 810 2048 vostro
840 1983 1051 2047 Cardinale?
1087 1985 1127 2048 In
1153 1985 1354 2069 Alemagna
1379 2008 1474 2051 sono

188 2105 342 2160 settanta
366 2093 451 2157 eitta
475 2094 540 2155 che
565 2095 683 2155 hanno
709 2091 893 2154 coniurato
911 2111 976 2173 per
991 2091 1168 2155 Luthero“
1195 2102 1231 2156 et
1252 2095 1363 2157 multa
1388 2094 1474 2177 alia,

186 2224 286 2266 corne
311 2204 345 2264 la
369 2200 473 2282 potra
496 2199 682 2262 intendere
708 2200 755 2261 da
778 2198 838 2263 lui.
886 2198 1002 2278 Certe,
1026 2198 1141 2262 Mons.
1167 2200 1246 2278 mio,
1270 2200 1305 2263 io
1330 2222 1399 2283 per
1416 2224 1475 2266 me

189 2332 257 2373 non
282 2330 367 2372 curo
384 2308 467 2389 quid
486 2305 670 2387 quisquam
694 2308 871 2387 loquatur,
896 2325 953 2367 ma
976 2304 1147 2369 iudicarei
1170 2308 1263 2370 bene
1287 2328 1412 2370 essere
1437 2309 1475 2372 in

186 2416 372 2501 proposito
397 2416 524 2478 alcuna
549 2415 645 2475 volta
670 2434 735 2476 con
761 2414 910 2494 qualche
930 2412 1068 2494 castigo
1085 2414 1244 2477 amonire
1268 2426 1304 2478 et
1325 2415 1475 2479 frenare

187 2539 311 2606 queste
335 2522 457 2604 lingue
482 2518 555 2583 cosi
585 2520 697 2583 libere
722 2529 758 2583 et
781 2519 1063 2582 massimamente
1087 2523 1205 2602 quelle
1228 2523 1294 2585 che
1318 2524 1473 2605 parlano

187 2633 223 2694 in
253 2642 379 2713 questa
411 2628 559 2691 materia
592 2632 664 2690 cosi
697 2627 931 2689 arditamente
963 2635 998 2689 et
1029 2637 1195 2691 mentono
1232 2629 1473 2710 apertissima·

187 2748 315 2802 mente.
364 2737 413 2799 Le
438 2733 631 2797 Lutherani
656 2732 685 2795 si
709 2744 865 2797 vantano
890 2734 1021 2796 havere
1046 2734 1106 2815 qui
1136 2735 1172 2798 in
1208 2745 1307 2799 corte
1336 2735 1474 2800 fautori

187 2855 223 2910 et
247 2842 465 2927 exploratori
489 2841 617 2923 grandi
642 2850 677 2904 et
701 2852 825 2922 questa
850 2861 934 2904 cosa
957 2843 1002 2904 de
1026 2842 1107 2924 lege
1132 2843 1273 2925 agraria
1297 2843 1345 2906 mi
1379 2863 1471 2925 pare

188 2974 304 3016 mossa
329 2951 436 3013 molto
461 2948 782 3030 importunamente
807 2957 843 3009 et
866 2947 916 3027 gli
940 2948 986 3009 ha
1020 2967 1134 3010 messo
1163 2951 1199 3011 in
1230 2950 1369 3029 boecha
1402 2951 1473 3012 che

187 3061 293 3123 etiam
318 3056 472 3138 Quirites
495 3055 565 3118 iam
590 3055 711 3118 oculos
736 3053 900 3136 aperiunt
924 3062 960 3116 et
983 3055 1158 3135 quaedam
1189 3055 1268 3118 alia.
1322 3054 1363 3117 Io
1398 3075 1473 3119 non

188 3187 243 3230 me
267 3165 412 3228 intendo
439 3165 529 3226 altro
554 3183 592 3225 se
617 3182 687 3224 non
713 3164 778 3225 ohe
802 3164 849 3225 ho
874 3162 961 3224 letto
986 3182 1056 3225 una
1080 3163 1241 3227 oratione
1265 3172 1393 3226 contra
1426 3165 1472 3226 le-

187 3293 268 3356 gem
293 3271 471 3354 agrariam
495 3272 603 3333 molto
628 3271 794 3352 elegante
828 3279 863 3332 et
891 3272 1020 3332 buona.
1165 3271 1217 3332 La
1245 3269 1391 3351 disputa
1426 3272 1473 3334 de

188 3383 222 3442 lo
248 3379 359 3442 Echio
383 3380 430 3441 ho
455 3398 595 3460 sempre
620 3377 820 3459 improbata
856 3387 892 3439 et
920 3377 1079 3439 scrittolo
1108 3398 1128 3439 a
1160 3377 1208 3440 lui
1237 3377 1369 3459 perche
1401 3397 1471 3441 con

189 3485 304 3567 questi
329 3484 496 3548 obstinati
521 3504 591 3547 non
617 3484 646 3547 si
675 3504 722 3566 po
747 3485 980 3566 guadagnare
1009 3485 1136 3547 alcuna
1166 3505 1250 3549 cosa
1283 3493 1336 3564 et,
1367 3483 1473 3548 iuxta

189 3591 385 3655 doctrinam
410 3590 574 3674 apostoli,
599 3589 768 3653 haeretici
793 3600 875 3671 post
899 3610 1003 3652 unam
1019 3600 1055 3652 et
1074 3591 1222 3653 alteram
1239 3590 1474 3656 monitionem

281 3804 361 3868 Non
386 3805 566 3886 possendo
591 3825 612 3866 a
635 3806 748 3866 bocca
771 3803 848 3865 fare
873 3803 894 3865 l’
912 3801 1030 3866 officio
1055 3806 1120 3868 che
1144 3805 1190 3867 mi
1221 3805 1337 3869 scrive
1361 3805 1407 3870 V.
1434 3806 1473 3870 S.

188 3915 233 3975 de
257 3915 292 3975 la
316 3911 505 3974 neutralita
530 3910 565 3972 di
590 3909 632 3972 N.
658 3909 693 3973 S.
719 3931 788 3973 non
814 3911 860 3974 mi
884 3931 970 3992 pare
988 3912 1189 3974 necessario
1207 3912 1352 3976 neutile
1376 3913 1474 3977 farlo

188 4041 255 4082 con
279 4020 422 4098 lettere,
457 4028 493 4081 et
526 4017 689 4080 massime
718 4018 783 4080 che
814 4020 940 4080 alcune
966 4020 1060 4081 volte
1092 4019 1158 4081 che
1182 4018 1211 4081 si
1235 4018 1254 4081 ὲ
1278 4019 1473 4101 regionato

189 4125 224 4188 di
248 4126 297 4188 tal
322 4144 406 4188 cosa
428 4124 463 4186 io
492 4144 557 4187 son
581 4143 722 4205 sempre
746 4127 876 4188 andato
901 4146 923 4188 a
946 4135 1071 4207 questo
1087 4126 1235 4205 camino,
1260 4129 1473 4209 parendomi

189 4234 254 4295 che
278 4234 352 4296 cosi
376 4229 577 4312 convenghi
600 4250 621 4291 a
646 4249 692 4293 un
717 4231 815 4293 savio
840 4241 875 4294 et
899 4235 994 4295 buon
1020 4214 1238 4314 Ponteficej
1257 4236 1361 4315 quale
1396 4237 1473 4319 egli

189 4340 207 4402 ἐ
233 4347 269 4401 et
293 4336 456 4400 existimo
481 4357 546 4419 per
571 4347 668 4400 certo
694 4339 759 4399 ohe
784 4359 848 4420 per
871 4342 904 4402 la
929 4342 1048 4404 buona
1071 4340 1267 4404 intentione
1291 4343 1336 4406 de
1356 4340 1394 4407 S.
1416 4344 1473 4409 St*

189 4445 266 4509 Idio
281 4443 418 4507 aiutera
433 4452 468 4505 et
484 4443 675 4525 agrandira
691 4444 715 4506 li
731 4444 784 4507 soi
798 4446 891 4508 santi
906 4456 941 4510 et
956 4447 1097 4510 honesti
1113 4447 1280 4531 dissegni,
1297 4459 1333 4512 et
1345 4455 1419 4516 cosi
1434 4454 1472 4518 di

189 4555 262 4615 bon
287 4570 369 4614 core
393 4551 428 4613 lo
452 4569 665 4632 pregaremo
690 4551 726 4613 di
750 4552 927 4633 continuo,
952 4556 1018 4617 che
1039 4554 1073 4616 in
1096 4564 1220 4635 questo
1244 4555 1314 4620 fine
1333 4559 1386 4641 gli
1409 4561 1473 4625 dia

189 4656 295 4721 felice
314 4657 387 4720 vita
409 4667 444 4718 et
464 4655 637 4736 vigore..
656 4707 664 4722 .
712 4658 874 4721 Viennae
894 4658 1004 4723 XVII
1019 4661 1233 4724 Novembris
1247 4663 1472 4734 MDXXIV.
