3330 5580
667 484 896 540 ομ4151113

138 646 302 695 tornasse
327 632 361 694 in
389 635 505 715 quelle
529 632 658 710 bande,
683 643 718 693 et
742 634 807 693 che
825 633 980 694 volendo
997 650 1196 712 governare
1213 632 1247 693 13
1263 628 1421 712 Spagna‚

138 743 173 802 la
189 739 327 820 Magna
351 748 387 801 et
410 749 500 801 tutte
525 741 558 801 le
583 740 672 800 altre
696 758 759 800 sue
783 738 966 820 provincie
990 758 1140 801 venesse
1165 737 1200 799 in
1225 737 1337 799 Italia.
1374 737 1423 799 Se

139 846 213 908 Sua
237 845 377 908 Maesta
410 856 513 908 torna
544 845 579 907 in
605 842 769 926 Spagna‚
804 865 903 907 come
935 866 973 907 se
1002 845 1081 907 dice
1106 866 1125 908 3
1150 865 1187 908 33
1221 845 1312 907 vede
1344 865 1421 906 curn

138 953 269 1015 effecto
287 955 352 1015 che
368 954 457 1015 hora
474 951 608 1035 partiri
625 953 659 1013 el
672 951 963 1014 Vicecancellero
980 951 1026 1014 da
1038 951 1170 1033 Ragon
1189 972 1254 1032 per
1264 950 1422 1033 Spagna,

138 1071 174 1122 et
198 1081 219 1121 a
245 1060 266 1121 l’
285 1058 408 1121 ultimo
433 1058 468 1120 di
494 1067 618 1141 questo
644 1079 682 1121 se
706 1058 785 1120 dice
809 1059 942 1140 partire
968 1060 1001 1121 el
1025 1068 1120 1121 resto
1146 1060 1203 1121 del
1229 1058 1422 1140 Consiglio,

138 1168 306 1229 dubitase
329 1166 587 1249 grandemente
612 1168 688 1245 che,
713 1167 845 1249 partita
869 1165 931 1244 sia,
958 1165 1072 1246 questi
1098 1165 1251 1227 alemani
1271 1165 1422 1228 faranno

138 1277 249 1337 molto
272 1274 406 1356 peggio
432 1275 497 1336 che
513 1271 697 1357 Spagnoli,
726 1273 857 1355 perche
884 1273 1012 1335 dicono
1037 1274 1103 1334 che
1127 1272 1162 1334 in
1187 1271 1379 1334 Germania
1404 1273 1421 1334 ὲ

137 1385 173 1444 13
205 1384 292 1445 sede
324 1382 381 1443 del
407 1381 560 1462 Imperio
592 1391 627 1444 et
652 1382 717 1443 che
744 1401 814 1442 non
839 1390 1113 1460 comportarano
1138 1379 1245 1440 vaddi
1271 1379 1306 1440 in
1331 1381 1421 1440 altro

138 1492 234 1562 loco;
267 1489 312 1550 de
337 1498 432 1552 sorte
458 1489 523 1551 che
548 1487 583 1552 S.
609 1488 746 1550 Maesti
771 1506 810 1548 se
834 1485 968 1549 vedara
993 1488 1110 1568 pocha
1134 1497 1362 1548 contentezza
1387 1486 1420 1547 in

138 1606 266 1676 questa
291 1615 355 1656 sua
379 1595 516 1675 grande
540 1593 760 1658 Monarchia.

246 1702 276 1764 Il
291 1700 424 1783 Signor
440 1701 575 1764 infante
596 1722 634 1763 se
659 1710 812 1782 expecta
835 1699 871 1762 in
896 1703 1017 1780 breve,
1042 1708 1077 1762 et
1101 1700 1225 1782 gionto
1251 1702 1316 1763 che
1344 1700 1422 1763 33111

138 1813 175 1872 13
199 1827 558 1891 accompagneranno
576 1828 654 1870 cum
676 1810 710 1870 la
728 1808 859 1888 moglie
875 1808 1031 1869 secundo
1049 1827 1088 1869 se
1104 1806 1192 1888 dice,
1212 1817 1248 1869 et
1263 1810 1422 1870 daranno

139 1919 174 1979 la
199 1919 330 1979 sorella
353 1936 417 1978 sua
440 1917 474 1978 al
499 1916 558 1978 Re
582 1916 627 1977 de
651 1915 824 1997 Ungaria.

247 2022 461 2104 Monsignor
485 2023 529 2086 de
545 2021 716 2085 Chievres
740 2023 888 2085 martedl
914 2022 1046 2084 matina
1070 2021 1149 2084 fece
1165 2040 1211 2084 un
1229 2024 1422 2084 banchetto

137 2153 160 2193 a
185 2130 266 2193 tutti
291 2129 315 2192 11
340 2129 468 2210 grandi
493 2131 538 2192 de
563 2128 757 2192 Germania
781 2131 847 2192 che
871 2150 984 2192 sonno
1009 2129 1083 2209 qui;
1109 2129 1205 2191 dicto
1230 2132 1422 2192 banchetto

137 2237 178 2299 fu
202 2236 383 2299 belissimo
408 2247 443 2298 et
468 2236 576 2319 dopoi
601 2258 639 2299 se
663 2236 804 2319 giocho.

248 2341 284 2405 S’
316 2344 334 2405 ὲ
375 2343 465 2405 ditto
504 2346 570 2406 che
604 2343 624 2405 ’1
656 2344 715 2406 Re
755 2342 1046 2406 christianissimo
1085 2345 1174 2406 hora
1216 2346 1346 2407 cercha
1389 2346 1423 2406 la

137 2450 351 2513 investitura
378 2451 436 2512 del
461 2451 626 2513 Duchato
652 2451 685 2513 di
701 2451 847 2530 Milano,
872 2453 1037 2513 lassando
1062 2451 1174 2515 libere
1198 2455 1315 2533 quelle
1341 2472 1423 2514 cose

137 2559 185 2620 de
210 2558 366 2619 Fiandra
398 2568 433 2619 et
458 2558 513 2620 del
540 2558 645 2621 conta
669 2559 702 2621 d'
720 2559 872 2640 Artoys‚
906 2558 1037 2639 perche
1063 2560 1097 2620 13
1121 2558 1353 2640 appellationi
1378 2560 1422 2620 de

136 2668 172 2729 le
197 2685 305 2727 cause
329 2685 448 2727 vanno
473 2686 494 2726 a
520 2665 654 2744 Ρ31133,
685 2675 721 2728 et
752 2686 818 2747 per
842 2664 956 2746 questi
981 2665 1137 2747 respecti
1162 2667 1301 2747 poteria
1326 2687 1423 2728 esser

136 2775 205 2835 che
230 2773 251 2834 l'
266 2792 336 2834 uno
361 2784 397 2834 et
420 2772 441 2834 l’
456 2773 547 2835 altro
572 2792 611 2834 se
635 2772 921 2855 componerien0.

248 2878 300 2941 La
325 2878 456 2942 matina
480 2879 525 2940 de
549 2880 584 2940 la
608 2877 806 2942 Candelera
830 2880 864 2941 13
889 2878 1026 2942 Maesta
1053 2878 1206 2943 Cesarea
1233 2879 1312 2943 fece
1337 2881 1422 2943 invi·

137 2997 216 3049 tare
249 2986 331 3047 tutti
365 2986 389 3047 li
423 2984 588 3047 Alemani
619 2988 689 3048 alla
712 2986 832 3049 Messa
863 2996 898 3048 et
928 2986 1010 3048 tutti
1043 2997 1243 3068 portaveno
1277 2989 1310 3049 13
1346 2989 1422 3050 1313

137 3094 290 3156 candele
315 3112 394 3154 curn
418 3092 439 3153 l’
456 3112 554 3154 arma
579 3113 652 3172 sua,
677 3093 808 3174 perche
833 3098 906 3155 cosl
933 3093 950 3154 ὲ
977 3094 1011 3155 13
1036 3094 1303 3156 consuetudine.
1351 3093 1424 3157 Sua

137 3199 279 3262 Maesta
310 3199 439 3261 mando
472 3198 577 3261 etiarn
603 3220 624 3261 a
646 3199 797 3262 invitare
831 3202 864 3263 el
888 3201 1037 3263 Duccha
1061 3200 1179 3263 Dalba
1203 3203 1344 3263 volesse
1368 3201 1424 3263 far

138 3309 172 3370 el
197 3306 325 3378 simile:
349 3305 398 3368 lui
422 3308 551 3368 mando
576 3328 597 3369 a
622 3306 727 3388 dirgli
752 3308 817 3369 che
837 3307 859 3367 l’
877 3327 939 3369 era
956 3309 1109 3371 vassallo
1126 3308 1184 3371 (131
1202 3308 1260 3371 Re
1277 3307 1424 3389 Spagna

139 3425 175 3476 et
196 3433 267 3475 non
286 3414 344 3475 del
361 3412 525 3494 Imperio,
550 3422 585 3475 et
609 3419 699 3475 cossi
725 3434 796 3475 non
821 3413 871 3494 gli
896 3415 997 3476 volse
1021 3417 1154 3478 andare
1180 3425 1214 3477 et
1232 3436 1302 3478 non
1318 3435 1423 3477 senza
1529 3475 1531 3479 .

139 3541 258 3599 causa,
284 3523 371 3600 pero
395 3521 460 3582 che
484 3522 628 3601 quando
652 3520 936 3583 commenciorno
962 3522 996 3582 la
1021 3519 1132 3600 dieta,
1157 3524 1374 3584 trovandose
1399 3525 1421 3584 11

139 3627 188 3689 lui
212 3647 233 3688 a
257 3629 395 3700 sedere,
420 3626 527 3688 etiam
551 3627 631 3689 chel
661 3626 758 3689 fusse
790 3626 825 3688 in
854 3629 933 3690 loco
958 3628 1082 3706 bass0,
1115 3648 1185 3690 non
1211 3629 1246 3690 di
1271 3649 1374 3691 meno
1399 3629 1422 3690 li

140 3733 318 3795 Todeschi
349 3734 383 3794 el
415 3734 557 3796 volsero
589 3753 719 3796 cavare
749 3734 794 3796 (13
828 3734 850 3794 11
883 3743 919 3796 et
951 3733 997 3795 lui
1028 3735 1099 3795 3113
1129 3734 1241 3814 prima
1274 3756 1344 3798 non
1385 3756 1423 3797 33

140 3841 242 3902 volse
266 3842 397 3920 levare,
422 3840 508 3902 dicti
532 3840 710 3902 Todeschi
735 3841 919 3902 andarono
945 3843 1003 3903 dal
1027 3840 1086 3903 Re
1111 3848 1146 3903 et
1168 3838 1204 3903 S.
1220 3841 1268 3902 M.
1293 3842 1423 3903 mando

141 3968 161 4008 a
193 3947 301 4029 dirgli
334 3948 413 4009 chel
445 3968 483 4010 se
518 3948 658 4011 levasse
690 3958 725 4010 et
750 3947 798 4009 lui
822 3967 861 4009 se
885 3947 1024 4027 partite.
1073 3948 1128 4009 De
1153 3948 1271 4028 quello
1296 3946 1423 4009 feceno

141 4056 174 4116 al
206 4053 338 4116 Nuntio
373 4054 419 4116 de
449 4053 491 4117 N.
525 4053 561 4117 S.
595 4066 631 4117 et
654 4075 675 4116 3
699 4055 818 4135 quello
850 4055 894 4116 de
927 4054 1064 4116 Franza
1096 4064 1131 4116 et
1162 4054 1207 4116 de
1232 4054 1422 4116 Venetiani

141 4181 210 4224 non
235 4163 270 4223 lo
295 4161 422 4242 scrivo,
447 4163 579 4243 perche
596 4161 760 4225 existimo
776 4161 943 4223 l’habino
969 4161 1091 4223 scritto
1116 4163 1204 4224 1313.
1240 4160 1423 4223 Invitorno

142 4269 165 4331 li
198 4268 332 4332 oratori
356 4268 448 4330 Mori
480 4269 526 4332 de
557 4267 581 4330 li
606 4267 730 4332 Gierbi
762 4280 798 4331 et
828 4270 970 4350 quando
1002 4268 1185 4331 introreno
1210 4268 1244 4330 in
1269 4269 1303 4329 la
1328 4268 1424 4330 dieta

142 4396 179 4438 se
210 4395 365 4438 cavorno
397 4377 430 4438 le
461 4377 612 4457 scharpe
643 4376 856 4459 portandole
889 4374 924 4437 in
949 4394 1054 4437 mano
1078 4396 1099 4436 a
1123 4374 1199 4437 fare
1224 4375 1425 4438 reverentia

141 4485 174 4544 31
199 4482 273 4563 Re,
306 4493 342 4545 et
365 4503 500 4564 pareva
524 4484 589 4545 che
621 4483 887 4565 pianghesseno
921 4492 954 4544 et
986 4503 1056 4544 non
1088 4483 1265 4544 volevano
1297 4483 1423 4545 sedere

141 4610 206 4671 per
239 4590 344 4652 modo
376 4591 545 4670 alchun0,
580 4591 624 4653 de
650 4601 745 4653 sorte
770 4591 836 4652 che
863 4588 1020 4670 ogniuno
1054 4592 1221 4652 comenzo
1246 4610 1267 4650 a
1291 4589 1422 4662 ridere;

141 4717 208 4779 pur
233 4697 267 4758 al
291 4694 338 4758 fin
364 4717 402 4759 se
426 4698 586 4759 lassorno
611 4697 740 4761 redure
766 4705 800 4757 et
825 4696 849 4757 li
873 4695 1001 4758 feceno
1026 4698 1162 4759 sedere.

249 4802 420 4865 Horamai
452 4823 580 4865 serano
618 4802 783 4886 quindeci
818 4803 935 4885 giorni
969 4804 1034 4866 che
1066 4826 1112 4866 un
1143 4814 1240 4865 certo
1266 4804 1423 4865 Anchise

1159 4938 1163 4946 .
1228 4908 1261 4965 4*
