3330 5580
814 795 865 859 74.

531 911 740 990 Aloandar
768 909 1141 989 vicecancellarii).

592 1040 732 1103 illuuoiat.
751 1040 877 1098 deman.
896 1039 926 1096 11·
945 1039 991 1098 fol.
1008 1039 1075 1111 192)

693 1139 746 1209 (27.
767 1142 869 1206 Aprilis
892 1141 980 1206 1521.)

283 1267 519 1330 Scrivessimo
551 1267 726 1329 communi
760 1288 863 1329 manu
897 1288 918 1329 a
943 1267 1074 1328 Vostra
1099 1265 1267 1349 Signoria
1290 1269 1473 1330 Reveren-

187 1374 339 1437 dissima
363 1397 384 1438 a
409 1376 442 1436 dl
461 1374 556 1435 XIX
583 1374 617 1436 di
642 1384 768 1455 questo
793 1375 888 1437 della
912 1383 1014 1436 santa
1038 1383 1073 1435 et
1097 1373 1376 1436 laudabilissima
1392 1375 1474 1436 deli-

190 1483 381 1545 beratione
406 1481 440 1543 di
466 1482 593 1562 Cesar,
627 1483 662 1543 la
686 1483 768 1563 qual
792 1481 915 1544 scritta
939 1481 974 1543 di
1000 1481 1072 1543 Sua
1098 1502 1201 1543 mano
1225 1483 1340 1543 havea
1364 1483 1474 1564 publi-

189 1601 273 1651 cata
297 1590 358 1651 alli
382 1589 545 1671 principi,
571 1610 640 1650 non
665 1610 773 1652 senza
796 1590 933 1671 grande
957 1589 1163 1667 anteveder,
1189 1589 1288 1651 accio
1313 1591 1378 1651 che
1399 1591 1475 1651 loro

189 1697 332 1759 iussero
356 1696 544 1778 prevenuti
564 1696 600 1757 di
622 1717 691 1758 non
714 1696 913 1759 deliberare
929 1698 1139 1758 altramente
1164 1698 1229 1758 che
1247 1696 1320 1759 Sua
1336 1696 1476 1758 Maesta

189 1806 333 1867 haveva
357 1804 457 1866 fatto
496 1805 525 1866 ll
550 1805 616 1865 che
639 1804 763 1866 invero
780 1803 972 1866 benissimo
990 1803 1163 1865 succedea
1187 1804 1318 1884 perche
1336 1804 1359 1865 li
1377 1805 1473 1865 Prin·

190 1911 264 1994 cipi
288 1913 408 1992 quello
433 1910 625 1974 medesimo
650 1909 777 1990 giorno
806 1910 899 1972 intra
923 1930 961 1972 se
986 1909 1088 1971 stessi
1113 1911 1320 1972 conclusero
1345 1911 1378 1971 in
1405 1931 1474 1972 orn·

192 2018 300 2080 nibus
324 2017 425 2099 sequi
450 2021 667 2079 voluntatem
693 2017 848 2095 Cesaris,
880 2016 908 2078 si
934 2038 1032 2078 come
1058 2019 1090 2078 el
1115 2016 1336 2080 Treverense
1361 2039 1426 2099 per
1450 2019 1474 2079 il

189 2145 255 2187 suo
281 2123 436 2186 officiale
468 2123 499 2186 ci
524 2123 602 2185 fece
627 2124 852 2197 dechiarare;
890 2144 946 2185 ma
970 2143 1016 2185 un
1041 2143 1159 2185 nuovo
1184 2144 1267 2186 caso
1299 2146 1413 2188 messe
1438 2125 1473 2188 in

190 2252 280 2313 gran
314 2231 561 2314 perturbation
586 2230 609 2292 il
635 2240 743 2312 tutte,
780 2231 911 2314 perche
937 2231 1055 2312 quella
1079 2231 1270 2293 medesima
1299 2242 1397 2294 notte
1422 2254 1469 2295 se·

189 2349 322 2419 quente
355 2338 379 2400 li
405 2337 598 2400 Lutherani
631 2335 659 2399 si
693 2357 758 2419 per
790 2337 1027 2417 grandissimo
1061 2337 1198 2419 sdegno
1231 2348 1394 2401 concetto
1428 2340 1474 2402 da

190 2454 318 2527 questo
343 2446 444 2507 voler
468 2445 502 2506 di
528 2445 673 2524 Cesare,
698 2463 799 2506 come
822 2463 888 2524 per
912 2452 1040 2506 metter
1063 2446 1258 2526 paura·alli
1283 2447 1472 2509 orthodoxi

191 2556 258 2616 che
290 2574 360 2616 non
392 2553 655 2634 procedesseno
687 2552 759 2613 alla
787 2530 998 2613 eiecutione
1030 2560 1234 2615 attaccorno
1266 2556 1337 2616 3113
1369 2565 1474 2635 porta

192 2661 286 2723 della
311 2660 403 2723 Casa
427 2661 618 2722 Commune
649 2658 684 2720 di
708 2666 834 2739 questa
859 2656 942 2720 citta
974 2667 1010 2720 et
1034 2658 1068 2720 in
1093 2660 1209 2721 alcuni
1241 2661 1321 2723 altri
1350 2661 1473 2743 luoghi

193 2767 324 2849 publici
349 2777 476 2848 questa
500 2768 645 2828 scedula
662 2765 756 2827 della
780 2765 864 2845 qual
883 2766 1071 2827 mandamo
1095 2767 1130 2828 la
1153 2767 1267 2848 copia,
1293 2771 1358 2831 che
1374 2780 1471 2831 certo

194 2897 229 2938 se
252 2876 406 2937 havesse
431 2876 563 2937 havuto
588 2873 821 2935 fundamento
845 2891 942 2952 ver0,
968 2874 1119 2934 sarebbe
1135 2876 1243 2937 molto
1261 2875 1471 2956 pericolosa,

197 2981 323 3062 perche
348 2982 468 3061 quelle
491 2991 545 3043 tre
570 2978 710 3042 dittioni
735 2978 929 3041 alemanice
953 2979 1181 3061 sottoscritte,
1206 2983 1272 3044 che
1296 3003 1366 3045 non
1384 3005 1472 3046 sono

197 3089 347 3152 tradutte
372 3088 408 3149 in
433 3088 554 3167 latin0,
579 3086 788 3168 significano
812 3086 1103 3149 acclamationem
1128 3098 1164 3150 et
1188 3092 1386 3171 symbolum
1411 3113 1470 3175 po-

197 3197 263 3277 puli
288 3198 334 3259 ad
359 3216 458 3270 arma
483 3205 608 3258 contra
631 3194 793 3256 dominos
818 3202 854 3256 et
876 3193 1045 3257 maiores:
1072 3205 1107 3257 et
1131 3193 1240 3256 dicesi
1266 3198 1331 3258 che
1353 3200 1472 3279 quella

197 3304 384 3366 medesima
410 3314 507 3365 notte
540 3304 585 3365 da
609 3323 679 3364 uno
704 3301 741 3362 fu
765 3301 901 3363 cridato
927 3311 1053 3382 questa
1076 3304 1147 3364 tale
1171 3321 1260 3364 voce
1291 3323 1356 3384 per
1380 3314 1472 3368 tutta

198 3411 227 3472 la
248 3421 362 3489 terra,
400 3411 443 3473 ne
467 3411 555 3492 pero
582 3410 621 3472 fu
645 3408 736 3471 fatto
761 3409 888 3471 alcuno
918 3418 1031 3488 mot0,
1068 3410 1185 3472 donde
1217 3412 1245 3474 si
1269 3421 1354 3494 pote
1380 3435 1469 3476 com·

198 3518 368 3597 prendere
403 3517 527 3578 chela
551 3515 794 3578 coniuratione
819 3535 889 3577 non
923 3517 969 3577 ha
997 3524 1096 3578 tanto
1120 3516 1360 3582 fundamento.
1412 3521 1469 3583 Ut-

198 3642 340 3705 cumque
371 3643 442 3685 uno
473 3623 509 3685 di
541 3622 656 3704 questi
680 3621 836 3703 Principi
869 3621 969 3685 achi
993 3621 1053 3703 piir
1085 3623 1246 3704 portione
1277 3626 1470 3691 defendere

199 3739 317 3809 questa
349 3749 472 3808 causa,
512 3738 614 3810 parte
638 3750 704 3811 per
733 3750 797 3791 sua
828 3739 953 3792 natura
978 3740 1107 3812 troppo
1139 3732 1317 3811 modesta,
1352 3753 1372 3794 o
1403 3754 1471 3816 pur

200 3836 331 3915 timida,
356 3846 459 3918 parte
482 3857 548 3918 per
572 3836 728 3899 conselio
753 3837 789 3899 di
813 3836 906 3917 suoi,
938 3837 962 3900 li
986 3836 1081 3918 quali
1106 3838 1153 3899 ha
1176 3838 1211 3899 in
1237 3859 1319 3901 casa
1344 3840 1469 3904 Luthe·

200 3943 279 4023 rani,
304 3942 392 4006 velit
417 3942 519 4022 nolit,
549 3953 584 4004 et
609 3943 704 4025 quali
729 3942 922 4006 dubitiamo
946 3945 1057 4006 havet
1082 3944 1150 4006 essi
1176 3946 1356 4008 medesimi
1380 3946 1470 4009 fatto

199 4052 241 4112 tal
263 4051 427 4130 scedula,
457 4049 495 4111 fu
519 4071 635 4112 messo
659 4050 693 4112 in
719 4051 767 4112 tal
792 4070 904 4131 paura
935 4052 1000 4112 che
1026 4050 1155 4112 mando
1179 4062 1262 4114 ante
1287 4053 1400 4115 lucem
1425 4056 1470 4116 ad

200 4155 394 4236 Caesarem,
417 4158 463 4218 ad
488 4157 576 4219 alios
593 4156 777 4237 Principes
802 4166 837 4219 et
858 4158 903 4219 ad
919 4177 993 4238 nos,
1020 4167 1055 4219 et
1070 4158 1138 4220 Dio
1156 4161 1255 4221 volse
1280 4161 1345 4222 che
1363 4159 1471 4223 Cesar

200 4284 297 4327 sene
322 4264 392 4326 rise
417 4273 452 4326 et
476 4263 631 4326 mandoli
655 4285 676 4325 a
700 4264 755 4325 dir
778 4265 856 4326 chel
882 4284 943 4327 era
967 4274 1096 4346 troppo
1121 4265 1254 4346 timido,
1280 4275 1315 4328 et
1338 4269 1469 4348 perche

199 4380 363 4449 pertenea
388 4369 481 4432 alui
506 4390 708 4453 congregar
731 4371 755 4433 li
780 4370 954 4452 Principi,
979 4371 1128 4434 sarebbe
1154 4375 1222 4435 ben
1248 4374 1390 4437 subbito
1415 4375 1470 4436 far

200 4478 342 4558 expedit
366 4477 499 4539 Luther
532 4487 568 4539 et
600 4478 833 4540 remandarlo
881 4479 999 4559 Dopoi
1033 4481 1064 4542 ci
1097 4479 1190 4542 disse
1215 4480 1325 4543 Cesar
1357 4502 1377 4543 a
1411 4482 1469 4545 noi

201 4581 250 4645 doi
273 4584 436 4664 ridend0,
462 4586 527 4646 che
552 4586 704 4646 sarebbe
728 4592 854 4664 questa
878 4585 1119 4649 coniuratione
1144 4588 1228 4649 delli
1254 4609 1317 4665 400
1339 4588 1470 4670 Nobili,

201 4707 289 4754 come
322 4693 356 4753 13
381 4692 426 4752 de
450 4690 563 4752 Mulio
589 4689 742 4753 Scevola
775 4692 840 4753 che
865 4692 967 4755 dicea
1001 4714 1097 4756 esser
1120 4715 1203 4772 300,
1240 4695 1390 4757 essendo
1422 4696 1469 4758 lui

202 4798 276 4863 solo.
325 4798 460 4860 Tamen
485 4819 555 4860 non
580 4800 675 4860 resto
699 4798 721 4861 1’
735 4797 848 4861 amico
873 4799 1013 4883 timido,
1048 4804 1196 4866 mandar
1226 4804 1258 4864 el
1286 4802 1470 4870 fratelloa

222 4921 297 4974 Bulan,
310 4924 455 4964 Documenta
464 4924 602 4965 1131131333.
1278 4908 1310 4965 13
