3330 5580
703 474 950 535 <><3462ῖ>4

186 624 259 687 Oro
285 633 413 701 autern,
438 633 475 686 ut
499 622 591 686 hanc
616 624 893 689 admonitionem
917 628 1013 688 bono
1030 625 1148 689 animo
1165 622 1333 708 accipere
1350 626 1479 709 digne·

187 742 252 793 tur.
301 730 452 810 Quando
477 731 560 793 mihi
586 752 673 814 prae
698 733 863 813 caeteris,
895 732 987 795 absit
1014 731 1182 796 iactantia
1206 735 1338 815 verbe,
1373 733 1481 797 cordi

186 840 310 900 haeret
335 838 486 901 studium
512 839 673 920 pietatis,
706 861 810 921 quam
842 839 869 901 si
902 859 1044 920 possem
1076 839 1248 903 reducere
1273 840 1362 903 solis
1386 839 1481 904 meis

187 945 331 1025 viribus,
349 944 454 1007 etiam
472 965 549 1007 cum
567 946 755 1009 manifesto
772 946 900 1028 capitis
917 946 1076 1029 periculo
1100 946 1137 1008 id
1158 966 1340 1030 nunquam
1358 949 1479 1011 detre-

187 1062 330 1114 ctarem.
379 1050 424 1112 Et
448 1054 566 1114 valeat
590 1051 808 1116 foelicisime.

277 1160 358 1223 Dat.
394 1157 429 1220 in
463 1158 644 1240 Insprugg
677 1161 744 1222 Die
776 1160 864 1222 XX.
899 1160 1032 1223 Mensis
1064 1160 1150 1224 Maii
1192 1161 1299 1224 Anno
1328 1162 1480 1226 Domini

188 1264 390 1329 MDXXV.

339 1371 378 1433 E.
403 1368 612 1434 Sanctitatis
635 1371 789 1435 Vestrae

894 1489 1010 1539 Humilis
1029 1496 1055 1538 et
1073 1491 1223 1554 obsequens
1242 1489 1312 1539 filius

928 1586 1122 1651 ltffllmlll!
1141 1611 1193 1648 arc.
1214 1603 1295 1648 amir.

794 1930 868 1995 212.

402 2043 656 2146 sigismundus
684 2045 760 2126 Rex
787 2047 954 2128 Poloniao
982 2048 1154 2153 clementi
1182 2048 1261 2130 VII.

631 2193 1038 2269 (mmmmm

706 2311 759 2382 (ει.
781 2317 845 2365 nlaii
868 2314 955 2382 1525.)
1020 2370 1023 2375 ,

284 2438 388 2518 Quod
414 2449 491 2501 erat
514 2437 722 2520 iampridem
748 2440 781 2502 in
808 2439 901 2503 votis
925 2461 1003 2503 cum
1022 2439 1081 2499 V¹⁰
1106 2436 1314 2502 Sanctitatis
1330 2438 1482 2522 eiusque

194 2547 486 2628 predecessorum
511 2553 583 2607 tum
609 2546 761 2608 omnium
786 2546 898 2609 ferme
922 2545 1120 2628 principum
1142 2545 1416 2610 christianorum
1442 2557 1483 2611 ut

194 2654 324 2715 bellum
360 2653 455 2732 quod
488 2651 579 2716 inter
613 2673 668 2715 me
709 2665 745 2715 et
778 2654 988 2735 Magistrum
1022 2652 1188 2716 Prussiae
1225 2652 1482 2718 intercesserat

196 2759 429 2839 compositum
461 2769 574 2839 esset,
609 2769 733 2840 utpote
764 2761 928 2823 universe
959 2760 1010 2823 rei
1041 2759 1233 2823 christiane
1265 2760 1411 2824 noxium
1446 2770 1482 2824 et

195 2865 448 2948 pernitiosump
462 2865 497 2927 id
523 2867 667 2928 tandem
692 2866 813 2929 divino
834 2867 957 2929 favore
979 2867 1110 2929 iactum
1127 2866 1188 2927 Mm
1210 2865 1391 2931 Sanctitas
1406 2889 1480 2932 non

196 2973 346 3053 ignorat.
395 2971 480 3035 Cum
514 2971 605 3034 enim
629 2971 763 3034 indutie
795 2974 1001 3055 expirarent
1031 2994 1146 3056 neque
1171 2975 1242 3037 ulla
1276 2990 1371 3039 esset
1396 2996 1481 3058 spes

194 3090 292 3142 tante
326 3078 568 3141 controversie
602 3099 666 3162 per
689 3079 843 3143 arbitros
876 3081 1086 3162 dirimende,
1119 3078 1218 3144 venit
1245 3081 1292 3144 ad
1316 3102 1372 3146 me
1408 3102 1479 3146 ma·

197 3187 309 3269 gister
332 3185 409 3267 ipse
434 3185 605 3249 condictis
633 3186 730 3267 prius
755 3189 871 3250 medio
896 3187 1081 3250 illustrium
1106 3187 1305 3270 principum
1330 3186 1483 3272 Georgii

197 3292 411 3356 marchionis
453 3293 787 3375 Brandeburgensis
829 3305 864 3356 et
899 3294 1071 3357 Friderici
1112 3294 1211 3357 ducis
1246 3294 1483 3378 Legnicensis

197 3399 432 3463 communium
459 3399 805 3480 consanguineorum
830 3413 866 3463 et
890 3400 1048 3464 affinium
1072 3410 1283 3482 nostrorum,
1309 3400 1482 3466 conditio·

198 3509 301 3570 nibus
332 3508 432 3589 pacis
464 3517 499 3569 et
523 3507 714 3570 concordie
745 3528 814 3588 que
838 3528 903 3590 pro
935 3517 1096 3590 tempore
1120 3507 1196 3570 fieri
1221 3517 1414 3589 potuerunt
1446 3519 1484 3572 et

199 3617 321 3696 quales
353 3625 474 3677 mutua
505 3613 729 3678 necessitudo
761 3623 884 3677 nostra
916 3614 1127 3696 postulavit,
1163 3614 1390 3697 prestititque
1421 3615 1484 3679 ille

199 3723 304 3785 michi
336 3721 493 3785 debitum
518 3742 636 3802 suum,
672 3721 767 3802 quod
799 3729 835 3783 et
859 3719 1011 3783 maiores
1034 3720 1103 3784 mei
1135 3730 1171 3783 et
1195 3740 1264 3802 ego
1292 3721 1484 3786 iustissime

200 3828 409 3910 exigebam;
446 3828 585 3910 prestiti
617 3838 652 3890 et
677 3847 745 3909 ego
776 3826 929 3889 vicissim
962 3847 1050 3909 erga
1073 3827 1170 3890 illum
1202 3847 1271 3909 que
1302 3826 1379 3892 iure
1403 3849 1484 3893 meo

200 3934 316 4017 potui,
353 3935 539 4017 presertim
566 3934 783 3997 descissente
815 3955 837 3996 a
860 3933 1085 4016 professione
1116 3955 1179 3998 sua
1204 3935 1329 3998 ordine
1352 3935 1415 3999 illo
1449 3946 1486 4000 et

201 4043 304 4105 terris
329 4041 492 4105 omnibus
518 4041 684 4105 Prussiae
707 4041 897 4104 iustissima
920 4041 1120 4106 hereditate
1145 4043 1244 4125 regni
1271 4042 1340 4105 mei
1364 4043 1400 4105 in
1424 4063 1485 4126 po·

201 4157 365 4211 testatem
397 4170 509 4213 meam
533 4149 704 4228 redactis,
739 4151 833 4211 unde
858 4170 998 4232 sperem
1029 4159 1128 4216 tanta
1152 4152 1247 4212 bella
1279 4160 1314 4212 et
1339 4148 1486 4212 dissidia

202 4278 271 4318 non
298 4256 414 4337 sopita
439 4258 551 4318 solum
584 4264 619 4319 et
643 4257 841 4338 composita
872 4256 1066 4320 sedetiam
1091 4255 1259 4319 radicitus
1285 4257 1427 4318 sublata
1451 4266 1486 4318 et

203 4363 378 4442 (extincta,
414 4363 545 4446 alioqui
579 4362 741 4444 tragedia
772 4364 839 4426 hec
871 4365 1004 4426 nullum
1035 4383 1190 4445 unquam
1220 4362 1326 4425 finem
1349 4364 1486 4427 habere

202 4470 393 4551 potuisset,
429 4470 616 4552 presertim
649 4491 727 4533 cum
759 4471 890 4533 subditi
915 4470 982 4534 mei
1015 4491 1137 4533 omnes
1170 4469 1360 4552 exigerent
1383 4491 1405 4533 a
1429 4490 1486 4534 me

203 4576 316 4639 modis
341 4576 519 4658 omnibus,
552 4597 666 4658 neque
691 4581 736 4640 ab
769 4578 837 4641 hoc
862 4578 1023 4641 instituto
1048 4579 1145 4641 nullo
1175 4578 1280 4641 modo
1315 4577 1488 4641 dimoveri

204 4683 384 4764 potuerint
409 4683 444 4746 in
468 4694 646 4747 conventu
661 4685 822 4765 generali
846 4684 949 4767 regni
966 4684 1034 4747 mei
1056 4683 1260 4766 novissimo,
1284 4685 1342 4748 vel
1358 4703 1487 4768 cogen-

206 4791 286 4852 dum
319 4791 461 4852 tandem
487 4791 698 4872 Magistrum
723 4791 867 4854 Prussie
899 4793 944 4854 ad
977 4792 1208 4874 prestandam
1240 4789 1488 4855 obedienciam
