<?xml version="1.0" encoding="UTF-8"?>
<!DOCTYPE html PUBLIC "-//W3C//DTD XHTML 1.0 Transitional//EN"
    "http://www.w3.org/TR/xhtml1/DTD/xhtml1-transitional.dtd">
<html xmlns="http://www.w3.org/1999/xhtml" xml:lang="en" lang="en">
 <head>
  <title>
</title>
<meta http-equiv="Content-Type" content="text/html;charset=utf-8" />
  <meta name='ocr-system' content='tesseract 3.04.00' />
  <meta name='ocr-capabilities' content='ocr_page ocr_carea ocr_par ocr_line ocrx_word'/>
</head>
<body>
  <div class='ocr_page' id='page_1' title='image "./monumentareform00vatigoog_0402.png"; bbox 0 0 3330 5580; ppageno 0'>
   <div class='ocr_carea' id='block_1_1' title="bbox 704 108 951 164">
    <p class='ocr_par' dir='ltr' id='par_1_1' title="bbox 704 108 951 164">
     <span class='ocr_line' id='line_1_1' title="bbox 704 108 951 164; baseline -0.004 -1"><span class='ocrx_word' id='word_1_1' title='bbox 704 109 762 163; x_wconf 73' lang='lat'>0-{3</span> <span class='ocrx_word' id='word_1_2' title='bbox 801 109 851 164; x_wconf 86' lang='grc'>361</span> <span class='ocrx_word' id='word_1_3' title='bbox 894 108 951 162; x_wconf 62' lang='grc'>8-0</span> 
     </span>
    </p>
   </div>
   <div class='ocr_carea' id='block_1_2' title="bbox 188 252 1472 1730">
    <p class='ocr_par' dir='ltr' id='par_1_2' title="bbox 188 252 1472 1730">
     <span class='ocr_line' id='line_1_2' title="bbox 189 252 1468 337; baseline 0.004 -24"><span class='ocrx_word' id='word_1_4' title='bbox 189 255 220 314; x_wconf 83' lang='grc'>10</span> <span class='ocrx_word' id='word_1_5' title='bbox 242 255 359 316; x_wconf 89' lang='lat' dir='ltr'>honor</span> <span class='ocrx_word' id='word_1_6' title='bbox 375 274 438 315; x_wconf 90' lang='lat' dir='ltr'>suo</span> <span class='ocrx_word' id='word_1_7' title='bbox 462 255 578 316; x_wconf 86' lang='lat' dir='ltr'>havea</span> <span class='ocrx_word' id='word_1_8' title='bbox 595 256 762 317; x_wconf 85' lang='lat' dir='ltr'>mandato</span> <span class='ocrx_word' id='word_1_9' title='bbox 779 273 845 336; x_wconf 87' lang='lat' dir='ltr'>per</span> <span class='ocrx_word' id='word_1_10' title='bbox 861 254 1043 337; x_wconf 87' lang='lat' dir='ltr'>gratificar</span> <span class='ocrx_word' id='word_1_11' title='bbox 1063 276 1084 317; x_wconf 89' lang='lat' dir='ltr'>a</span> <span class='ocrx_word' id='word_1_12' title='bbox 1099 257 1133 318; x_wconf 87' lang='lat' dir='ltr'>la</span> <span class='ocrx_word' id='word_1_13' title='bbox 1149 254 1289 317; x_wconf 73' lang='lat' dir='ltr'>Maesta</span> <span class='ocrx_word' id='word_1_14' title='bbox 1305 252 1468 330; x_wconf 84' lang='lat' dir='ltr'>Cesarea,</span> 
     </span>
     <span class='ocr_line' id='line_1_3' title="bbox 189 361 1469 425; baseline 0.003 -6"><span class='ocrx_word' id='word_1_15' title='bbox 189 370 221 420; x_wconf 84' lang='lat' dir='ltr'>et</span> <span class='ocrx_word' id='word_1_16' title='bbox 244 380 310 421; x_wconf 89' lang='lat' dir='ltr'>sua</span> <span class='ocrx_word' id='word_1_17' title='bbox 335 361 489 424; x_wconf 77' lang='lat' dir='ltr'>serenita</span> <span class='ocrx_word' id='word_1_18' title='bbox 513 365 608 424; x_wconf 82' lang='lat' dir='ltr'>resto</span> <span class='ocrx_word' id='word_1_19' title='bbox 633 372 747 425; x_wconf 90' lang='lat' dir='ltr'>morto</span> <span class='ocrx_word' id='word_1_20' title='bbox 772 363 924 425; x_wconf 86' lang='lat' dir='ltr'><strong>maxime</strong></span> <span class='ocrx_word' id='word_1_21' title='bbox 950 363 994 424; x_wconf 89' lang='lat' dir='ltr'>de</span> <span class='ocrx_word' id='word_1_22' title='bbox 1019 363 1053 424; x_wconf 91' lang='lat' dir='ltr'>la</span> <span class='ocrx_word' id='word_1_23' title='bbox 1079 364 1209 425; x_wconf 87' lang='lat' dir='ltr'>sorella</span> <span class='ocrx_word' id='word_1_24' title='bbox 1236 372 1271 425; x_wconf 87' lang='lat' dir='ltr'>et</span> <span class='ocrx_word' id='word_1_25' title='bbox 1295 382 1351 424; x_wconf 86' lang='lat' dir='ltr'>me</span> <span class='ocrx_word' id='word_1_26' title='bbox 1376 361 1469 424; x_wconf 79' lang='lat' dir='ltr'>disse</span> 
     </span>
     <span class='ocr_line' id='line_1_4' title="bbox 188 468 1469 551; baseline 0.002 -24"><span class='ocrx_word' id='word_1_27' title='bbox 188 469 312 529; x_wconf 86' lang='lat' dir='ltr'>alcune</span> <span class='ocrx_word' id='word_1_28' title='bbox 337 469 516 550; x_wconf 87' lang='lat' dir='ltr'>suspicion</span> <span class='ocrx_word' id='word_1_29' title='bbox 541 472 657 533; x_wconf 90' lang='lat' dir='ltr'>havea</span> <span class='ocrx_word' id='word_1_30' title='bbox 681 472 814 533; x_wconf 87' lang='lat' dir='ltr'>havuto</span> <span class='ocrx_word' id='word_1_31' title='bbox 839 470 874 532; x_wconf 91' lang='lat' dir='ltr'>di</span> <span class='ocrx_word' id='word_1_32' title='bbox 898 470 944 532; x_wconf 89' lang='lat' dir='ltr'>lei</span> <span class='ocrx_word' id='word_1_33' title='bbox 969 471 1110 551; x_wconf 89' lang='lat' dir='ltr'>quando</span> <span class='ocrx_word' id='word_1_34' title='bbox 1133 469 1171 532; x_wconf 82' lang='lat' dir='ltr'>lu</span> <span class='ocrx_word' id='word_1_35' title='bbox 1191 469 1226 532; x_wconf 89' lang='lat' dir='ltr'>in</span> <span class='ocrx_word' id='word_1_36' title='bbox 1243 468 1469 550; x_wconf 88' lang='lat' dir='ltr'>Norinbergo</span> 
     </span>
     <span class='ocr_line' id='line_1_5' title="bbox 189 573 1470 658; baseline 0.002 -24"><span class='ocrx_word' id='word_1_37' title='bbox 189 584 221 635; x_wconf 89' lang='lat' dir='ltr'>et</span> <span class='ocrx_word' id='word_1_38' title='bbox 252 595 309 636; x_wconf 90' lang='lat' dir='ltr'>me</span> <span class='ocrx_word' id='word_1_39' title='bbox 343 576 525 656; x_wconf 82' lang='lat' dir='ltr'>rengratio</span> <span class='ocrx_word' id='word_1_40' title='bbox 559 577 619 658; x_wconf 79' lang='lat' dir='ltr'>piu</span> <span class='ocrx_word' id='word_1_41' title='bbox 650 579 747 639; x_wconf 91' lang='lat' dir='ltr'>volte</span> <span class='ocrx_word' id='word_1_42' title='bbox 781 580 862 658; x_wconf 90' lang='lat' dir='ltr'>quel</span> <span class='ocrx_word' id='word_1_43' title='bbox 893 578 1044 639; x_wconf 91' lang='lat' dir='ltr'>havesse</span> <span class='ocrx_word' id='word_1_44' title='bbox 1078 576 1173 639; x_wconf 89' lang='lat' dir='ltr'>facto</span> <span class='ocrx_word' id='word_1_45' title='bbox 1207 576 1380 639; x_wconf 83' lang='lat' dir='ltr'>intendet.</span> <span class='ocrx_word' id='word_1_46' title='bbox 1429 573 1470 637; x_wconf 88' lang='lat' dir='ltr'>El</span> 
     </span>
     <span class='ocr_line' id='line_1_6' title="bbox 189 681 1470 764; baseline 0.002 -22"><span class='ocrx_word' id='word_1_47' title='bbox 189 681 315 760; x_wconf 84' lang='lat' dir='ltr'>giorno</span> <span class='ocrx_word' id='word_1_48' title='bbox 340 696 511 764; x_wconf 88' lang='lat' dir='ltr'>sequente</span> <span class='ocrx_word' id='word_1_49' title='bbox 536 703 627 747; x_wconf 89' lang='lat' dir='ltr'>vene</span> <span class='ocrx_word' id='word_1_50' title='bbox 652 704 673 746; x_wconf 91' lang='lat' dir='ltr'>a</span> <span class='ocrx_word' id='word_1_51' title='bbox 698 704 781 747; x_wconf 87' lang='lat' dir='ltr'>casa</span> <span class='ocrx_word' id='word_1_52' title='bbox 806 685 865 746; x_wconf 91' lang='lat' dir='ltr'>del</span> <span class='ocrx_word' id='word_1_53' title='bbox 877 683 973 747; x_wconf 91' lang='lat' dir='ltr'>Rmo</span> <span class='ocrx_word' id='word_1_54' title='bbox 990 685 1128 764; x_wconf 86' lang='lat' dir='ltr'>Legato</span> <span class='ocrx_word' id='word_1_55' title='bbox 1154 695 1188 746; x_wconf 87' lang='lat' dir='ltr'>et</span> <span class='ocrx_word' id='word_1_56' title='bbox 1213 685 1258 746; x_wconf 89' lang='lat' dir='ltr'>da</span> <span class='ocrx_word' id='word_1_57' title='bbox 1282 704 1320 746; x_wconf 92' lang='lat' dir='ltr'>se</span> <span class='ocrx_word' id='word_1_58' title='bbox 1345 682 1368 745; x_wconf 94' lang='lat' dir='ltr'>ll</span> <span class='ocrx_word' id='word_1_59' title='bbox 1392 682 1470 745; x_wconf 85' lang='lat' dir='ltr'><strong>fece</strong></span> 
     </span>
     <span class='ocr_line' id='line_1_7' title="bbox 189 787 1469 872; baseline 0.002 -24"><span class='ocrx_word' id='word_1_60' title='bbox 189 787 352 851; x_wconf 89' lang='lat' dir='ltr'>intender</span> <span class='ocrx_word' id='word_1_61' title='bbox 381 792 446 852; x_wconf 87' lang='lat' dir='ltr'>che</span> <span class='ocrx_word' id='word_1_62' title='bbox 471 793 576 852; x_wconf 85' lang='lat' dir='ltr'>volea</span> <span class='ocrx_word' id='word_1_63' title='bbox 608 792 757 854; x_wconf 88' lang='lat' dir='ltr'>deman</span> <span class='ocrx_word' id='word_1_64' title='bbox 790 811 852 852; x_wconf 91' lang='lat' dir='ltr'>sua</span> <span class='ocrx_word' id='word_1_65' title='bbox 877 790 1035 853; x_wconf 88' lang='lat' dir='ltr'>scriverli</span> <span class='ocrx_word' id='word_1_66' title='bbox 1068 810 1200 853; x_wconf 88' lang='lat' dir='ltr'>senon</span> <span class='ocrx_word' id='word_1_67' title='bbox 1225 801 1367 853; x_wconf 82' lang='lat' dir='ltr'>mutava</span> <span class='ocrx_word' id='word_1_68' title='bbox 1392 811 1469 872; x_wconf 87' lang='lat' dir='ltr'>pro·</span> 
     </span>
     <span class='ocr_line' id='line_1_8' title="bbox 190 895 1470 981; baseline 0.002 -25"><span class='ocrx_word' id='word_1_69' title='bbox 190 895 305 976; x_wconf 85' lang='lat' dir='ltr'>posito</span> <span class='ocrx_word' id='word_1_70' title='bbox 339 900 406 960; x_wconf 87' lang='lat' dir='ltr'>che</span> <span class='ocrx_word' id='word_1_71' title='bbox 430 919 499 960; x_wconf 89' lang='lat' dir='ltr'>non</span> <span class='ocrx_word' id='word_1_72' title='bbox 527 919 587 961; x_wconf 88' lang='lat' dir='ltr'>era</span> <span class='ocrx_word' id='word_1_73' title='bbox 620 919 686 981; x_wconf 87' lang='lat' dir='ltr'>per</span> <span class='ocrx_word' id='word_1_74' title='bbox 709 900 856 961; x_wconf 89' lang='lat' dir='ltr'>haverla</span> <span class='ocrx_word' id='word_1_75' title='bbox 887 918 954 979; x_wconf 91' lang='lat' dir='ltr'>per</span> <span class='ocrx_word' id='word_1_76' title='bbox 977 900 1125 977; x_wconf 90' lang='lat' dir='ltr'>sorella,</span> <span class='ocrx_word' id='word_1_77' title='bbox 1157 898 1200 960; x_wconf 70' lang='lat' dir='ltr'>ne</span> <span class='ocrx_word' id='word_1_78' title='bbox 1225 899 1329 960; x_wconf 80' lang='lat' dir='ltr'>volea</span> <span class='ocrx_word' id='word_1_79' title='bbox 1354 897 1421 959; x_wconf 92' lang='lat' dir='ltr'>mai</span> <span class='ocrx_word' id='word_1_80' title='bbox 1447 895 1470 958; x_wconf 91' lang='lat' dir='ltr'>li</span> 
     </span>
     <span class='ocr_line' id='line_1_9' title="bbox 189 1002 1472 1085; baseline 0.003 -23"><span class='ocrx_word' id='word_1_81' title='bbox 189 1002 331 1065; x_wconf 87' lang='lat' dir='ltr'>venisse</span> <span class='ocrx_word' id='word_1_82' title='bbox 362 1005 523 1085; x_wconf 88' lang='lat' dir='ltr'>davanti,</span> <span class='ocrx_word' id='word_1_83' title='bbox 556 1015 592 1068; x_wconf 86' lang='lat' dir='ltr'>et</span> <span class='ocrx_word' id='word_1_84' title='bbox 615 1005 825 1068; x_wconf 88' lang='lat' dir='ltr'>similmente</span> <span class='ocrx_word' id='word_1_85' title='bbox 849 1006 953 1068; x_wconf 89' lang='lat' dir='ltr'>volea</span> <span class='ocrx_word' id='word_1_86' title='bbox 977 1005 1111 1068; x_wconf 84' lang='lat' dir='ltr'>scriver</span> <span class='ocrx_word' id='word_1_87' title='bbox 1136 1026 1155 1068; x_wconf 89' lang='lat' dir='ltr'>a</span> <span class='ocrx_word' id='word_1_88' title='bbox 1180 1008 1213 1067; x_wconf 91' lang='lat' dir='ltr'>la</span> <span class='ocrx_word' id='word_1_89' title='bbox 1238 1004 1472 1068; x_wconf 82' lang='lat' dir='ltr'>Serenissima</span> 
     </span>
     <span class='ocr_line' id='line_1_10' title="bbox 191 1109 1471 1195; baseline 0.002 -24"><span class='ocrx_word' id='word_1_90' title='bbox 191 1109 355 1173; x_wconf 88' lang='lat' dir='ltr'>Madama</span> <span class='ocrx_word' id='word_1_91' title='bbox 372 1111 578 1194; x_wconf 85' lang='lat' dir='ltr'>Margareta</span> <span class='ocrx_word' id='word_1_92' title='bbox 602 1115 667 1175; x_wconf 89' lang='lat' dir='ltr'>che</span> <span class='ocrx_word' id='word_1_93' title='bbox 693 1113 716 1174; x_wconf 93' lang='lat' dir='ltr'>li</span> <span class='ocrx_word' id='word_1_94' title='bbox 741 1113 879 1175; x_wconf 86' lang='lat' dir='ltr'>facesse</span> <span class='ocrx_word' id='word_1_95' title='bbox 905 1132 1105 1195; x_wconf 84' lang='lat' dir='ltr'>cognoscor</span> <span class='ocrx_word' id='word_1_96' title='bbox 1127 1114 1161 1175; x_wconf 94' lang='lat' dir='ltr'>lo</span> <span class='ocrx_word' id='word_1_97' title='bbox 1186 1132 1286 1175; x_wconf 85' lang='lat' dir='ltr'>error</span> <span class='ocrx_word' id='word_1_98' title='bbox 1302 1131 1375 1174; x_wconf 91' lang='lat' dir='ltr'>suo.</span> <span class='ocrx_word' id='word_1_99' title='bbox 1415 1111 1471 1173; x_wconf 90' lang='lat' dir='ltr'>Ha</span> 
     </span>
     <span class='ocr_line' id='line_1_11' title="bbox 191 1216 1471 1301; baseline 0.002 -23"><span class='ocrx_word' id='word_1_100' title='bbox 191 1216 286 1279; x_wconf 85' lang='lat' dir='ltr'>facto</span> <span class='ocrx_word' id='word_1_101' title='bbox 310 1221 487 1298; x_wconf 83' lang='lat' dir='ltr'>prendere</span> <span class='ocrx_word' id='word_1_102' title='bbox 513 1219 643 1281; x_wconf 89' lang='lat' dir='ltr'>diversi</span> <span class='ocrx_word' id='word_1_103' title='bbox 668 1218 703 1281; x_wconf 89' lang='lat' dir='ltr'>in</span> <span class='ocrx_word' id='word_1_104' title='bbox 729 1229 854 1300; x_wconf 87' lang='lat' dir='ltr'>questa</span> <span class='ocrx_word' id='word_1_105' title='bbox 878 1229 988 1299; x_wconf 84' lang='lat' dir='ltr'>terra,</span> <span class='ocrx_word' id='word_1_106' title='bbox 1013 1219 1129 1282; x_wconf 89' lang='lat' dir='ltr'>alcuni</span> <span class='ocrx_word' id='word_1_107' title='bbox 1153 1239 1218 1301; x_wconf 89' lang='lat' dir='ltr'>per</span> <span class='ocrx_word' id='word_1_108' title='bbox 1241 1221 1353 1282; x_wconf 88' lang='lat' dir='ltr'>haver</span> <span class='ocrx_word' id='word_1_109' title='bbox 1375 1218 1471 1281; x_wconf 89' lang='lat' dir='ltr'>facto</span> 
     </span>
     <span class='ocr_line' id='line_1_12' title="bbox 191 1323 1472 1407; baseline 0.003 -22"><span class='ocrx_word' id='word_1_110' title='bbox 191 1323 390 1404; x_wconf 79' lang='lat' dir='ltr'><strong>profession</strong></span> <span class='ocrx_word' id='word_1_111' title='bbox 416 1327 461 1388; x_wconf 90' lang='lat' dir='ltr'>de</span> <span class='ocrx_word' id='word_1_112' title='bbox 486 1346 584 1388; x_wconf 88' lang='lat' dir='ltr'>esser</span> <span class='ocrx_word' id='word_1_113' title='bbox 608 1327 794 1404; x_wconf 85' lang='lat' dir='ltr'>lutherani,</span> <span class='ocrx_word' id='word_1_114' title='bbox 820 1326 899 1388; x_wconf 83' lang='lat' dir='ltr'>altri</span> <span class='ocrx_word' id='word_1_115' title='bbox 923 1348 988 1407; x_wconf 90' lang='lat' dir='ltr'>per</span> <span class='ocrx_word' id='word_1_116' title='bbox 1010 1328 1122 1389; x_wconf 86' lang='lat' dir='ltr'>haver</span> <span class='ocrx_word' id='word_1_117' title='bbox 1144 1329 1301 1390; x_wconf 86' lang='lat' dir='ltr'>venduto</span> <span class='ocrx_word' id='word_1_118' title='bbox 1326 1326 1406 1388; x_wconf 88' lang='lat' dir='ltr'>libri</span> <span class='ocrx_word' id='word_1_119' title='bbox 1427 1326 1472 1389; x_wconf 87' lang='lat' dir='ltr'>de</span> 
     </span>
     <span class='ocr_line' id='line_1_13' title="bbox 193 1430 1471 1515; baseline 0.002 -24"><span class='ocrx_word' id='word_1_120' title='bbox 193 1430 346 1493; x_wconf 89' lang='lat' dir='ltr'>Luthero</span> <span class='ocrx_word' id='word_1_121' title='bbox 378 1442 414 1494; x_wconf 90' lang='lat' dir='ltr'>et</span> <span class='ocrx_word' id='word_1_122' title='bbox 438 1453 544 1513; x_wconf 91' lang='lat' dir='ltr'>spero</span> <span class='ocrx_word' id='word_1_123' title='bbox 575 1433 629 1494; x_wconf 85' lang='lat' dir='ltr'>fra</span> <span class='ocrx_word' id='word_1_124' title='bbox 662 1436 779 1515; x_wconf 91' lang='lat' dir='ltr'>pocho</span> <span class='ocrx_word' id='word_1_125' title='bbox 804 1444 924 1515; x_wconf 84' lang='lat' dir='ltr'>tempo</span> <span class='ocrx_word' id='word_1_126' title='bbox 955 1436 989 1496; x_wconf 95' lang='lat' dir='ltr'>la</span> <span class='ocrx_word' id='word_1_127' title='bbox 1013 1433 1152 1496; x_wconf 89' lang='lat' dir='ltr'>haeresi</span> <span class='ocrx_word' id='word_1_128' title='bbox 1177 1435 1363 1496; x_wconf 86' lang='lat' dir='ltr'>lutheraua</span> <span class='ocrx_word' id='word_1_129' title='bbox 1392 1433 1471 1495; x_wconf 72' lang='lat' dir='ltr'>sara</span> 
     </span>
     <span class='ocr_line' id='line_1_14' title="bbox 193 1536 1471 1623; baseline 0.004 -25"><span class='ocrx_word' id='word_1_130' title='bbox 193 1536 349 1599; x_wconf 87' lang='lat' dir='ltr'>funditus</span> <span class='ocrx_word' id='word_1_131' title='bbox 379 1539 558 1621; x_wconf 85' lang='lat' dir='ltr'>extirpata</span> <span class='ocrx_word' id='word_1_132' title='bbox 588 1542 645 1603; x_wconf 90' lang='lat' dir='ltr'>nel</span> <span class='ocrx_word' id='word_1_133' title='bbox 669 1539 882 1622; x_wconf 85' lang='lat' dir='ltr'>patrimonio</span> <span class='ocrx_word' id='word_1_134' title='bbox 915 1560 978 1602; x_wconf 92' lang='lat' dir='ltr'>suo</span> <span class='ocrx_word' id='word_1_135' title='bbox 1010 1539 1188 1604; x_wconf 80' lang='lat' dir='ltr'>mediante</span> <span class='ocrx_word' id='word_1_136' title='bbox 1222 1543 1257 1604; x_wconf 88' lang='lat' dir='ltr'>la</span> <span class='ocrx_word' id='word_1_137' title='bbox 1280 1541 1396 1623; x_wconf 88' lang='lat' dir='ltr'>gratia</span> <span class='ocrx_word' id='word_1_138' title='bbox 1427 1541 1471 1603; x_wconf 89' lang='lat' dir='ltr'>de</span> 
     </span>
     <span class='ocr_line' id='line_1_15' title="bbox 195 1643 1161 1730; baseline 0.007 -25"><span class='ocrx_word' id='word_1_139' title='bbox 195 1643 258 1707; x_wconf 84' lang='lat' dir='ltr'>llio</span> <span class='ocrx_word' id='word_1_140' title='bbox 284 1657 320 1706; x_wconf 91' lang='lat' dir='ltr'>et</span> <span class='ocrx_word' id='word_1_141' title='bbox 344 1646 378 1707; x_wconf 88' lang='lat' dir='ltr'>la</span> <span class='ocrx_word' id='word_1_142' title='bbox 402 1665 513 1727; x_wconf 89' lang='lat' dir='ltr'>opera</span> <span class='ocrx_word' id='word_1_143' title='bbox 537 1659 571 1708; x_wconf 88' lang='lat' dir='ltr'>et</span> <span class='ocrx_word' id='word_1_144' title='bbox 596 1648 786 1728; x_wconf 87' lang='lat' dir='ltr'>prudentia</span> <span class='ocrx_word' id='word_1_145' title='bbox 811 1649 867 1709; x_wconf 90' lang='lat' dir='ltr'>del</span> <span class='ocrx_word' id='word_1_146' title='bbox 894 1648 988 1710; x_wconf 85' lang='lat' dir='ltr'>Rmo</span> <span class='ocrx_word' id='word_1_147' title='bbox 1013 1647 1161 1730; x_wconf 87' lang='lat' dir='ltr'>Legato.</span> 
     </span>
    </p>
   </div>
   <div class='ocr_carea' id='block_1_3' title="bbox 280 1769 1022 1849">
    <p class='ocr_par' dir='ltr' id='par_1_3' title="bbox 280 1769 1022 1849">
     <span class='ocr_line' id='line_1_16' title="bbox 280 1769 1022 1849; baseline 0.005 -18"><span class='ocrx_word' id='word_1_148' title='bbox 280 1769 442 1834; x_wconf 87' lang='lat' dir='ltr'>Viennae</span> <span class='ocrx_word' id='word_1_149' title='bbox 468 1771 525 1834; x_wconf 88' lang='lat' dir='ltr'>die</span> <span class='ocrx_word' id='word_1_150' title='bbox 550 1772 672 1834; x_wconf 86' lang='lat' dir='ltr'>ultima</span> <span class='ocrx_word' id='word_1_151' title='bbox 696 1770 780 1849; x_wconf 88' lang='lat' dir='ltr'>Julii</span> <span class='ocrx_word' id='word_1_152' title='bbox 804 1771 1022 1836; x_wconf 89' lang='lat' dir='ltr'><strong>MDXXIV.</strong></span> 
     </span>
    </p>
   </div>
   <div class='ocr_carea' id='block_1_4' title="bbox 729 1968 936 1983">
    <p class='ocr_par' dir='ltr' id='par_1_4' title="bbox 729 1968 936 1983">
     <span class='ocr_line' id='line_1_17' title="bbox 729 1968 936 1983; baseline -0.01 -1"><span class='ocrx_word' id='word_1_153' title='bbox 729 1968 893 1983; x_wconf 63' lang='lat' dir='ltr'>vwvvvvwmv</span> <span class='ocrx_word' id='word_1_154' title='bbox 895 1969 936 1982; x_wconf 52' lang='lat' dir='ltr'>au</span> 
     </span>
    </p>
   </div>
   <div class='ocr_carea' id='block_1_5' title="bbox 800 2184 874 2249">
    <p class='ocr_par' dir='ltr' id='par_1_5' title="bbox 800 2184 874 2249">
     <span class='ocr_line' id='line_1_18' title="bbox 800 2184 874 2249; baseline 0.027 -2"><span class='ocrx_word' id='word_1_155' title='bbox 800 2184 874 2249; x_wconf 82' lang='lat'>164.</span> 
     </span>
    </p>
   </div>
   <div class='ocr_carea' id='block_1_6' title="bbox 413 2297 1256 2402">
    <p class='ocr_par' dir='ltr' id='par_1_6' title="bbox 413 2297 1256 2402">
     <span class='ocr_line' id='line_1_19' title="bbox 413 2297 1256 2402; baseline 0.005 -25"><span class='ocrx_word' id='word_1_156' title='bbox 413 2298 510 2380; x_wconf 80' lang='lat' dir='ltr'>(laid.</span> <span class='ocrx_word' id='word_1_157' title='bbox 540 2299 752 2402; x_wconf 79' lang='lat' dir='ltr'>campegius</span> <span class='ocrx_word' id='word_1_158' title='bbox 780 2299 1051 2400; x_wconf 78' lang='lat' dir='ltr'>Archiepisoopo</span> <span class='ocrx_word' id='word_1_159' title='bbox 1080 2297 1256 2402; x_wconf 74' lang='lat' dir='ltr'>capuano.</span> 
     </span>
    </p>
   </div>
   <div class='ocr_carea' id='block_1_7' title="bbox 581 2446 1083 2635">
    <p class='ocr_par' dir='ltr' id='par_1_7' title="bbox 581 2446 1083 2635">
     <span class='ocr_line' id='line_1_20' title="bbox 581 2446 1083 2518; baseline -0.002 -11"><span class='ocrx_word' id='word_1_160' title='bbox 581 2447 724 2518; x_wconf 75' lang='lat' dir='ltr'>(uuntut.</span> <span class='ocrx_word' id='word_1_161' title='bbox 744 2449 870 2507; x_wconf 65' lang='lat' dir='ltr'>Gema.</span> <span class='ocrx_word' id='word_1_162' title='bbox 889 2447 964 2506; x_wconf 73' lang='grc' dir='ltr'>ΗΠ.</span> <span class='ocrx_word' id='word_1_163' title='bbox 982 2446 1027 2506; x_wconf 79' lang='lat' dir='ltr'>fol.</span> <span class='ocrx_word' id='word_1_164' title='bbox 1048 2448 1083 2518; x_wconf 79' lang='grc'>8.)</span> 
     </span>
     <span class='ocr_line' id='line_1_21' title="bbox 685 2565 984 2635; baseline 0.003 -18"><span class='ocrx_word' id='word_1_165' title='bbox 685 2565 738 2635; x_wconf 84' lang='lat'>(12.</span> <span class='ocrx_word' id='word_1_166' title='bbox 758 2568 876 2631; x_wconf 82' lang='lat' dir='ltr'>Augusti</span> <span class='ocrx_word' id='word_1_167' title='bbox 898 2568 984 2635; x_wconf 81' lang='lat'>1524.)</span> 
     </span>
    </p>
   </div>
   <div class='ocr_carea' id='block_1_8' title="bbox 283 2708 1475 2794">
    <p class='ocr_par' dir='ltr' id='par_1_8' title="bbox 283 2708 1475 2794">
     <span class='ocr_line' id='line_1_22' title="bbox 283 2708 1475 2794; baseline 0.003 -24"><span class='ocrx_word' id='word_1_168' title='bbox 283 2708 390 2789; x_wconf 93' lang='lat' dir='ltr'>Dopo</span> <span class='ocrx_word' id='word_1_169' title='bbox 421 2709 524 2771; x_wconf 91' lang='lat' dir='ltr'>ch&#39;io</span> <span class='ocrx_word' id='word_1_170' title='bbox 549 2730 637 2772; x_wconf 91' lang='lat' dir='ltr'>sono</span> <span class='ocrx_word' id='word_1_171' title='bbox 661 2711 696 2773; x_wconf 90' lang='lat' dir='ltr'>in</span> <span class='ocrx_word' id='word_1_172' title='bbox 730 2721 856 2792; x_wconf 88' lang='lat' dir='ltr'>questa</span> <span class='ocrx_word' id='word_1_173' title='bbox 881 2710 1081 2793; x_wconf 86' lang='lat' dir='ltr'>legatione,</span> <span class='ocrx_word' id='word_1_174' title='bbox 1118 2710 1152 2773; x_wconf 94' lang='lat' dir='ltr'>io</span> <span class='ocrx_word' id='word_1_175' title='bbox 1178 2730 1247 2773; x_wconf 87' lang='lat' dir='ltr'>non</span> <span class='ocrx_word' id='word_1_176' title='bbox 1273 2713 1319 2773; x_wconf 93' lang='lat' dir='ltr'>ho</span> <span class='ocrx_word' id='word_1_177' title='bbox 1344 2711 1475 2794; x_wconf 83' lang='lat' dir='ltr'>giamai</span> 
     </span>
    </p>
   </div>
   <div class='ocr_carea' id='block_1_9' title="bbox 196 2817 1481 4509">
    <p class='ocr_par' dir='ltr' id='par_1_9' title="bbox 196 2817 1481 4509">
     <span class='ocr_line' id='line_1_23' title="bbox 196 2817 1476 2899; baseline 0.002 -22"><span class='ocrx_word' id='word_1_178' title='bbox 196 2825 381 2897; x_wconf 87' lang='lat' dir='ltr'>expettato</span> <span class='ocrx_word' id='word_1_179' title='bbox 415 2835 481 2878; x_wconf 90' lang='lat' dir='ltr'>con</span> <span class='ocrx_word' id='word_1_180' title='bbox 515 2827 614 2880; x_wconf 87' lang='lat' dir='ltr'>tanto</span> <span class='ocrx_word' id='word_1_181' title='bbox 644 2817 822 2880; x_wconf 87' lang='lat' dir='ltr'>desiderio</span> <span class='ocrx_word' id='word_1_182' title='bbox 855 2817 1010 2899; x_wconf 84' lang='lat' dir='ltr'>risposta</span> <span class='ocrx_word' id='word_1_183' title='bbox 1043 2819 1089 2880; x_wconf 92' lang='lat' dir='ltr'>ad</span> <span class='ocrx_word' id='word_1_184' title='bbox 1113 2819 1239 2880; x_wconf 88' lang='lat' dir='ltr'>alcune</span> <span class='ocrx_word' id='word_1_185' title='bbox 1273 2821 1318 2881; x_wconf 91' lang='lat' dir='ltr'>de</span> <span class='ocrx_word' id='word_1_186' title='bbox 1351 2821 1385 2881; x_wconf 90' lang='lat' dir='ltr'>le</span> <span class='ocrx_word' id='word_1_187' title='bbox 1409 2818 1476 2881; x_wconf 87' lang='lat' dir='ltr'>mie</span> 
     </span>
     <span class='ocr_line' id='line_1_24' title="bbox 197 2923 1478 3007; baseline 0.002 -23"><span class='ocrx_word' id='word_1_188' title='bbox 197 2923 323 2985; x_wconf 84' lang='lat' dir='ltr'>lettere</span> <span class='ocrx_word' id='word_1_189' title='bbox 348 2933 479 3004; x_wconf 89' lang='lat' dir='ltr'>quanto</span> <span class='ocrx_word' id='word_1_190' title='bbox 505 2925 593 2987; x_wconf 89' lang='lat' dir='ltr'>hora</span> <span class='ocrx_word' id='word_1_191' title='bbox 617 2946 638 2987; x_wconf 89' lang='lat' dir='ltr'>a</span> <span class='ocrx_word' id='word_1_192' title='bbox 662 2927 696 2988; x_wconf 87' lang='lat' dir='ltr'>le</span> <span class='ocrx_word' id='word_1_193' title='bbox 721 2926 765 2987; x_wconf 90' lang='lat' dir='ltr'>de</span> <span class='ocrx_word' id='word_1_194' title='bbox 785 2924 856 2987; x_wconf 92' lang='lat' dir='ltr'>VII</span> <span class='ocrx_word' id='word_1_195' title='bbox 879 2925 915 2986; x_wconf 93' lang='lat' dir='ltr'>di</span> <span class='ocrx_word' id='word_1_196' title='bbox 940 2925 1068 3006; x_wconf 87' lang='lat' dir='ltr'>Lugllo</span> <span class='ocrx_word' id='word_1_197' title='bbox 1092 2945 1157 2987; x_wconf 91' lang='lat' dir='ltr'>con</span> <span class='ocrx_word' id='word_1_198' title='bbox 1182 2927 1216 2987; x_wconf 88' lang='lat' dir='ltr'>le</span> <span class='ocrx_word' id='word_1_199' title='bbox 1240 2924 1336 3007; x_wconf 87' lang='lat' dir='ltr'>quali</span> <span class='ocrx_word' id='word_1_200' title='bbox 1360 2924 1478 2988; x_wconf 84' lang='lat' dir='ltr'>scrissi</span> 
     </span>
     <span class='ocr_line' id='line_1_25' title="bbox 197 3029 1476 3114; baseline 0.002 -23"><span class='ocrx_word' id='word_1_201' title='bbox 197 3029 241 3092; x_wconf 89' lang='lat' dir='ltr'>de</span> <span class='ocrx_word' id='word_1_202' title='bbox 272 3032 309 3092; x_wconf 87' lang='lat' dir='ltr'>la</span> <span class='ocrx_word' id='word_1_203' title='bbox 340 3031 568 3094; x_wconf 88' lang='lat' dir='ltr'>conclusione</span> <span class='ocrx_word' id='word_1_204' title='bbox 599 3033 657 3095; x_wconf 89' lang='lat' dir='ltr'>del</span> <span class='ocrx_word' id='word_1_205' title='bbox 691 3043 869 3095; x_wconf 88' lang='lat' dir='ltr'>convento</span> <span class='ocrx_word' id='word_1_206' title='bbox 902 3032 936 3094; x_wconf 91' lang='lat' dir='ltr'>di</span> <span class='ocrx_word' id='word_1_207' title='bbox 961 3032 1181 3114; x_wconf 85' lang='lat' dir='ltr'>Ratlspona,</span> <span class='ocrx_word' id='word_1_208' title='bbox 1212 3034 1247 3094; x_wconf 89' lang='lat' dir='ltr'>la</span> <span class='ocrx_word' id='word_1_209' title='bbox 1278 3034 1382 3114; x_wconf 88' lang='lat' dir='ltr'>quale</span> <span class='ocrx_word' id='word_1_210' title='bbox 1407 3052 1476 3094; x_wconf 89' lang='lat' dir='ltr'>non</span> 
     </span>
     <span class='ocr_line' id='line_1_26' title="bbox 196 3136 1479 3221; baseline 0.001 -21"><span class='ocrx_word' id='word_1_211' title='bbox 196 3137 350 3200; x_wconf 86' lang='lat' dir='ltr'>essendo</span> <span class='ocrx_word' id='word_1_212' title='bbox 374 3136 445 3201; x_wconf 86' lang='lat' dir='ltr'>fino</span> <span class='ocrx_word' id='word_1_213' title='bbox 470 3160 491 3200; x_wconf 91' lang='lat' dir='ltr'>a</span> <span class='ocrx_word' id='word_1_214' title='bbox 515 3151 641 3220; x_wconf 88' lang='lat' dir='ltr'>questa</span> <span class='ocrx_word' id='word_1_215' title='bbox 664 3141 753 3201; x_wconf 87' lang='lat' dir='ltr'>hora</span> <span class='ocrx_word' id='word_1_216' title='bbox 777 3139 934 3221; x_wconf 88' lang='lat' dir='ltr'>capitata</span> <span class='ocrx_word' id='word_1_217' title='bbox 961 3138 997 3200; x_wconf 87' lang='lat' dir='ltr'>fa</span> <span class='ocrx_word' id='word_1_218' title='bbox 1022 3139 1101 3201; x_wconf 87' lang='lat' dir='ltr'>chio</span> <span class='ocrx_word' id='word_1_219' title='bbox 1127 3157 1197 3201; x_wconf 89' lang='lat' dir='ltr'>non</span> <span class='ocrx_word' id='word_1_220' title='bbox 1221 3158 1329 3220; x_wconf 84' lang='lat' dir='ltr'>posso</span> <span class='ocrx_word' id='word_1_221' title='bbox 1353 3155 1479 3220; x_wconf 79' lang='lat' dir='ltr'>passer</span> 
     </span>
     <span class='ocr_line' id='line_1_27' title="bbox 196 3244 1478 3328; baseline 0.002 -23"><span class='ocrx_word' id='word_1_222' title='bbox 196 3264 303 3306; x_wconf 89' lang='lat' dir='ltr'>senza</span> <span class='ocrx_word' id='word_1_223' title='bbox 327 3244 536 3326; x_wconf 83' lang='lat' dir='ltr'>displacere‚</span> <span class='ocrx_word' id='word_1_224' title='bbox 561 3258 596 3309; x_wconf 88' lang='lat' dir='ltr'>et</span> <span class='ocrx_word' id='word_1_225' title='bbox 620 3247 674 3309; x_wconf 86' lang='lat' dir='ltr'>ch&#39;</span> <span class='ocrx_word' id='word_1_226' title='bbox 693 3247 727 3310; x_wconf 90' lang='lat' dir='ltr'>io</span> <span class='ocrx_word' id='word_1_227' title='bbox 745 3268 815 3309; x_wconf 90' lang='lat' dir='ltr'>non</span> <span class='ocrx_word' id='word_1_228' title='bbox 832 3246 878 3308; x_wconf 92' lang='lat' dir='ltr'>mi</span> <span class='ocrx_word' id='word_1_229' title='bbox 895 3245 1070 3309; x_wconf 87' lang='lat' dir='ltr'>stia-tutto</span> <span class='ocrx_word' id='word_1_230' title='bbox 1088 3264 1246 3328; x_wconf 81' lang='lat' dir='ltr'>suspeso,</span> <span class='ocrx_word' id='word_1_231' title='bbox 1270 3245 1478 3327; x_wconf 85' lang='lat' dir='ltr'>parendomi</span> 
     </span>
     <span class='ocr_line' id='line_1_28' title="bbox 197 3351 1480 3435; baseline 0.002 -22"><span class='ocrx_word' id='word_1_232' title='bbox 197 3372 264 3434; x_wconf 88' lang='lat' dir='ltr'>pur</span> <span class='ocrx_word' id='word_1_233' title='bbox 288 3352 490 3415; x_wconf 85' lang='lat' dir='ltr'>necessario</span> <span class='ocrx_word' id='word_1_234' title='bbox 515 3355 580 3416; x_wconf 90' lang='lat' dir='ltr'>che</span> <span class='ocrx_word' id='word_1_235' title='bbox 606 3354 641 3416; x_wconf 93' lang='lat' dir='ltr'>di</span> <span class='ocrx_word' id='word_1_236' title='bbox 666 3355 784 3435; x_wconf 85' lang='lat' dir='ltr'>quelle</span> <span class='ocrx_word' id='word_1_237' title='bbox 809 3373 892 3416; x_wconf 89' lang='lat' dir='ltr'>cose</span> <span class='ocrx_word' id='word_1_238' title='bbox 916 3355 938 3415; x_wconf 90' lang='lat' dir='ltr'>ll</span> <span class='ocrx_word' id='word_1_239' title='bbox 964 3353 1129 3416; x_wconf 85' lang='lat' dir='ltr'>ordinate</span> <span class='ocrx_word' id='word_1_240' title='bbox 1152 3353 1186 3416; x_wconf 92' lang='lat' dir='ltr'>io</span> <span class='ocrx_word' id='word_1_241' title='bbox 1211 3372 1256 3415; x_wconf 88' lang='lat' dir='ltr'>ne</span> <span class='ocrx_word' id='word_1_242' title='bbox 1279 3351 1421 3416; x_wconf 81' lang='lat' dir='ltr'>havessi</span> <span class='ocrx_word' id='word_1_243' title='bbox 1445 3354 1480 3415; x_wconf 91' lang='lat' dir='ltr'>la</span> 
     </span>
     <span class='ocr_line' id='line_1_29' title="bbox 197 3459 1479 3542; baseline -0.001 -19"><span class='ocrx_word' id='word_1_244' title='bbox 197 3471 316 3523; x_wconf 89' lang='lat' dir='ltr'>mente</span> <span class='ocrx_word' id='word_1_245' title='bbox 350 3459 384 3522; x_wconf 90' lang='lat' dir='ltr'>di</span> <span class='ocrx_word' id='word_1_246' title='bbox 408 3460 450 3525; x_wconf 80' lang='lat' dir='ltr'>N.</span> <span class='ocrx_word' id='word_1_247' title='bbox 477 3460 512 3523; x_wconf 82' lang='lat' dir='ltr'>S.</span> <span class='ocrx_word' id='word_1_248' title='bbox 547 3483 585 3523; x_wconf 87' lang='lat' dir='ltr'>se</span> <span class='ocrx_word' id='word_1_249' title='bbox 609 3461 706 3523; x_wconf 88' lang='lat' dir='ltr'>forse</span> <span class='ocrx_word' id='word_1_250' title='bbox 740 3461 795 3523; x_wconf 81' lang='lat' dir='ltr'>cio</span> <span class='ocrx_word' id='word_1_251' title='bbox 820 3480 890 3523; x_wconf 90' lang='lat' dir='ltr'>non</span> <span class='ocrx_word' id='word_1_252' title='bbox 915 3460 1013 3523; x_wconf 82' lang='lat' dir='ltr'>fusse</span> <span class='ocrx_word' id='word_1_253' title='bbox 1047 3463 1113 3524; x_wconf 90' lang='lat' dir='ltr'>che</span> <span class='ocrx_word' id='word_1_254' title='bbox 1137 3460 1171 3523; x_wconf 90' lang='lat' dir='ltr'>in</span> <span class='ocrx_word' id='word_1_255' title='bbox 1197 3461 1347 3541; x_wconf 90' lang='lat' dir='ltr'>qualche</span> <span class='ocrx_word' id='word_1_256' title='bbox 1377 3471 1479 3542; x_wconf 82' lang='lat' dir='ltr'>parte</span> 
     </span>
     <span class='ocr_line' id='line_1_30' title="bbox 198 3565 1479 3649; baseline -0.001 -20"><span class='ocrx_word' id='word_1_257' title='bbox 198 3587 268 3629; x_wconf 88' lang='lat' dir='ltr'>non</span> <span class='ocrx_word' id='word_1_258' title='bbox 299 3567 489 3630; x_wconf 90' lang='lat' dir='ltr'>havessino</span> <span class='ocrx_word' id='word_1_259' title='bbox 514 3568 696 3631; x_wconf 85' lang='lat' dir='ltr'>satisfacto</span> <span class='ocrx_word' id='word_1_260' title='bbox 729 3570 846 3649; x_wconf 86' lang='lat' dir='ltr'>quelle</span> <span class='ocrx_word' id='word_1_261' title='bbox 877 3567 1026 3647; x_wconf 85' lang='lat' dir='ltr'>actioni,</span> <span class='ocrx_word' id='word_1_262' title='bbox 1062 3566 1164 3629; x_wconf 85' lang='lat' dir='ltr'>ch’io</span> <span class='ocrx_word' id='word_1_263' title='bbox 1195 3584 1265 3630; x_wconf 88' lang='lat' dir='ltr'>nou</span> <span class='ocrx_word' id='word_1_264' title='bbox 1291 3565 1389 3629; x_wconf 85' lang='lat' dir='ltr'>vorei</span> <span class='ocrx_word' id='word_1_265' title='bbox 1420 3565 1479 3648; x_wconf 71' lang='lat' dir='ltr'>gia</span> 
     </span>
     <span class='ocr_line' id='line_1_31' title="bbox 198 3672 1478 3757; baseline -0.001 -21"><span class='ocrx_word' id='word_1_266' title='bbox 198 3694 264 3755; x_wconf 87' lang='lat' dir='ltr'>per</span> <span class='ocrx_word' id='word_1_267' title='bbox 287 3673 373 3755; x_wconf 87' lang='lat' dir='ltr'>ogni</span> <span class='ocrx_word' id='word_1_268' title='bbox 396 3694 485 3755; x_wconf 85' lang='lat' dir='ltr'>gran</span> <span class='ocrx_word' id='word_1_269' title='bbox 512 3696 612 3747; x_wconf 90' lang='lat' dir='ltr'>cosa;</span> <span class='ocrx_word' id='word_1_270' title='bbox 649 3687 684 3738; x_wconf 89' lang='lat' dir='ltr'>et</span> <span class='ocrx_word' id='word_1_271' title='bbox 709 3677 852 3756; x_wconf 89' lang='lat' dir='ltr'>quando</span> <span class='ocrx_word' id='word_1_272' title='bbox 876 3692 944 3755; x_wconf 85' lang='lat' dir='ltr'>pur</span> <span class='ocrx_word' id='word_1_273' title='bbox 968 3675 1038 3752; x_wconf 88' lang='lat' dir='ltr'>sla,</span> <span class='ocrx_word' id='word_1_274' title='bbox 1063 3692 1171 3757; x_wconf 79' lang='lat' dir='ltr'>spero</span> <span class='ocrx_word' id='word_1_275' title='bbox 1194 3672 1397 3736; x_wconf 85' lang='lat' dir='ltr'>facilmente</span> <span class='ocrx_word' id='word_1_276' title='bbox 1421 3674 1478 3735; x_wconf 88' lang='lat' dir='ltr'>ha·</span> 
     </span>
     <span class='ocr_line' id='line_1_32' title="bbox 198 3779 1480 3863; baseline 0 -21"><span class='ocrx_word' id='word_1_277' title='bbox 198 3801 308 3844; x_wconf 89' lang='lat' dir='ltr'>verne</span> <span class='ocrx_word' id='word_1_278' title='bbox 332 3781 437 3844; x_wconf 87' lang='lat' dir='ltr'>venia</span> <span class='ocrx_word' id='word_1_279' title='bbox 469 3784 515 3844; x_wconf 90' lang='lat' dir='ltr'>da</span> <span class='ocrx_word' id='word_1_280' title='bbox 539 3782 613 3844; x_wconf 78' lang='lat' dir='ltr'>Sua</span> <span class='ocrx_word' id='word_1_281' title='bbox 636 3782 873 3862; x_wconf 76' lang='lat' dir='ltr'>beatitudine,</span> <span class='ocrx_word' id='word_1_282' title='bbox 909 3783 944 3843; x_wconf 92' lang='lat' dir='ltr'>la</span> <span class='ocrx_word' id='word_1_283' title='bbox 968 3784 1049 3863; x_wconf 90' lang='lat' dir='ltr'>qual</span> <span class='ocrx_word' id='word_1_284' title='bbox 1075 3800 1175 3844; x_wconf 90' lang='lat' dir='ltr'>come</span> <span class='ocrx_word' id='word_1_285' title='bbox 1206 3779 1480 3862; x_wconf 74' lang='lat' dir='ltr'>prudentissima</span> 
     </span>
     <span class='ocr_line' id='line_1_33' title="bbox 198 3886 1479 3973; baseline -0.003 -21"><span class='ocrx_word' id='word_1_286' title='bbox 198 3888 331 3952; x_wconf 70' lang='lat' dir='ltr'>havera</span> <span class='ocrx_word' id='word_1_287' title='bbox 356 3890 580 3953; x_wconf 77' lang='lat' dir='ltr'>considerato</span> <span class='ocrx_word' id='word_1_288' title='bbox 605 3913 626 3954; x_wconf 97' lang='lat' dir='ltr'>a</span> <span class='ocrx_word' id='word_1_289' title='bbox 651 3892 717 3953; x_wconf 86' lang='lat' dir='ltr'>che</span> <span class='ocrx_word' id='word_1_290' title='bbox 742 3900 872 3973; x_wconf 86' lang='lat' dir='ltr'>tempo,</span> <span class='ocrx_word' id='word_1_291' title='bbox 897 3906 963 3951; x_wconf 87' lang='lat' dir='ltr'>con</span> <span class='ocrx_word' id='word_1_292' title='bbox 989 3889 1044 3952; x_wconf 90' lang='lat' dir='ltr'>cui</span> <span class='ocrx_word' id='word_1_293' title='bbox 1070 3898 1106 3951; x_wconf 88' lang='lat' dir='ltr'>et</span> <span class='ocrx_word' id='word_1_294' title='bbox 1129 3887 1164 3951; x_wconf 89' lang='lat' dir='ltr'>in</span> <span class='ocrx_word' id='word_1_295' title='bbox 1180 3889 1246 3950; x_wconf 91' lang='lat' dir='ltr'>che</span> <span class='ocrx_word' id='word_1_296' title='bbox 1262 3886 1409 3950; x_wconf 84' lang='lat' dir='ltr'>materia</span> <span class='ocrx_word' id='word_1_297' title='bbox 1433 3888 1479 3949; x_wconf 91' lang='lat' dir='ltr'>ho</span> 
     </span>
     <span class='ocr_line' id='line_1_34' title="bbox 199 3992 1477 4079; baseline -0.004 -19"><span class='ocrx_word' id='word_1_298' title='bbox 199 3999 331 4060; x_wconf 86' lang='lat' dir='ltr'>havuto</span> <span class='ocrx_word' id='word_1_299' title='bbox 356 4019 377 4060; x_wconf 98' lang='lat' dir='ltr'>a</span> <span class='ocrx_word' id='word_1_300' title='bbox 401 3997 593 4079; x_wconf 86' lang='lat' dir='ltr'>negociare</span> <span class='ocrx_word' id='word_1_301' title='bbox 622 4007 658 4060; x_wconf 86' lang='lat' dir='ltr'>et</span> <span class='ocrx_word' id='word_1_302' title='bbox 682 3999 748 4060; x_wconf 88' lang='lat' dir='ltr'>che</span> <span class='ocrx_word' id='word_1_303' title='bbox 772 4007 863 4059; x_wconf 88' lang='lat' dir='ltr'>tutto</span> <span class='ocrx_word' id='word_1_304' title='bbox 888 3997 934 4058; x_wconf 89' lang='lat' dir='ltr'>da</span> <span class='ocrx_word' id='word_1_305' title='bbox 959 4015 1015 4059; x_wconf 85' lang='lat' dir='ltr'>me</span> <span class='ocrx_word' id='word_1_306' title='bbox 1039 3998 1058 4058; x_wconf 81' lang='grc' dir='ltr'>ὁ</span> <span class='ocrx_word' id='word_1_307' title='bbox 1082 4004 1175 4058; x_wconf 87' lang='lat' dir='ltr'>stato</span> <span class='ocrx_word' id='word_1_308' title='bbox 1199 3993 1289 4057; x_wconf 86' lang='lat' dir='ltr'>fatto</span> <span class='ocrx_word' id='word_1_309' title='bbox 1314 4014 1379 4056; x_wconf 89' lang='lat' dir='ltr'>con</span> <span class='ocrx_word' id='word_1_310' title='bbox 1405 3992 1477 4056; x_wconf 88' lang='lat' dir='ltr'>dili·</span> 
     </span>
     <span class='ocr_line' id='line_1_35' title="bbox 200 4099 1479 4186; baseline -0.003 -20"><span class='ocrx_word' id='word_1_311' title='bbox 200 4102 322 4186; x_wconf 84' lang='lat' dir='ltr'>gentia</span> <span class='ocrx_word' id='word_1_312' title='bbox 346 4115 381 4166; x_wconf 89' lang='lat' dir='ltr'>et</span> <span class='ocrx_word' id='word_1_313' title='bbox 405 4125 470 4167; x_wconf 89' lang='lat' dir='ltr'>con</span> <span class='ocrx_word' id='word_1_314' title='bbox 496 4105 613 4168; x_wconf 88' lang='lat' dir='ltr'>animo</span> <span class='ocrx_word' id='word_1_315' title='bbox 638 4104 673 4167; x_wconf 93' lang='lat' dir='ltr'>di</span> <span class='ocrx_word' id='word_1_316' title='bbox 697 4107 768 4166; x_wconf 89' lang='lat' dir='ltr'>ben</span> <span class='ocrx_word' id='word_1_317' title='bbox 792 4103 886 4175; x_wconf 76' lang='lat' dir='ltr'>lare:</span> <span class='ocrx_word' id='word_1_318' title='bbox 911 4114 946 4165; x_wconf 88' lang='lat' dir='ltr'>et</span> <span class='ocrx_word' id='word_1_319' title='bbox 970 4123 1008 4165; x_wconf 86' lang='lat' dir='ltr'>se</span> <span class='ocrx_word' id='word_1_320' title='bbox 1026 4102 1069 4164; x_wconf 92' lang='lat' dir='ltr'>V.</span> <span class='ocrx_word' id='word_1_321' title='bbox 1094 4099 1145 4165; x_wconf 78' lang='lat'>8¹·</span> <span class='ocrx_word' id='word_1_322' title='bbox 1166 4101 1263 4165; x_wconf 85' lang='lat' dir='ltr'>fusse</span> <span class='ocrx_word' id='word_1_323' title='bbox 1287 4110 1380 4164; x_wconf 87' lang='lat' dir='ltr'>stata</span> <span class='ocrx_word' id='word_1_324' title='bbox 1403 4118 1479 4181; x_wconf 86' lang='lat' dir='ltr'>pre·</span> 
     </span>
     <span class='ocr_line' id='line_1_36' title="bbox 201 4207 1479 4276; baseline -0.004 -2"><span class='ocrx_word' id='word_1_325' title='bbox 201 4220 302 4274; x_wconf 88' lang='lat' dir='ltr'>sente</span> <span class='ocrx_word' id='word_1_326' title='bbox 335 4214 406 4274; x_wconf 85' lang='lat' dir='ltr'>alle</span> <span class='ocrx_word' id='word_1_327' title='bbox 430 4211 595 4276; x_wconf 87' lang='lat' dir='ltr'>dimande</span> <span class='ocrx_word' id='word_1_328' title='bbox 629 4215 695 4276; x_wconf 91' lang='lat' dir='ltr'>che</span> <span class='ocrx_word' id='word_1_329' title='bbox 719 4213 765 4275; x_wconf 91' lang='lat' dir='ltr'>mi</span> <span class='ocrx_word' id='word_1_330' title='bbox 799 4231 909 4273; x_wconf 86' lang='lat' dir='ltr'>erano</span> <span class='ocrx_word' id='word_1_331' title='bbox 932 4210 1021 4273; x_wconf 88' lang='lat' dir='ltr'>fatte</span> <span class='ocrx_word' id='word_1_332' title='bbox 1055 4220 1091 4273; x_wconf 88' lang='lat' dir='ltr'>et</span> <span class='ocrx_word' id='word_1_333' title='bbox 1114 4208 1216 4272; x_wconf 85' lang='lat' dir='ltr'>ch’io</span> <span class='ocrx_word' id='word_1_334' title='bbox 1240 4207 1383 4271; x_wconf 82' lang='lat' dir='ltr'>dovessi</span> <span class='ocrx_word' id='word_1_335' title='bbox 1414 4218 1479 4270; x_wconf 78' lang='lat' dir='ltr'>sta·</span> 
     </span>
     <span class='ocr_line' id='line_1_37' title="bbox 200 4313 1479 4401; baseline -0.003 -21"><span class='ocrx_word' id='word_1_336' title='bbox 200 4318 293 4380; x_wconf 87' lang='lat' dir='ltr'>tuire</span> <span class='ocrx_word' id='word_1_337' title='bbox 324 4330 360 4380; x_wconf 85' lang='lat' dir='ltr'>et</span> <span class='ocrx_word' id='word_1_338' title='bbox 384 4340 450 4381; x_wconf 88' lang='lat' dir='ltr'>con</span> <span class='ocrx_word' id='word_1_339' title='bbox 476 4321 597 4401; x_wconf 88' lang='lat' dir='ltr'>quanti</span> <span class='ocrx_word' id='word_1_340' title='bbox 630 4333 666 4384; x_wconf 86' lang='lat' dir='ltr'>et</span> <span class='ocrx_word' id='word_1_341' title='bbox 690 4318 822 4382; x_wconf 80' lang='lat' dir='ltr'>diversi</span> <span class='ocrx_word' id='word_1_342' title='bbox 846 4336 953 4400; x_wconf 81' lang='lat' dir='ltr'>sopra</span> <span class='ocrx_word' id='word_1_343' title='bbox 977 4315 1118 4379; x_wconf 85' lang='lat' dir='ltr'>diverse</span> <span class='ocrx_word' id='word_1_344' title='bbox 1141 4314 1288 4379; x_wconf 83' lang='lat' dir='ltr'>materie</span> <span class='ocrx_word' id='word_1_345' title='bbox 1317 4315 1363 4378; x_wconf 89' lang='lat' dir='ltr'>mi</span> <span class='ocrx_word' id='word_1_346' title='bbox 1388 4315 1408 4377; x_wconf 78' lang='lat' dir='ltr'>l:</span> <span class='ocrx_word' id='word_1_347' title='bbox 1431 4313 1479 4377; x_wconf 86' lang='lat' dir='ltr'>bi·</span> 
     </span>
     <span class='ocr_line' id='line_1_38' title="bbox 202 4419 1481 4509; baseline -0.004 -21"><span class='ocrx_word' id='word_1_348' title='bbox 202 4435 354 4509; x_wconf 84' lang='lat' dir='ltr'>sognato</span> <span class='ocrx_word' id='word_1_349' title='bbox 386 4426 463 4490; x_wconf 81' lang='lat' dir='ltr'>fare</span> <span class='ocrx_word' id='word_1_350' title='bbox 496 4448 578 4493; x_wconf 86' lang='lat' dir='ltr'>cose</span> <span class='ocrx_word' id='word_1_351' title='bbox 611 4428 753 4492; x_wconf 79' lang='lat' dir='ltr'>diverse</span> <span class='ocrx_word' id='word_1_352' title='bbox 787 4435 823 4490; x_wconf 87' lang='lat' dir='ltr'>et</span> <span class='ocrx_word' id='word_1_353' title='bbox 854 4423 1135 4490; x_wconf 72' lang='lat' dir='ltr'>transformarmi</span> <span class='ocrx_word' id='word_1_354' title='bbox 1167 4422 1203 4486; x_wconf 90' lang='lat' dir='ltr'>in</span> <span class='ocrx_word' id='word_1_355' title='bbox 1234 4420 1334 4485; x_wconf 83' lang='lat' dir='ltr'>varie</span> <span class='ocrx_word' id='word_1_356' title='bbox 1366 4419 1481 4505; x_wconf 85' lang='lat' dir='ltr'>ligure</span> 
     </span>
    </p>
   </div>
   <div class='ocr_carea' id='block_1_10' title="bbox 0 0 1687 5580">
    <p class='ocr_par' dir='ltr' id='par_1_10' title="bbox 0 0 1687 5580">
     <span class='ocr_line' id='line_1_39' title="bbox 0 0 1687 5580; baseline 0 0"><span class='ocrx_word' id='word_1_357' title='bbox 0 0 1687 5580; x_wconf 95' lang='lat' dir='ltr'> </span> 
     </span>
    </p>
   </div>
  </div>
 </body>
</html>
