3330 5580
714 450 863 511 *oasa
902 453 959 508 ΕΗ

199 600 413 680 expellendo
444 608 559 663 tamen
595 600 764 673 consulit;
800 601 932 663 Luther
962 619 1046 662 vero
1071 597 1177 660 etiam
1201 599 1246 659 ad
1273 618 1338 661 eos
1361 596 1475 662 interi·

197 707 345 769 mendos
368 706 566 791 principum
591 707 726 770 animos
743 707 943 770 inflammat.
990 703 1059 768 Noi
1086 706 1131 767 de
1145 725 1215 786 qua
1231 704 1371 768 faremo
1387 714 1475 770 tutto

197 813 230 875 el
255 812 370 875 sforzo
395 815 460 876 che
486 814 595 877 Cesar
620 835 663 876 ne
688 813 890 877 advertisca
914 821 949 874 et
964 812 1093 894 preghi
1117 814 1215 875 detto
1240 831 1281 875 re
1305 833 1372 876 suo
1396 832 1475 895 cog·

197 929 280 982 nato
310 921 354 982 ad
387 941 456 983 non
488 924 588 984 voler
611 922 723 985 intrar
747 923 818 984 tale
843 920 911 999 via,
936 931 971 982 et
994 918 1189 982 finilmente
1212 920 1247 982 al
1270 939 1310 982 re
1335 920 1382 985 de
1405 919 1475 983 Un-

196 1027 297 1108 garia
328 1030 394 1091 che
425 1029 473 1090 dii
503 1030 548 1092 de
571 1050 676 1092 mano
702 1026 778 1112 (sic)
810 1049 831 1090 a
856 1029 954 1088 detto
979 1027 1112 1089 Luther
1136 1024 1171 1088 in
1196 1026 1263 1091 che
1288 1047 1333 1090 ne
1357 1029 1476 1090 hanno

196 1154 379 1214 promesso
409 1135 464 1198 far
487 1139 582 1198 bono
607 1135 725 1198 officio
750 1136 868 1216 quello
893 1131 1078 1215 Stephano
1110 1136 1176 1197 che
1199 1132 1237 1195 iu
1262 1135 1355 1198 altre
1379 1135 1476 1199 volte

195 1241 432 1304 ambasciator
463 1264 484 1305 a
507 1243 626 1305 Roma
650 1253 686 1305 et
710 1243 841 1322 Balbo,
876 1241 899 1302 li
931 1240 1026 1321 quali
1057 1261 1166 1303 erano
1194 1240 1255 1304 alli
1280 1242 1316 1303 di
1341 1240 1475 1324 passati

196 1347 255 1428 qui
279 1368 344 1428 per
368 1349 400 1410 el
425 1368 488 1411 suo
511 1350 569 1412 Re
594 1360 629 1413 et
652 1350 772 1413 fecero
797 1353 916 1413 buona
940 1369 1052 1431 opera
1075 1359 1200 1411 contra
1224 1350 1308 1431 quel
1323 1349 1475 1429 ribaldo,

194 1455 324 1535 perche
349 1458 383 1518 lo
408 1455 585 1519 invitorno
610 1478 631 1519 a
655 1476 787 1538 pranso
812 1468 848 1519 et
872 1456 1070 1519 l'haveano
1095 1465 1236 1518 trovato
1261 1456 1415 1536 indotto,
1440 1466 1475 1519 et
1539 1504 1550 1513 .

195 1563 229 1623 lo
254 1563 472 1625 exhortorno
497 1585 518 1625 a
541 1563 679 1627 redursi
703 1585 724 1626 a
748 1566 783 1626 la
806 1567 902 1626 bona
925 1563 993 1641 via,
1017 1582 1088 1624 non
1109 1562 1304 1626 solamente
1321 1583 1473 1646 pregan·
1543 1597 1550 1605 -

195 1669 277 1730 dolo
302 1690 358 1731 ma
382 1690 513 1732 ancora
548 1669 850 1734 demonstrandoli
875 1669 1160 1732 evidentemente
1196 1668 1295 1732 molti
1325 1670 1372 1732 de
1397 1669 1473 1733 suoi
1535 1720 1550 1729 .

194 1776 315 1855 errori,
340 1778 373 1839 al
398 1778 464 1839 che
488 1779 642 1841 volendo
668 1777 803 1840 Luther
827 1778 1025 1861 responder
1041 1775 1070 1839 si
1083 1779 1186 1858 porto
1204 1775 1234 1838 si
1249 1777 1342 1839 male
1359 1776 1472 1858 (como
1540 1802 1550 1824 ⁴

195 1882 322 1945 dicono
347 1884 370 1946 li
395 1885 537 1965 astanti)
561 1886 626 1948 che
651 1886 675 1948 li
700 1884 947 1948 ambasciatori
970 1884 1105 1947 dissero
1129 1882 1188 1964 poi
1213 1903 1235 1945 a
1259 1884 1370 1948 Cesar
1394 1896 1430 1947 et
1452 1905 1473 1947 a
1531 1929 1550 1938 -

194 2000 285 2053 tutta
308 2001 433 2071 questa
458 2001 566 2066 corte,
591 1994 656 2055 che
671 1993 692 2053 l'
706 1995 871 2055 haveano
887 2002 1027 2055 trovato
1053 2001 1088 2054 et
1111 1990 1250 2054 indotto
1275 2000 1311 2054 et
1334 1991 1471 2074 paccio.

194 2097 363 2159 Predetto
391 2119 524 2161 messer
549 2096 735 2180 Stephano
768 2099 1006 2161 ambasciator
1030 2098 1204 2178 Hungaro
1236 2119 1301 2181 per
1325 2100 1403 2162 zelo
1428 2098 1472 2161 de

193 2213 296 2266 santa
330 2203 412 2267 fede
448 2206 494 2268 ha
518 2206 650 2268 donato
675 2205 868 2286 cinquanta
892 2204 1012 2268 ducati
1036 2206 1124 2268 doro
1149 2205 1280 2269 aduno
1297 2205 1472 2287 impresor

193 2332 214 2373 a
238 2311 379 2374 Vienna
403 2311 590 2375 acciocche
615 2311 836 2393 imprimesse
861 2315 893 2375 el
918 2313 1008 2375 libro
1034 2314 1078 2375 de
1102 2312 1193 2375 frate
1219 2311 1412 2376 Ambrosio
1437 2320 1472 2375 et

193 2419 227 2479 lo
252 2417 500 2482 disseminasse
524 2439 589 2501 per
612 2429 715 2498 tutto,
739 2421 929 2483 tuttavolta
954 2440 1023 2482 non
1049 2423 1211 2502 besogna
1225 2429 1395 2502 expettar
1418 2440 1469 2483 so·

192 2525 264 2587 lum
287 2525 441 2588 l’adiuto
468 2527 512 2589 de
537 2525 656 2600 amici;
689 2547 745 2588 ma
774 2547 883 2589 ancor
914 2528 959 2589 de
988 2547 1027 2590 se
1051 2526 1243 2590 medesimi.
1291 2527 1330 2588 Io
1355 2528 1471 2589 havea

192 2633 261 2694 ben
287 2631 463 2694 advertito
488 2634 554 2695 che
580 2653 649 2695 nou
675 2655 713 2697 se
738 2635 890 2697 lassasse
915 2652 1040 2714 passar
1063 2635 1191 2695 alcuna
1214 2653 1300 2696 cosa
1314 2634 1348 2696 in
1367 2633 1471 2697 favor

192 2740 236 2800 de
261 2740 379 2820 quello
404 2738 458 2801 fra
482 2739 636 2803 Martino
662 2740 809 2818 Putzer‚
843 2742 875 2802 el
907 2742 989 2822 qual
1023 2741 1041 2802 ὲ
1073 2759 1142 2801 uno
1176 2741 1281 2803 homo
1310 2741 1375 2803 che
1401 2740 1470 2804 Dio

191 2846 275 2909 volii
310 2848 375 2909 che
413 2867 484 2910 non
509 2847 600 2909 l'acci
635 2846 746 2929 pegio
770 2848 836 2909 che
861 2848 1011 2909 Luther:
1037 2847 1110 2910 scio
1134 2849 1204 2910 ben
1229 2848 1295 2910 che
1319 2846 1340 2909 l’
1367 2846 1386 2909 ὲ
1410 2846 1469 2929 piu

191 2955 291 3016 dotto
316 2964 351 3017 et
375 2954 409 3016 in
435 2954 528 3017 mani
555 2956 599 3016 de
626 2956 660 3016 la
684 2956 802 3016 banda
826 2953 1022 3027 haeretica;
1053 2975 1109 3016 ma
1133 2973 1203 3017 non
1228 2953 1274 3016 mi
1298 2956 1345 3016 ha
1369 2955 1469 3017 valso

191 3061 224 3123 el
249 3059 382 3122 scriver
416 3062 547 3142 perche
578 3063 624 3124 ha
655 3060 854 3142 impetrado
885 3081 954 3123 una
985 3060 1207 3124 commission
1238 3062 1272 3124 al
1296 3060 1469 3144 episcopo

191 3165 360 3249 Spirense
384 3188 449 3249 per
468 3167 559 3231 farlo
584 3167 639 3230 far
662 3176 837 3249 apostata,
862 3177 898 3229 et
914 3168 1021 3229 credo
1046 3169 1112 3230 che
1136 3176 1257 3249 presto
1274 3166 1354 3231 sara
1377 3168 1469 3232 fatto

190 3274 322 3355 perche
346 3273 498 3338 Giovedl
523 3296 610 3338 sono
636 3275 695 3338 alli
720 3274 877 3347 termini;
909 3274 968 3356 poi
999 3275 1045 3336 ha
1080 3273 1196 3336 animo
1226 3282 1261 3337 et
1285 3294 1470 3355 promesse

191 3382 248 3443 del
283 3402 379 3444 esser
410 3384 621 3465 cappellano
653 3383 712 3444 del
736 3380 849 3444 Conte
872 3380 1052 3461 Palatino,
1084 3382 1118 3443 el
1148 3383 1230 3461 qual
1261 3401 1331 3443 non
1364 3381 1384 3444 ὲ
1409 3381 1470 3464 gia

190 3490 285 3551 bono
314 3509 418 3551 verso
450 3488 519 3551 noi.
568 3487 629 3550 Sel
660 3509 698 3550 se
732 3499 875 3569 potesse
909 3487 1030 3550 allicer
1061 3496 1186 3568 questo
1211 3486 1350 3552 ribaldo
1374 3489 1469 3555 frate

190 3602 319 3660 avanto
344 3597 424 3659 chel
447 3597 608 3658 buttasse
640 3596 792 3676 qualche
816 3614 956 3657 veneno
981 3613 1051 3656 non
1077 3595 1229 3657 sarebbe
1253 3593 1340 3657 sorsi
1361 3599 1468 3661 male.

190 3705 233 3769 V.
258 3704 295 3768 S.
321 3704 397 3766 R¹¹¹²
434 3723 472 3764 se
505 3701 614 3784 degni
643 3701 755 3764 darmi
780 3702 904 3764 adviso
929 3702 973 3763 de
998 3702 1148 3782 qualche
1172 3701 1313 3783 partido
1338 3722 1405 3784 per
1428 3705 1468 3768 ti·

189 3811 282 3873 rarlo
315 3830 336 3871 a
360 3808 488 3872 Roma.
536 3809 618 3871 Una
652 3828 759 3871 causa
790 3808 1036 3889 ratisponense
1060 3818 1115 3870 tra
1138 3807 1162 3870 li
1186 3807 1347 3871 cittadini
1371 3819 1408 3872 et
1433 3812 1468 3874 lo

190 3916 359 3998 episcopo
383 3915 525 3978 fratello
551 3917 610 3979 del
634 3915 745 3979 Conte
771 3915 950 3995 Palatino,
975 3935 1040 3997 per
1063 3916 1098 3978 la
1121 3916 1204 3997 qual
1227 3915 1375 3979 intendo
1401 3919 1469 3982 che

189 4024 210 4085 'l
236 4025 334 4086 detto
360 4022 472 4086 Conte
497 4023 514 4085 ὲ
540 4024 648 4085 molto
674 4021 853 4085 inimicato
879 4023 949 4085 alla
972 4022 1078 4085 Corte
1111 4021 1147 4084 di
1171 4022 1290 4085 Roma
1313 4033 1350 4086 et
1373 4022 1410 4087 in
1434 4027 1469 4089 le

189 4150 271 4192 cose
297 4139 416 4193 nostre
450 4132 643 4203 contrario;
677 4130 788 4211 perho
825 4131 984 4210 besogna
1010 4128 1154 4192 andarci
1185 4150 1231 4192 un
1256 4150 1349 4212 poco
1372 4132 1470 4214 pede

188 4238 354 4319 plumbeo
379 4237 499 4300 avanti
524 4239 588 4300 che
613 4258 650 4300 se
676 4236 723 4299 dii
747 4236 924 4299 sententia
948 4235 1064 4299 finche
1080 4236 1245 4300 habiamo
1261 4237 1346 4300 dato
1371 4241 1469 4320 qual·

188 4345 253 4406 che
277 4342 400 4406 ordine
425 4346 494 4407 alle
519 4365 601 4407 cose
625 4345 670 4407 de
695 4343 839 4423 Luther‚
864 4342 924 4426 poi
940 4342 1067 4406 farassi
1084 4344 1201 4424 quello
1227 4345 1292 4407 che
1316 4347 1375 4408 vol
1400 4346 1468 4411 ius·

187 4450 289 4524 ticia;
319 4452 389 4512 mal
422 4452 440 4515 ὲ
474 4451 651 4533 dispiacer
682 4452 752 4515 allo
785 4450 955 4533 episcopo
979 4470 1044 4532 per
1067 4449 1092 4512 li
1116 4449 1248 4514 fratelli
1271 4461 1308 4514 et
1330 4453 1468 4534 peggio

188 4558 221 4620 al
250 4567 417 4640 presente
439 4560 571 4640 perder
595 4559 628 4621 la
652 4556 821 4632 devotion
846 4558 891 4620 de
916 4559 1034 4639 quella
1058 4557 1153 4637 citta,
1178 4558 1213 4619 la
1236 4559 1341 4639 quale
1366 4568 1468 4623 certo

187 4684 225 4727 se
259 4664 421 4728 offerisce
451 4668 560 4729 molto
592 4675 627 4728 et
654 4666 701 4727 ha
731 4664 821 4727 fatto
845 4666 941 4728 bono
966 4663 1085 4728 officio
1110 4673 1146 4726 et
1169 4665 1204 4726 al
1228 4673 1397 4746 presente
1421 4686 1468 4731 ne

188 4772 337 4836 havemo
363 4773 409 4838 de
432 4774 594 4854 besogno
620 4772 666 4835 de
690 4781 815 4853 queste
830 4769 932 4847 citta;
957 4781 1074 4834 tamen
1091 4769 1152 4832 fiat
1175 4770 1229 4834 ius
1254 4770 1318 4836 sed
1341 4791 1468 4840 verum
