3330 5580
700 491 757 546 0-4]
797 492 849 546 229
888 483 946 544 {2⁸³

186 639 300 701 omnia
324 635 468 699 fuerunt
493 639 681 699 observata
707 647 741 699 et
765 637 800 699 in
825 639 892 698 hoc
919 636 1035 698 edicto
1061 637 1239 714 adnotata,
1266 654 1308 695 ex
1336 629 1463 714 quibus

186 755 322 807 constat
346 743 493 806 Sacram
519 743 706 806 Cesaream
731 745 955 809 Maiestatem
991 744 1075 807 nihil
1101 742 1260 805 omisisse
1292 742 1387 822 quod
1417 741 1462 802 ad

186 851 409 932 pacatissime
447 854 669 913 tractandum
701 855 791 914 hanc
828 874 969 915 causam
1004 850 1134 932 requiri
1166 858 1303 930 posset,
1338 857 1375 908 ut
1406 849 1462 908 vel

185 959 292 1038 ipsius
318 968 353 1019 et
378 958 530 1019 omnium
556 958 687 1020 iudicio
724 960 829 1021 etiam
867 960 968 1021 nimis
998 961 1190 1021 clementer
1213 965 1329 1017 actum
1353 954 1462 1016 luisse

186 1084 286 1127 nemo
311 1085 380 1126 non
408 1064 512 1126 dicat.
562 1066 598 1126 ln
624 1068 736 1128 altera
762 1088 847 1129 vero
878 1067 983 1128 edicti
1015 1075 1117 1147 parte
1149 1065 1182 1125 in
1215 1084 1285 1144 qua
1317 1064 1360 1123 de
1392 1081 1461 1122 mo-

186 1171 369 1234 deratione
393 1171 645 1252 impressorum
670 1184 705 1234 et
729 1174 970 1253 prohibitione
999 1173 1170 1234 malorum
1203 1170 1370 1232 librorum
1396 1178 1462 1229 tra·

186 1290 315 1356 ctatur,
340 1278 406 1340 etsi
432 1278 475 1340 sit
501 1278 536 1339 id
562 1278 714 1341 maxime
739 1282 881 1341 salubre
906 1294 941 1342 et
965 1282 1100 1360 absque
1133 1279 1204 1339 ulla
1235 1275 1463 1339 contentione

186 1386 331 1447 concedi
355 1386 503 1464 debeat,
538 1398 657 1448 tamen
685 1395 723 1448 ut
754 1387 830 1448 ill¹¹¹²
861 1387 902 1447 D.
929 1386 973 1449 V.
1002 1386 1115 1467 possit
1149 1385 1337 1445 ostendere
1370 1381 1463 1444 Suae

188 1491 363 1554 llaiestati
389 1512 458 1553 non
484 1492 591 1554 fuisse
616 1504 748 1555 temere
773 1494 809 1555 in
840 1495 908 1556 hoc
942 1493 1073 1574 aliquid
1105 1498 1330 1567 attentatum,
1364 1490 1463 1551 mitto

188 1601 364 1661 decretum
392 1611 473 1678 post
491 1600 595 1661 toties
621 1598 750 1661 factam
766 1601 853 1661 alias
870 1599 1134 1679 discussionem,
1159 1597 1463 1673 consultationem,

189 1704 481 1767 examinationem
521 1716 591 1767 tam
629 1706 664 1767 in
701 1706 856 1768 Consilio
897 1705 1130 1768 Germanicae
1170 1704 1323 1769 nationis
1360 1724 1463 1784 quam

188 1812 343 1877 aliorum,
370 1833 473 1873 manu
499 1812 581 1874 Rmi
608 1813 678 1874 Dni
704 1813 873 1894 Episcopi
899 1813 1098 1894 Tergestini
1124 1813 1340 1893 descriptum
1358 1822 1464 1891 prout

190 1919 296 1980 visum
321 1919 389 1980 fuit
414 1918 562 1980 consilio
588 1940 666 1981 esse
692 1919 966 2000 expediendum.
1015 1920 1094 1980 [11Ιῐηι
1118 1919 1161 1980 D.
1178 1919 1222 1981 V.
1248 1919 1365 1980 omnia
1390 1917 1463 1979 dili·

191 2036 313 2105 genter
337 2026 493 2106 pensitet
517 2035 553 2088 et
577 2027 623 2087 ad
648 2026 836 2088 Caesarem
872 2037 907 2088 et
938 2025 1121 2088 consilium
1145 2024 1297 2104 referat,
1328 2025 1362 2086 in
1393 2045 1463 2106 quo

190 2133 272 2194 nihil
297 2133 452 2215 petimus
476 2132 542 2193 nisi
566 2133 662 2214 quod
687 2133 739 2194 ius
765 2142 800 2194 et
824 2133 984 2213 aequitas
1009 2134 1175 2212 postulat.
1224 2132 1321 2193 Bene
1346 2133 1465 2193 valeat

191 2241 234 2302 ill.
271 2239 312 2302 Ι).
338 2241 382 2302 V.
409 2251 443 2301 et
468 2260 610 2302 causam
634 2239 717 2302 fidei
748 2251 783 2302 et
811 2243 983 2302 bonorum
1015 2259 1151 2302 morum
1182 2238 1465 2300 commendatam

191 2349 326 2410 habeat.

801 2793 838 2853 (ll

266 2907 441 2986 Henricus
468 2906 565 2986 VIII.
596 2929 657 2987 rer
686 2908 845 3016 Angline
871 2906 1140 3008 Archiepiseopo
1168 2906 1387 3008 Moguntino.

631 3055 713 3111 (Acta
732 3053 867 3112 Wormet.
885 3053 930 3112 fol.
949 3054 1015 3123 177.)
1297 3048 1300 3055 ’

707 3173 762 3238 (20.
783 3174 836 3221 Mai
860 3171 946 3238 1321.)

276 3313 451 3375 Henricus
468 3313 534 3374 Dei
560 3313 675 3394 gratia
700 3315 782 3375 Rex
812 3315 965 3396 Angliae
991 3327 1026 3375 et
1042 3312 1214 3376 Franciae
1234 3333 1275 3375 ac
1292 3314 1465 3375 Dominus

199 3419 385 3483 Hiberniae
417 3419 732 3483 Reverendissimo
774 3421 807 3482 in
848 3420 988 3483 Christo
1025 3421 1123 3482 Patri
1160 3430 1194 3482 et
1228 3420 1466 3481 Illustrissimo

197 3526 341 3590 Domino
367 3529 518 3589 Alberto
544 3527 633 3588 tituli
659 3527 770 3588 sancti
796 3527 1019 3608 Chrysogoni
1044 3529 1261 3608 Presbytero
1287 3527 1466 3588 Cardinali

197 3632 399 3715 lloguntino
424 3645 457 3697 et
485 3634 788 3715 Magdeburgensi
820 3634 1103 3715 Archiepiscopo
1129 3644 1164 3696 et
1187 3630 1287 3695 Sacri
1312 3633 1466 3695 Romani

200 3739 331 3822 Imperii
356 3762 421 3821 per
446 3741 672 3804 Germaniam
698 3742 1024 3803 Arciiicancellario
1057 3751 1091 3803 et
1123 3740 1280 3821 Principi
1312 3740 1466 3801 Electori

200 3849 302 3911 amico
336 3859 457 3910 nostro
493 3847 673 3910 carissimo
706 3850 864 3912 salutem.
919 3850 952 3910 A
984 3848 1140 3909 Luthero
1174 3847 1276 3908 isthic
1309 3846 1463 3907 excitum

159 3954 164 3963 '
199 3953 390 4017 incendium
423 3953 678 4034 diabolicisque
710 3953 888 4016 suffultum
925 3954 1015 4016 dolis
1051 3966 1121 4015 tam
1158 3953 1215 4014 diu
1252 3973 1317 4015 nee
1352 3954 1466 4015 adhuc

200 4064 384 4124 extinctum
417 4061 508 4122 inter
539 4081 603 4122 vos
635 4061 850 4122 debacchari
883 4072 952 4122 tum
987 4072 1109 4122 nostra
1139 4071 1211 4122 tum
1246 4061 1467 4122 Christianae

199 4168 408 4249 reipublicae
433 4188 539 4230 causa
564 4171 671 4248 longe
706 4168 850 4249 gravius
875 4168 1072 4231 indolemus
1103 4188 1206 4248 quam
1233 4169 1312 4230 ullis
1336 4168 1468 4230 licteris

199 4276 442 4357 comprehendi
475 4277 531 4337 vel
556 4278 709 4337 humana
739 4276 860 4356 lingua
885 4276 997 4356 possit
1027 4274 1213 4355 explicari:
1247 4276 1343 4336 nulla
1375 4275 1466 4337 enim

199 4380 368 4445 hominum
394 4403 455 4444 seu
481 4382 658 4444 annalium
683 4381 852 4444 memoria
883 4392 965 4443 ante
998 4384 1086 4444 haec
1116 4393 1274 4462 tempora
1301 4381 1468 4444 recolitur

199 4489 466 4552 strenuissimam
491 4489 593 4551 istam
618 4490 767 4571 patriam
793 4510 884 4569 quae
900 4488 1040 4550 afflictis
1059 4489 1336 4551 Christianorum
1360 4491 1467 4550 rebus

200 4592 423 4658 firmissimum
448 4596 728 4676 tutissimumque
752 4596 968 4676 praesidium
995 4617 1073 4658 esse
1098 4595 1282 4658 consuevit
1307 4606 1366 4656 aut
1387 4597 1466 4657 hae·

200 4720 310 4765 reseos
335 4702 557 4765 seminarium
583 4703 690 4763 ullum
717 4701 911 4764 admisisse.
937 4714 996 4763 aut
1020 4702 1048 4762 si
1066 4704 1160 4783 quod
1183 4701 1302 4763 forsan
1329 4701 1467 4763 incaute

200 4811 368 4892 obrepsit,
393 4830 463 4870 non
488 4809 674 4872 confestim
700 4810 882 4870 reeesisse.
933 4809 1026 4890 Quid
1052 4830 1202 4891 namque
1228 4808 1468 4870 nobilissimae
