3330 5580
770 467 999 522 como*

243 611 407 673 rechiesti
425 613 482 673 dal
502 610 694 691 Pontefice,
715 623 751 673 et
775 614 930 695 allegato
952 615 1028 676 loro
1051 613 1169 694 quello
1186 609 1408 673 sanctissimo
1426 610 1525 671 detto

243 718 277 779 di
303 717 414 780 Santo
446 719 666 801 Hieronymo
691 729 814 781 contra
838 719 1085 784 Luciferianos
1109 718 1168 800 qui
1193 718 1243 780 sic
1267 717 1405 780 scribit:
1443 717 1525 797 „Ec-

242 827 372 889 clesiae
397 829 493 889 salus
516 827 552 889 in
573 826 707 889 Summi
725 826 931 889 Sacerdotis
955 827 1129 909 dignitate
1151 825 1296 907 pendet,
1320 823 1376 886 cui
1400 823 1428 886 si
1455 843 1524 885 non

245 954 349 995 exors
374 934 548 1014 quaedam
573 943 608 995 et
632 935 678 995 ab
710 933 872 995 omnibus
903 933 1060 995 eminens
1085 934 1187 995 detur
1211 941 1381 1013 potestas,
1412 940 1466 993 tot
1489 929 1523 991 in

243 1040 410 1102 Ecclesiis
435 1039 635 1103 efficientur
659 1040 850 1102 schismata
874 1050 961 1121 quot
984 1041 1221 1102 sacerdotes“

331 1148 490 1210 Tandem
514 1147 590 1210 heri
614 1167 696 1209 sera
723 1147 769 1209 ad
798 1148 885 1209 hore
911 1147 1038 1227 cinque
1064 1139 1098 1208 di
1132 1156 1230 1208 notte
1265 1147 1297 1207 el
1322 1144 1524 1207 Leodiense

149 1253 152 1258 ’
243 1275 297 1316 me
322 1254 525 1316 introdusse
551 1256 584 1317 al
610 1255 668 1316 Re
704 1265 740 1316 et
763 1253 974 1316 abboccomi
1007 1274 1073 1316 con
1100 1253 1271 1316 Chievres
1302 1253 1413 1315 solum
1446 1271 1524 1312 cum

242 1362 329 1440 solo;
355 1364 447 1424 dove
471 1361 506 1424 io
530 1360 651 1423 trattai
676 1361 711 1423 in
728 1381 814 1422 vero
839 1381 906 1423 con
923 1362 1061 1442 grande
1088 1382 1152 1423 sua
1175 1360 1371 1422 attentione
1397 1370 1432 1420 et
1457 1369 1523 1419 sat·

241 1468 437 1531 tisfattione
462 1478 553 1529 tutta
578 1479 705 1548 questa
729 1487 828 1545 cosa,
864 1489 918 1530 me
943 1488 1089 1549 respose
1123 1470 1189 1530 che
1213 1487 1282 1529 non
1317 1467 1346 1528 si
1374 1465 1524 1528 sarebbe

242 1596 326 1637 cosa
354 1596 393 1638 se
426 1596 496 1637 non
528 1594 593 1655 per
618 1575 755 1637 l'honor
779 1576 823 1637 de
847 1575 890 1637 N.
916 1574 954 1632 S‘
994 1576 1132 1637 edella
1157 1574 1295 1652 Chiesa,
1320 1584 1356 1634 et
1379 1582 1523 1635 mostra·

242 1682 311 1744 rasi
337 1683 402 1744 che
428 1682 559 1745 Caesar
585 1691 638 1744 est
662 1681 830 1764 princeps
854 1702 939 1744 vere
965 1680 1169 1744 catholicus.
1217 1681 1369 1743 Dissemi
1394 1700 1527 1741 ancora

243 1791 308 1851 che
341 1800 467 1870 questa
499 1809 603 1851 mane
639 1788 684 1851 mi
710 1798 909 1852 attrovasse
942 1791 976 1851 al
1001 1789 1148 1852 consilio
1180 1788 1211 1849 d'
1230 1787 1430 1851 Allemania
1458 1789 1525 1848 sub

241 1906 355 1958 ortum
380 1896 480 1970 solis;
506 1916 571 1958 nec
597 1895 712 1978 potuit
738 1896 909 1958 interesse
936 1896 1097 1958 dominus
1122 1896 1280 1958 Nuncius
1304 1893 1437 1976 perche
1462 1915 1524 1955 era

242 2004 411 2085 alquanto
435 2003 633 2084 indisposto
646 2023 747 2064 come
760 2002 806 2064 mi
830 2002 866 2064 fu
892 2002 1049 2064 referit0.
1087 2003 1321 2065 Praesidebat
1337 2011 1421 2062 tunc
1436 1999 1525 2063 Gur-

242 2111 367 2190 censi5‚
393 2110 555 2173 interfuit
570 2109 779 2172 Leodiensis
803 2120 841 2170 ut
865 2109 1032 2191 princeps
1056 2109 1203 2191 imperii,
1231 2108 1463 2190 Tergestinus
1487 2117 1525 2167 ut

242 2217 456 2280 consilianus
482 2216 645 2280 Caesaris
678 2226 713 2279 et
744 2216 844 2279 multi
877 2216 937 2279 alii
962 2216 1041 2278 laici
1071 2217 1260 2298 principes.
1315 2215 1360 2277 Et
1390 2213 1523 2295 perche

241 2345 305 2405 per
329 2327 422 2387 mala
446 2325 618 2405 disgratia
641 2324 687 2386 mi
711 2326 757 2385 ha
775 2324 966 2405 bisognato
992 2323 1027 2385 in
1052 2326 1100 2385 tal
1125 2326 1230 2385 modo
1255 2323 1421 2402 revolger
1442 2320 1523 2382 tutti

242 2432 264 2493 li
290 2432 402 2494 scritti
417 2431 489 2494 cosi
511 2431 634 2493 vecchi
652 2451 751 2493 come
768 2430 875 2492 nuovi
892 2430 927 2492 di
944 2443 1071 2511 questo
1087 2431 1263 2509 basilisco,
1283 2430 1349 2492 che
1366 2427 1466 2509 quasi
1484 2447 1523 2488 so

242 2559 285 2600 ea
301 2539 502 2601 memoriter
519 2538 646 2618 omnia,
663 2537 732 2600 feci
748 2558 795 2600 un
810 2538 970 2600 discorso
988 2538 1072 2599 delli
1088 2537 1148 2618 piu
1171 2537 1305 2599 enormi
1322 2534 1433 2598 errori
1457 2535 1523 2595 che

241 2666 297 2707 me
322 2665 514 2726 paresseno
533 2665 630 2706 esser
643 2644 793 2707 dannosi
817 2645 851 2706 in
876 2645 911 2706 la
934 2643 1017 2706 sede
1038 2644 1212 2706 catholica
1238 2655 1273 2706 et
1289 2640 1522 2724 dispiacevoli

242 2751 300 2813 alli
325 2751 493 2830 audienti,
518 2752 578 2832 poi
609 2751 632 2813 li
658 2752 789 2832 allegai
820 2754 853 2813 le
878 2772 961 2814 cose
987 2753 1043 2813 del
1070 2773 1188 2814 nuovo
1213 2752 1441 2814 Testamento
1467 2747 1522 2810 cui

240 2859 317 2940 ipse
343 2857 493 2920 maxime
519 2879 556 2921 se
581 2858 683 2920 inniti
708 2857 906 2939 profitetur,
940 2858 1025 2921 delli
1049 2860 1188 2923 concilii
1220 2871 1256 2922 et
1287 2856 1422 2938 antiqui
1447 2857 1522 2917 dot-

240 2965 319 3042 tori,
350 2967 423 3027 cosi
447 2965 568 3046 graeci
594 2985 692 3027 corne
718 2964 817 3027 latini
842 2968 907 3027 che
932 2965 1041 3028 fanno
1066 2977 1189 3029 contra
1215 2966 1272 3045 lui,
1305 2962 1438 3046 perche
1464 2962 1520 3024 de’

242 3072 323 3134 novi
348 3072 508 3153 theologi
537 3081 572 3134 et
596 3072 777 3135 decretisti
814 3075 846 3135 61
876 3092 962 3134 cane
996 3093 1067 3135 non
1098 3075 1179 3137 vole
1210 3092 1356 3154 prorsus
1380 3069 1521 3148 sentire,

241 3179 310 3241 imo
342 3179 481 3242 deridet
512 3199 633 3242 omnes
663 3189 699 3242 et
721 3181 858 3261 respuit
881 3191 919 3242 ut
947 3192 1143 3263 suspectos.
1199 3181 1243 3242 Et
1274 3179 1417 3260 quando
1449 3176 1521 3238 vidi

242 3287 264 3348 li
289 3286 447 3366 Principi
471 3289 579 3349 molto
604 3289 674 3349 ben
699 3286 855 3349 instrutti
879 3298 915 3350 et
938 3309 959 3351 a
983 3290 1018 3351 la
1042 3308 1150 3350 causa
1174 3286 1305 3366 affetti‚
1330 3283 1521 3347 domandai

241 3394 276 3456 la
300 3394 531 3475 expeditione
555 3395 614 3456 del
639 3394 805 3456 mandato
831 3405 866 3456 et
889 3395 970 3456 altri
994 3394 1141 3457 remedii
1166 3392 1368 3475 opportuni.
1402 3392 1521 3454 Furno

241 3501 380 3564 interim
405 3501 570 3563 chiamati
594 3502 640 3563 ad
665 3500 854 3563 Caesarem
886 3522 951 3582 per
984 3503 1074 3563 altra
1104 3520 1212 3563 causa
1243 3510 1279 3562 et
1307 3500 1407 3562 simul
1431 3498 1520 3561 refe-

241 3607 336 3669 rirno
361 3609 480 3689 quello
505 3609 656 3670 havemo
682 3618 839 3671 trattat0.
892 3608 1068 3671 Concluso
1099 3607 1137 3669 su
1162 3609 1228 3670 che
1252 3627 1290 3669 se
1316 3615 1521 3688 expettasse

241 3716 274 3776 el
290 3715 504 3797 Moguntino
529 3733 629 3777 corne
654 3715 967 3778 archicancellario
993 3716 1038 3776 de
1063 3713 1255 3778 Germania
1280 3715 1313 3776 el
1337 3714 1419 3796 qual
1448 3713 1519 3774 tien

242 3822 275 3882 el
299 3820 427 3902 sigillo,

330 3928 440 3989 Intrai
465 3927 604 3990 interim
629 3930 663 3990 al
688 3928 861 4010 consiglio
887 3937 1025 3990 secreto
1056 3929 1112 3991 del
1138 3930 1207 3991 Re.
1237 3929 1356 3990 Parlai
1389 3948 1456 3989 con
1488 3929 1520 3989 el

240 4033 550 4116 grancancellieri‚
575 4037 607 4097 el
632 4037 714 4116 qual
747 4056 879 4097 ancora
904 4046 1006 4097 stava
1030 4040 1064 4097 in
1090 4046 1216 4116 questa
1241 4036 1429 4117 phantasia
1454 4037 1520 4097 che

241 4144 336 4202 bono
361 4143 512 4203 sarebbe
537 4143 603 4204 che
628 4141 762 4204 Luther
786 4142 927 4204 venisse
952 4144 1021 4204 alla
1047 4143 1157 4221 dieta,
1191 4142 1214 4204 il
1244 4144 1309 4204 che
1335 4142 1359 4204 li
1382 4141 1519 4222 resposi

241 4248 336 4328 quod
361 4267 430 4329 ego
455 4258 490 4310 et
514 4259 684 4330 optarem,
709 4252 814 4312 modo
838 4261 1035 4330 revocaret,
1059 4253 1155 4331 quod
1178 4270 1331 4330 unquam
1357 4250 1391 4311 in
1408 4259 1519 4311 aeter·

242 4374 323 4415 num
349 4353 457 4417 faciet
481 4365 649 4436 quantum
674 4356 798 4434 vide0,
832 4358 922 4418 adeo
948 4367 1002 4418 est
1026 4356 1140 4438 gloria
1165 4357 1314 4437 cupidus
1339 4370 1373 4418 et
1402 4377 1519 4436 super-

242 4461 301 4523 bia
326 4464 448 4542 elatus,
473 4473 508 4525 et
532 4465 597 4525 che
622 4485 660 4526 se
684 4484 753 4526 non
780 4464 809 4525 si
833 4484 1040 4545 revocasse,
1069 4474 1103 4527 et
1128 4485 1199 4527 non
1223 4464 1434 4544 possendosi
1459 4484 1519 4544 pu-

243 4569 318 4631 nire
343 4589 408 4649 per
433 4572 465 4632 el
490 4571 590 4633 salvo
615 4572 785 4633 condotto
810 4573 962 4633 sarebbe
997 4574 1031 4633 la
1065 4571 1273 4634 confusione
1307 4572 1364 4633 del
1390 4572 1519 4632 mundo

243 4688 278 4740 et
306 4676 387 4738 tutti
418 4677 697 4742 iudicarebbono
731 4699 850 4742 essere
892 4689 984 4741 stata
1016 4679 1223 4741 confirmata
1254 4680 1288 4740 la
1319 4677 1426 4759 impia
1457 4700 1520 4741 sua

243 4784 416 4857 dottrina;
442 4806 507 4866 per
531 4798 656 4867 questo
681 4786 700 4846 ὸ
725 4788 790 4848 che
816 4785 839 4847 li
864 4786 1057 4849 Lutherani
1072 4786 1225 4849 maxime
1250 4786 1461 4848 desiderano
1487 4789 1520 4849 la
