3330 5580
671 458 728 511 015³
767 457 803 512 53
842 456 899 509 [³⁴³

139 608 208 667 che
240 626 279 668 se
311 627 380 667 uno
414 625 569 667 vescovo
601 603 760 685 pigliava
791 625 836 665 un
869 615 970 685 prete
999 607 1154 668 volendo
1179 609 1425 670 administrare

139 713 290 791 iustitia,
324 711 440 774 subito
474 711 557 773 dicti
590 710 673 772 frati
705 732 742 773 se
774 693 996 792 scoprevano
1029 715 1258 776 monstrando
1291 717 1324 778 le
1349 719 1425 777 loro

139 820 273 882 facultir
305 830 340 881 et
374 821 549 881 levaveno
583 818 678 881 dicto
710 828 813 900 prete
848 821 892 880 de
924 840 1028 881 mano
1053 841 1074 881 a
1099 841 1178 883 esso
1211 842 1365 883 vescovo
1391 836 1426 884 et

139 929 249 990 molte
283 929 373 989 altre
407 945 508 1004 cose,
543 927 648 1006 quale
682 945 791 987 erano
825 945 932 988 causa
965 928 1010 988 de
1043 927 1119 990 fare
1151 930 1304 991 tolerare
1336 939 1426 992 tutte

140 1035 259 1116 quelle
285 1054 368 1096 cose
393 1033 438 1095 de
463 1033 617 1095 Martino
642 1033 799 1094 anchora
824 1035 888 1095 che
913 1033 937 1094 li
963 1053 1242 1113 cognoscessero
1268 1038 1346 1098 chel
1377 1036 1424 1096 di-

139 1164 242 1205 cesse
276 1161 366 1223 gran
399 1139 512 1222 pacie.
560 1140 694 1202 Tamen
728 1141 885 1202 secundo
920 1140 998 1203 dice
1032 1140 1068 1206 S.
1102 1140 1271 1222 Signoria
1305 1144 1426 1205 Rev¹¹¹³

139 1250 191 1331 gli
224 1249 384 1331 dispiace
415 1248 672 1329 grandemente
697 1257 822 1326 queste
847 1266 946 1328 cose,
979 1258 1014 1310 et
1045 1262 1250 1311 veramente
1282 1250 1425 1331 quando

140 1379 162 1418 a
186 1356 246 1434 lui,
271 1357 305 1417 al
329 1374 484 1418 vescovo
509 1354 555 1416 de
571 1353 708 1416 Trieste
734 1364 769 1415 et
792 1374 813 1415 a
838 1353 983 1416 Banisio
1009 1355 1026 1417 ὲ
1052 1364 1144 1419 stato
1169 1377 1364 1420 commesso
1392 1361 1426 1421 la

140 1462 373 1546 expeditione
398 1462 457 1524 del
481 1462 648 1523 mandato
660 1460 849 1541 Imperiale
875 1472 999 1524 contra
1021 1462 1176 1526 Martino
1193 1464 1336 1544 Luther‚
1363 1467 1424 1528 s’i·

141 1583 285 1653 portato
310 1571 418 1633 molto
442 1573 544 1648 bene,
570 1578 605 1630 et
628 1568 760 1650 perche
777 1567 966 1649 Gurgense
990 1570 1040 1651 gli
1064 1572 1204 1633 haveva
1229 1593 1423 1636 commesso

140 1682 208 1741 che
239 1697 310 1741 non
340 1677 539 1739 vedesseno
572 1675 667 1738 dicto
700 1676 867 1738 mandato
900 1696 1004 1739 senza
1030 1658 1091 1739 doi
1115 1679 1195 1741 altri
1220 1679 1425 1761 consiglieri

141 1785 297 1865 barbari,
322 1784 419 1846 dicto
437 1780 646 1846 Sedunense
671 1803 732 1845 era
755 1783 847 1845 irato
872 1786 1003 1864 perche
1028 1785 1071 1847 tri
1097 1786 1213 1867 giomi
1238 1786 1342 1850 furno
1360 1794 1425 1850 che

140 1894 228 1975 ogni
260 1891 392 1955 matina
426 1910 535 1953 erano
567 1890 713 1953 insieme
746 1890 827 1952 tutti
859 1890 902 1952 tri
935 1901 970 1953 et
1003 1894 1198 1955 mandorno
1233 1915 1373 1976 sempre
1405 1919 1426 1958 a

140 2001 360 2064 domandare
391 2000 415 2060 li
449 1998 530 2060 altri
562 1997 622 2059 doi
646 2006 682 2060 et
705 1997 774 2059 mai
799 2018 869 2061 non
894 2019 932 2061 se
957 2009 1143 2079 trovorno,
1176 2013 1211 2063 et
1237 2000 1425 2083 Gurgense

140 2130 186 2171 ne
211 2128 273 2171 era
297 2126 419 2185 causa,
445 2104 522 2167 acio
547 2125 586 2167 se
610 2103 795 2168 differesse
820 2125 899 2167 esso
924 2107 1091 2169 mandato
1116 2128 1180 2188 per
1204 2109 1424 2188 gratificarse

139 2220 174 2280 el
199 2215 350 2278 Duccha
374 2214 418 2276 de
443 2209 612 2289 Saxonia,
638 2222 673 2274 et
697 2214 788 2275 cossi
813 2214 947 2276 anchor
971 2211 1181 2276 Sedunense
1205 2226 1335 2278 teneva
1361 2237 1426 2296 per

139 2334 240 2386 certo
272 2322 338 2385 che
369 2320 417 2382 iui
449 2319 588 2382 facesse
620 2320 687 2381 che
720 2319 804 2381 dicti
833 2319 1038 2400 eoosiglieri
1062 2341 1132 2383 non
1157 2342 1196 2383 se
1221 2332 1424 2384 trovassero

139 2432 175 2493 in
201 2450 296 2508 casa,
321 2428 403 2491 etii
429 2438 532 2490 conte
555 2425 704 2489 Camillo
730 2426 775 2488 de
791 2424 972 2489 Gambara
994 2448 1050 2489 me
1074 2429 1122 2490 ha
1146 2428 1239 2491 dicto
1265 2432 1330 2491 che
1355 2433 1426 2492 alla

139 2540 262 2600 tavola
287 2536 331 2598 de
356 2536 452 2598 dicto
465 2533 655 2616 Gurgense
680 2554 718 2597 se
735 2533 862 2596 diceva
878 2536 969 2596 male
987 2536 1031 2595 de
1045 2533 1087 2596 N.
1103 2532 1256 2617 Signore
1272 2540 1424 2600 essendo

139 2645 188 2707 lui
223 2653 409 2725 presente,
444 2652 479 2705 et
510 2661 580 2704 non
615 2640 741 2703 diceva
774 2643 879 2703 nulla.
927 2641 1063 2721 Quatro
1098 2645 1130 2704 di
1164 2642 1201 2706 fa
1225 2645 1257 2705 el
1282 2665 1321 2706 re
1346 2665 1424 2707 cum

140 2764 234 2814 tutto
265 2752 298 2813 ei
328 2749 503 2830 consiglio
534 2757 625 2811 stete
658 2757 799 2828 quattro
824 2748 910 2809 hore
936 2768 1043 2829 sopra
1066 2750 1102 2811 la
1126 2750 1356 2832 expeditione
1381 2752 1425 2814 de

138 2861 238 2922 dicto
264 2857 446 2935 mandat0,
480 2866 516 2918 et
539 2857 682 2936 quando
714 2854 738 2917 li
763 2855 977 2935 conseglieri
1000 2866 1203 2919 avotaveno
1227 2877 1306 2920 esso
1332 2879 1424 2921 man·

138 2970 237 3043 dato,
263 2965 379 3046 lapid
404 2974 506 3044 parte
531 2964 726 3045 pariaveno
750 2961 785 3023 in
810 2963 996 3033 todescho;
1022 2961 1121 3024 finito
1146 2965 1211 3025 che
1236 2966 1376 3027 hebeno
1402 2966 1424 3027 il

138 3076 199 3137 Re
233 3073 342 3135 disse:
377 3071 511 3133 credeti
544 3071 610 3132 che
637 3089 708 3132 non
733 3089 778 3131 ve
803 3069 914 3131 habbi
937 3069 1074 3131 inteso?
1106 3070 1164 3132 voi
1191 3072 1310 3133 haveti
1336 3072 1424 3134 ditto

139 3184 232 3244 cossi
264 3190 301 3242 et
331 3182 438 3249 cossi;
472 3189 598 3259 questo
631 3197 686 3240 me
719 3176 887 3257 despiace
911 3197 977 3258 per
1000 3178 1049 3238 tal
1073 3178 1223 3259 ragione
1248 3183 1357 3254 cossi,
1391 3191 1425 3242 et

138 3299 270 3370 questo
302 3307 357 3349 me
387 3285 490 3367 piace
517 3304 582 3366 per
607 3286 641 3346 la
666 3284 752 3356 tale;
786 3285 832 3346 de
857 3294 952 3346 sorte
978 3286 1043 3346 che
1068 3284 1225 3365 ogniuno
1251 3306 1289 3347 se
1314 3307 1424 3348 mara·

139 3396 298 3477 vigliava
323 3403 359 3456 et
382 3398 473 3456 cossi
497 3392 535 3456 fu
560 3392 730 3475 expedito
763 3394 796 3453 el
828 3393 995 3453 mandato
1027 3391 1061 3453 in
1094 3394 1188 3454 bona
1221 3392 1353 3470 forma,
1390 3405 1424 3454 et

140 3505 230 3565 hora
260 3503 295 3563 lo
325 3501 521 3562 traducono
553 3500 589 3561 in
621 3499 743 3580 lingua
774 3498 990 3580 germanica.
1038 3498 1176 3560 Messer
1204 3499 1424 3581 Hieronymo

143 3608 308 3672 Leandro
333 3627 378 3669 ne
401 3605 479 3669 fara
502 3616 682 3688 stampare
706 3615 743 3668 et
767 3605 963 3667 mandarali
987 3625 1052 3687 per
1065 3596 1178 3668 tutto.
1225 3606 1253 3667 Il
1279 3607 1337 3669 Re
1363 3607 1424 3669 s’e

142 3726 285 3797 portato
309 3716 418 3777 molto
443 3716 535 3777 bene
559 3724 595 3776 et
619 3712 717 3775 molti
733 3714 778 3775 de
796 3712 910 3794 questi
928 3712 1056 3794 grandi
1072 3712 1199 3775 dicono
1216 3715 1281 3775 che
1299 3725 1424 3794 questa

143 3843 228 3885 cosa
251 3842 289 3884 se
315 3821 463 3885 doveria
485 3822 618 3883 vedere
643 3839 721 3882 cum
746 3841 791 3882 un
817 3819 978 3899 concili0,
1004 3830 1039 3881 et
1062 3829 1153 3882 tutta
1168 3822 1202 3881 la
1219 3823 1325 3901 plebe
1344 3822 1424 3884 dice

143 3932 208 3993 che
233 3950 272 3992 se
295 3929 372 3991 fara
398 3929 492 3990 dicto
515 3927 666 3991 concilio
691 3937 726 3990 et
742 3930 808 3989 che
826 3949 896 3989 non
914 3927 1125 4008 pagharano
1143 3927 1201 4008 piri
1219 3942 1348 3990 annate
1367 3977 1373 3990 .
1391 3963 1423 3991 .-

250 4054 290 4116 In
315 4052 517 4115 Wormatia
541 4074 562 4115 a
585 4055 619 4115 di
646 4053 714 4114 VII
739 4053 783 4115 de
808 4052 1004 4114 Februario
1030 4052 1212 4116 MDXXI.
