3330 5580
600 510 898 581 ,tt-0529&

133 663 171 726 di
196 665 314 745 quella
338 663 480 726 heresia
505 673 540 726 et
563 662 758 744 pertinacia
784 666 860 728 loro
886 666 1088 730 facilmente
1120 687 1158 729 se
1189 665 1214 726 li
1238 665 1414 746 potrebbe

133 770 352 853 provedere;
382 768 515 851 perche
545 773 770 851 quantunche
795 772 847 835 sia
872 794 958 836 vero
984 777 1049 837 che
1082 774 1240 837 habbino
1264 781 1415 854 provato

135 879 160 941 li
183 876 298 941 infinti
321 876 405 940 mali
428 876 567 939 tumulti
592 888 627 938 et
650 878 822 941 sedicioni
846 882 913 943 che
936 902 981 944 ne
1005 902 1093 944 sono
1110 880 1260 962 seguite,
1285 888 1320 940 et
1336 877 1416 939 chio

135 987 244 1048 creda
268 985 334 1047 che
359 1003 512 1046 saranno
537 983 687 1064 disposti
721 1006 742 1046 a
772 988 923 1049 metterli
955 998 990 1050 et
1013 1010 1035 1051 a
1059 998 1241 1051 sostenere
1266 986 1416 1067 qualche

136 1092 263 1155 ordine
287 1102 322 1154 et
356 1090 575 1172 provisione,
609 1090 728 1155 niente
762 1092 797 1154 di
829 1115 933 1157 meno
969 1097 1003 1158 la
1032 1098 1078 1157 da
1112 1096 1259 1157 credere
1285 1093 1417 1154 Vostra

137 1196 317 1280 Signoria,
334 1200 401 1261 che
417 1208 550 1279 quanto
568 1200 601 1260 al
626 1209 718 1262 stato
743 1199 992 1264 Ecclesiastico
1017 1204 1098 1264 tutti
1130 1202 1236 1283 quelli
1262 1199 1418 1279 Principi

138 1326 226 1368 sono
250 1307 360 1368 molto
385 1305 503 1386 pronti
535 1307 580 1366 ad
614 1306 831 1386 opprimerlo
865 1319 901 1371 et
931 1309 1012 1370 torli
1044 1310 1079 1370 la
1114 1308 1218 1369 solita
1243 1308 1418 1385 libertate,

138 1423 174 1474 et
199 1422 291 1474 tutto
316 1432 380 1495 per
403 1411 510 1473 tirare
535 1413 568 1473 le
593 1432 675 1475 cose
700 1416 733 1474 al
759 1416 944 1476 commodo
969 1426 1004 1477 et
1027 1416 1090 1476 util
1116 1418 1203 1476 lore.

229 1518 334 1582 Onde
359 1517 392 1579 io
416 1537 549 1599 pense,
581 1520 646 1581 che
676 1523 786 1582 molto
818 1521 908 1584 assai
939 1521 991 1583 sia
1015 1523 1061 1584 da
1086 1521 1312 1583 considerare
1337 1521 1417 1600 quel

139 1628 209 1689 che
232 1624 392 1706 importi,
425 1645 447 1686 o
479 1645 586 1705 possa
618 1625 810 1708 importare
844 1648 1036 1710 procurare
1068 1631 1134 1691 che
1164 1648 1209 1690 ne
1243 1630 1277 1689 la
1300 1627 1419 1689 futura

140 1733 238 1795 dieta
262 1732 521 1811 intervengano
551 1731 632 1793 tutti
668 1733 690 1793 li
721 1735 853 1797 oratori
878 1737 922 1798 de
947 1736 971 1798 li
998 1736 1154 1816 Principi
1180 1745 1215 1797 et
1241 1733 1419 1796 Potentati

140 1842 187 1903 de
211 1838 412 1918 Christiani,
437 1839 471 1899 di
496 1841 562 1900 che
585 1841 762 1919 potrebbe
787 1862 852 1922 per
876 1843 951 1905 vari
976 1843 1150 1905 accidenti
1177 1853 1212 1904 et
1235 1841 1308 1904 casi
1328 1840 1421 1902 uscir

140 1951 269 2010 alcuno
305 1948 398 2009 malo
432 1945 555 2008 effetto
592 1956 627 2007 et
663 1948 890 2010 conclusione
926 1970 971 2011 ne
1002 1951 1036 2011 la
1071 1949 1155 2012 fede
1185 1947 1361 2010 catholica
1386 1956 1419 2007 et

141 2054 396 2137 specialmente
420 2073 441 2114 a
465 2054 583 2114 danno
608 2055 653 2115 de
677 2055 711 2115 la
736 2054 945 2135 superiorita
983 2055 1018 2117 di
1049 2067 1174 2137 questa
1198 2066 1300 2119 santa
1324 2055 1420 2130 sede,

142 2162 273 2244 perche
298 2160 441 2242 quando
467 2159 500 2220 in
528 2169 651 2239 questa
677 2160 782 2222 Dieta
806 2160 904 2224 fusse
930 2182 1000 2225 una
1024 2164 1073 2224 tal
1098 2183 1181 2225 cosa
1206 2160 1362 2224 stabilita
1387 2173 1420 2222 et

141 2270 299 2348 risoluta,
324 2288 395 2330 non
420 2266 449 2328 si
473 2269 650 2347 potrebbe
674 2267 733 2348 poi
758 2267 960 2331 facilmente
986 2271 1106 2332 levare
1131 2280 1167 2331 et
1190 2270 1299 2331 molto
1324 2266 1420 2347 pegi-

140 2396 204 2437 ore
237 2377 390 2438 sarebbe
424 2375 489 2436 che
514 2375 714 2454 qualunche
739 2377 830 2437 altra
854 2376 1076 2456 pragmatica
1100 2379 1165 2439 che
1190 2377 1242 2438 sin
1267 2376 1355 2436 hora
1380 2373 1421 2434 sii

141 2492 256 2546 stata:
295 2482 329 2544 la
364 2482 446 2561 qual
482 2500 566 2544 cosa
602 2480 636 2542 in
673 2483 852 2561 presentia
889 2484 933 2544 de
959 2504 1004 2545 un
1040 2484 1178 2565 legato
1209 2485 1361 2546 sarebbe
1387 2482 1420 2542 di

141 2589 308 2669 maggior
330 2588 495 2650 smaccho
521 2597 556 2650 et
574 2587 723 2669 cagione
748 2589 793 2651 de
817 2591 982 2670 maggior
1005 2612 1143 2655 scorno.
1182 2591 1226 2652 Et
1242 2590 1260 2652 ὲ
1279 2591 1324 2651 da
1339 2609 1407 2670 pen

144 2716 235 2765 sare,
260 2697 326 2758 che
351 2695 493 2776 quando
517 2695 651 2776 peggio
676 2715 746 2757 non
773 2716 817 2758 ne
842 2717 1023 2777 seguesse‚
1039 2720 1144 2760 sanza
1160 2697 1268 2760 dubio
1283 2699 1423 2759 almeno

143 2804 237 2866 circa
262 2803 284 2865 li
303 2812 415 2865 cento
439 2801 647 2883 gravamini,
673 2815 707 2863 et
732 2803 826 2865 circa
851 2802 873 2865 il
899 2805 1048 2868 concilio
1072 2806 1191 2867 futuro
1215 2806 1423 2865 vorebhono

143 2913 352 2975 risolutione
376 2922 412 2974 et
436 2912 661 2975 stabilmento
687 2914 721 2973 di
748 2916 813 2975 che
838 2913 1033 2976 moltissimi
1058 2911 1270 2974 incommodi
1294 2932 1338 2973 ne
1364 2931 1421 2992 po·

144 3023 321 3082 trebbono
345 3019 509 3081 risultare
543 3020 614 3081 alla
645 3019 739 3080 sede
772 3020 998 3101 Apostolica,
1035 3031 1070 3083 et
1102 3023 1188 3102 perd
1220 3020 1355 3081 benchl·
1390 3018 1424 3078 io

145 3128 259 3208 pensi,
284 3128 349 3189 che
374 3126 505 3188 Nostro
530 3126 694 3208 bignore,
720 3146 783 3207 per
809 3129 842 3188 la
867 3148 929 3188 soa
953 3127 1127 3208 sapientia
1153 3139 1187 3189 et
1204 3125 1425 3208 experientia

145 3254 325 3313 cognosca
348 3234 371 3295 il
397 3243 488 3295 tutto
513 3242 548 3294 et
572 3253 642 3294 non
667 3233 798 3294 habbia
824 3234 997 3296 necessit&
1023 3234 1057 3295 di
1082 3232 1254 3313 consiglio
1280 3243 1315 3293 et
1339 3254 1422 3294 mas·

145 3341 351 3403 simaniente
386 3341 444 3403 del
480 3340 550 3401 mio
584 3342 712 3402 debole
746 3361 891 3420 parere,
932 3341 1050 3403 niente
1086 3341 1121 3402 di
1169 3342 1318 3402 mancho
1354 3340 1425 3420 poi,

145 3451 212 3512 che
240 3458 311 3511 cosl
337 3449 439 3529 piace
463 3468 484 3509 a
508 3445 581 3509 Sua
606 3447 850 3524 Beatitunine,
875 3447 897 3508 il
924 3468 1029 3528 parer
1057 3447 1125 3509 mio
1155 3449 1326 3524 sarebbe,
1360 3450 1425 3508 che

145 3576 247 3618 come
283 3559 317 3616 la
359 3554 464 3616 Dieta
506 3553 542 3614 di
584 3553 656 3615 San
700 3555 844 3633 Jacomo
886 3575 905 3616 a
948 3551 1054 3635 Spita
1096 3553 1133 3615 fu
1173 3552 1352 3634 prohibita
1391 3564 1425 3614 et

146 3681 313 3743 suspesa,
356 3666 427 3723 cosl
464 3680 530 3722 con
560 3661 645 3741 ogni
676 3675 794 3722 mezzo
830 3681 849 3722 e
885 3661 941 3722 via
978 3661 1006 3722 si
1042 3660 1251 3742 prohibesse
1285 3669 1320 3721 et
1355 3680 1423 3721 sus·

146 3769 322 3851 pendesse
353 3776 499 3848 questa,
534 3776 569 3829 et
601 3788 623 3827 a
655 3778 780 3848 questo
813 3769 964 3829 sarebbe
994 3764 1139 3829 efficace
1165 3766 1254 3828 assai
1282 3767 1425 3828 voltarsi

146 3897 170 3937 a
199 3875 347 3953 Cesare,
385 3883 421 3936 et
452 3894 517 3936 con
550 3875 582 3936 le
613 3873 751 3954 regioni
786 3875 851 3935 che
882 3873 910 3954 si
942 3894 1061 3954 ponno
1090 3873 1245 3935 addurre
1274 3873 1427 3935 soaderli

147 4002 212 4064 per
254 3981 367 4044 salute
403 3991 438 4042 et
469 3979 588 4061 quiete
629 3981 673 4042 de
715 3982 750 4041 la
785 3980 1014 4062 Repubblica
1058 3981 1249 4043 christiana
1290 3981 1356 4042 che
1396 3981 1427 4041 al

147 4097 315 4171 presente
348 4108 418 4150 non
448 4086 531 4150 lassi
567 4086 643 4149 fare
672 4087 770 4148 detta
799 4087 909 4164 dieta,
939 4086 1220 4149 massimamente
1253 4087 1428 4148 toccando

149 4205 274 4278 questo
299 4205 410 4278 punto
436 4196 500 4258 che
526 4214 593 4275 per
616 4194 639 4255 li
664 4194 876 4255 incommodi
892 4196 957 4256 che
975 4213 1019 4255 ne
1037 4195 1255 4273 potrebbero
1272 4192 1428 4255 reuscire

150 4313 274 4367 contra
297 4303 332 4364 la
355 4301 437 4363 sede
461 4302 526 4362 che
551 4321 620 4363 non
645 4301 663 4363 ὲ
688 4302 735 4362 da
758 4300 849 4362 farla
872 4319 978 4362 senza
1003 4301 1037 4361 la
1060 4319 1233 4381 presenza
1248 4298 1284 4360 di
1301 4296 1336 4361 S.
1352 4298 1428 4361 Mffi.

149 4409 194 4473 Et
224 4410 366 4490 quando
397 4428 463 4489 pur
495 4428 560 4489 per
588 4407 762 4470 necessita
787 4408 830 4470 de
866 4410 900 4470 le
924 4427 1006 4470 cose
1039 4408 1084 4468 de
1116 4405 1301 4487 germania
1333 4404 1429 4468 fusse

150 4515 351 4580 necessario
375 4515 451 4577 fare
476 4515 574 4577 detta
598 4515 702 4595 dieta,
728 4515 1018 4596 precipuamente
1042 4533 1107 4595 per
1138 4512 1162 4574 il
1199 4513 1367 4592 dissegno
1391 4533 1430 4574 sa

153 4624 194 4687 V.
220 4622 256 4686 S.
280 4625 399 4685 hanno
423 4623 468 4684 de
493 4624 528 4684 lo
551 4620 697 4701 infante,
721 4623 874 4684 sarebbe
898 4622 944 4683 da
968 4619 1174 4702 ingegnarsi
1196 4620 1262 4681 che
1279 4619 1429 4681 andasse

152 4730 209 4814 pin
235 4728 373 4793 innanzi
397 4731 463 4792 che
487 4727 585 4792 fusse
608 4728 789 4811 possibile,
813 4728 944 4809 perche
979 4728 998 4789 'l
1023 4737 1143 4807 tempo
1177 4746 1317 4807 sempre
1353 4726 1429 4787 suol

70 4872 73 4877 ·
151 4839 326 4921 partorire
352 4858 434 4901 cose
459 4857 574 4900 nuove
599 4847 635 4899 et
663 4846 807 4919 portare
838 4835 935 4898 molti
960 4832 1097 4897 rimedii
1127 4843 1163 4894 et
1193 4834 1287 4895 lume
1316 4842 1351 4893 et
1381 4831 1429 4892 in·

177 4964 259 5015 nunu,
271 4964 414 5003 nocumenta
424 4964 562 5003 bulherum.
786 4986 800 5019 0
1235 4954 1271 5019 34
