3330 5580
714 471 941 527 »omer«

188 635 317 677 errare.
365 615 432 677 Hic
465 616 599 696 cogitet
637 617 891 680 illustrissimus
916 619 1017 698 Dux,
1049 619 1116 680 iam
1146 627 1200 681 tot
1232 619 1403 699 saeculiS,
1435 620 1471 682 in

187 721 313 803 quibus
338 733 408 784 tam
433 724 542 786 multa
567 736 602 786 et
626 725 716 787 adeo
741 727 928 807 praeclara
951 725 1095 807 ingenia
1120 725 1326 807 floruerunt,
1354 748 1472 810 neque

187 828 377 892 defuerunt
408 831 524 893 multis
558 831 664 894 animi
698 833 743 895 ad
776 832 1031 915 insurgendum
1065 843 1190 896 contra
1223 833 1472 916 Apostolicam

188 935 334 1015 Sedem,
375 948 410 999 et
443 938 670 1020 rejiciendum
703 940 823 1022 iugum
856 939 1083 1003 obedientiae
1115 940 1325 1022 spiritualis,
1365 962 1472 1023 quam

187 1044 362 1107 Romanis
387 1045 619 1109 Pontificibus
649 1047 914 1128 praestiterunt.
963 1047 1106 1129 Cogitet
1137 1046 1306 1133 (inquam)
1333 1058 1369 1111 et
1392 1068 1471 1130 per·

188 1152 339 1232 pendat,
373 1172 418 1213 an
443 1153 488 1215 sit
511 1153 702 1217 verisimile
727 1175 850 1217 omnes
875 1175 1013 1217 errasse
1037 1162 1073 1216 et
1097 1163 1196 1217 tanto
1222 1164 1385 1236 tempore
1409 1155 1470 1218 Ec·

187 1259 330 1321 clesiam
356 1281 377 1322 a
401 1257 535 1341 Spiritu
560 1259 693 1324 Sancto
717 1261 826 1324 fuisse
851 1262 1066 1340 destitutam,
1092 1274 1127 1323 et
1150 1261 1343 1325 Martinum
1368 1264 1471 1325 duos-

187 1386 256 1448 que
281 1377 341 1428 aut
365 1375 437 1428 tres
462 1367 537 1429 eius
561 1368 754 1451 complices
778 1370 873 1431 solos
897 1380 994 1430 recte
1014 1369 1156 1434 sentire.
1193 1368 1359 1450 Quinimo
1376 1371 1472 1433 dicat

188 1473 305 1553 potius
337 1475 409 1536 dux
441 1494 519 1536 cum
544 1475 658 1537 Beato
683 1475 863 1559 Cypriane
895 1495 1029 1557 paucos
1052 1477 1140 1539 istos
1164 1480 1209 1539 ab
1233 1476 1397 1540 Ecclesia
1420 1498 1470 1540 re·

188 1581 337 1643 cessisse
363 1591 398 1643 et
421 1581 550 1645 fecisse
573 1583 735 1662 schisma,
761 1603 831 1646 non
856 1593 974 1645 autem
999 1603 1064 1645 nos
1088 1585 1134 1645 ab
1152 1583 1235 1645 illis:
1269 1583 1314 1645 Et
1331 1593 1471 1665 repetat

189 1690 254 1750 sub
279 1688 362 1751 inde
386 1709 505 1751 secum
529 1689 616 1752 illud
641 1689 714 1752 divi
738 1690 967 1771 Hieronymi:
1004 1690 1097 1771 Quid
1123 1690 1226 1753 nobis
1241 1710 1372 1753 novam
1389 1692 1470 1754 doc·

189 1795 315 1858 trinam
346 1795 474 1860 affers?
507 1807 590 1860 ante
623 1808 677 1861 tot
707 1800 850 1860 saecula
882 1799 1017 1879 absque
1048 1806 1109 1859 tua
1132 1797 1296 1860 doctrina
1320 1799 1471 1860 mundus

188 1902 254 1964 fuit
279 1903 513 1977 Christianus;
537 1904 633 1968 illam
659 1925 769 1968 senex
795 1907 926 1967 tenebo
951 1904 1072 1985 fidem,
1098 1905 1133 1966 in
1158 1925 1229 1987 qua
1254 1925 1345 1985 puer
1370 1916 1471 1968 natus

188 2031 274 2072 sum.
321 2010 524 2075 Meminerit
554 2012 660 2075 etiam
684 2012 777 2075 illius
801 2011 981 2075 horribilis
1005 2011 1090 2075 dicti
1114 2011 1188 2074 divi
1212 2010 1324 2093 patris
1350 2011 1470 2094 Augu-

189 2117 271 2181 stini
295 2117 330 2181 in
356 2118 447 2181 libro
472 2120 517 2183 de
540 2118 611 2182 fide
636 2120 834 2183 Catholica:
858 2118 1057 2182 firmissime
1085 2128 1185 2199 tene,
1211 2128 1247 2181 et
1270 2119 1472 2181 nullatenus

189 2225 330 2288 dubites
361 2246 500 2289 omnem
534 2227 751 2290 haereticum
781 2229 839 2290 vol
871 2225 1133 2290 schismaticum
1163 2245 1241 2288 cum
1266 2225 1411 2289 diabolo
1437 2235 1472 2288 et

188 2333 326 2414 angelis
357 2334 432 2397 eius
464 2335 599 2398 aeterni
630 2334 723 2416 ignis
757 2334 922 2397 incendio
956 2332 1257 2415 participandum;
1293 2333 1358 2395 nisi
1388 2343 1470 2396 ante

188 2441 293 2503 finem
325 2440 420 2504 vitae
445 2441 627 2504 Catholice
658 2441 764 2504 fuerit
787 2441 1035 2522 incorporatus
1061 2449 1096 2503 et
1119 2440 1384 2522 redintegratus
1408 2440 1471 2503 Ec-

189 2549 329 2611 clesiae.
377 2548 422 2611 Et
452 2548 486 2612 in
512 2550 638 2612 eodem
670 2550 782 2612 libro:
831 2547 935 2612 Omni
959 2547 1092 2610 homini
1117 2548 1177 2628 qui
1199 2548 1382 2611 Ecclesiae
1408 2548 1471 2611 Ca-

189 2656 343 2718 tholicae
369 2676 439 2718 non
465 2665 563 2720 tenet
581 2656 762 2734 unitatem,
787 2677 903 2737 neque
920 2655 1116 2736 baptismus
1133 2676 1248 2737 neque
1266 2658 1473 2738 elemosyna

189 2763 369 2843 quaelibet
397 2763 552 2844 copiosa,
590 2784 703 2845 neque
737 2784 831 2826 mors
866 2784 932 2844 pro
968 2763 1109 2825 nomine
1144 2763 1272 2825 Christi
1305 2773 1473 2844 suscepta

191 2869 365 2951 proficere
390 2871 521 2951 poterit
545 2873 590 2933 ad
615 2873 774 2934 salutem.
822 2871 890 2932 Hic
917 2870 1119 2932 consideret
1144 2871 1244 2949 Dux,
1278 2891 1323 2932 an
1355 2889 1472 2952 neque

190 2998 298 3058 nunc,
335 2998 449 3058 neque
474 2978 543 3040 iam
569 2978 661 3041 mille
686 2978 788 3040 annis
811 2976 973 3040 Ecclesia
999 2977 1182 3039 Catholica
1206 2976 1370 3040 fueritin
1396 2986 1472 3040 toto

190 3088 293 3167 orbe,
319 3097 353 3146 et
379 3107 431 3164 ea,
456 3085 656 3148 novissimis
680 3085 901 3167 temporibus
925 3084 960 3146 in
986 3086 1062 3147 solo
1087 3083 1242 3146 Martino
1267 3084 1312 3147 sit
1336 3095 1471 3147 renata.

190 3193 221 3257 Ο
246 3193 393 3255 miseros
417 3193 524 3275 igitur
549 3213 613 3256 nos
637 3194 736 3273 alios,
770 3193 916 3255 miseros
941 3203 1062 3274 patres
1086 3200 1122 3254 et
1146 3192 1296 3273 majores
1320 3201 1471 3273 nostros,

190 3300 337 3362 miseros
361 3301 515 3382 denique
539 3321 678 3380 omnes,
713 3301 772 3381 qui
796 3310 878 3382 post
902 3299 1117 3380 quingentos
1142 3319 1253 3362 annos
1278 3298 1350 3360 nati
1376 3309 1471 3361 sunt:

188 3408 216 3470 si
241 3409 337 3471 nulla
361 3408 502 3470 interim
527 3407 709 3472 Catholica
736 3408 896 3470 Ecclesia
928 3407 1006 3480 fuit3
1040 3406 1125 3488 quin
1158 3407 1277 3486 potius
1311 3405 1471 3469 dicamus

189 3514 298 3577 fuisse
323 3536 464 3596 semper
484 3516 688 3578 Ecclesiam.
729 3515 888 3578 Christus
914 3513 1005 3577 enim
1031 3512 1156 3593 oravit,
1182 3534 1226 3576 ne
1251 3533 1294 3575 ea
1318 3533 1472 3595 unquam

191 3620 372 3684 deficeret:
406 3623 468 3684 sed
500 3622 569 3684 iarn
600 3623 789 3685 advenisse
820 3621 1030 3684 novissimos
1059 3620 1134 3684 dies
1158 3620 1194 3683 in
1219 3620 1347 3702 quibus
1371 3640 1472 3702 prae·

191 3729 320 3792 dictum
353 3740 407 3792 est
433 3740 637 3810 venturum,
671 3751 740 3792 non
766 3730 826 3811 qui
851 3750 929 3791 eam
954 3728 1111 3810 corrigat
1135 3729 1241 3810 (quod
1267 3729 1473 3809 Lutherani,

190 3835 333 3899 Martini
367 3858 477 3919 opera
508 3849 543 3899 et
573 3837 699 3918 spiritu
729 3836 813 3899 novi
837 3836 998 3899 Danielis
1022 3835 1232 3918 praedicant
1256 3833 1473 3919 faciendum)

191 3945 253 4006 sed
279 3944 337 4025 qui
363 3966 440 4007 earn
465 3946 510 4006 ad
534 3944 674 4025 aliquod
702 3954 841 4025 tempus
861 3943 1007 4020 dividat,
1033 3954 1068 4005 et
1085 3945 1282 4011 subvertat:
1308 3942 1472 4005 antichri-

191 4061 265 4113 stus
289 4052 419 4133 utique,
445 4052 503 4133 qui
529 4054 644 4114 nullus
668 4052 758 4114 alius
782 4051 923 4113 videtur
947 4051 1034 4129 fore,
1061 4070 1166 4130 quam
1189 4049 1373 4112 Martinus

280 4159 360 4222 Non
385 4180 532 4222 necesse
557 4169 610 4222 est
635 4179 773 4222 errores
797 4157 900 4220 huius
924 4157 1075 4219 hominis
1106 4176 1378 4235 connumerare,
1413 4157 1473 4239 qui

191 4270 300 4332 multo
331 4267 471 4349 plurimi
501 4275 537 4329 et
566 4267 707 4330 maximi
739 4275 833 4327 sunt:
869 4265 1059 4345 dicantque
1092 4264 1262 4328 Oratores
1294 4283 1362 4325 non
1395 4285 1473 4327 eam

192 4379 239 4438 ob
270 4396 411 4437 causam
440 4396 478 4437 se
502 4375 602 4454 illuc,
636 4396 657 4436 a
689 4374 820 4437 Cesare
855 4372 995 4453 missOS,
1030 4381 1067 4434 ut
1092 4371 1237 4434 liutheri
1267 4382 1384 4434 errata
1416 4372 1474 4433 vel

193 4492 438 4564 percenseant,
464 4485 521 4544 vel
545 4481 742 4544 confutent:
778 4500 883 4561 quum
909 4480 1014 4542 etiam
1040 4478 1149 4540 libros
1173 4478 1293 4559 ipsius,
1320 4498 1351 4556 a,
1377 4474 1473 4541 Sede

194 4589 403 4672 Apostolica
427 4591 613 4652 damnatos
637 4591 760 4671 legere
784 4598 845 4649 aut
869 4597 1018 4668 tangere
1043 4586 1144 4647 nefas
1162 4585 1215 4647 sit.
1254 4583 1327 4647 Sed
1343 4583 1475 4647 iudicet

194 4697 452 4759 illustrissimus
476 4697 559 4758 Dux
584 4698 689 4778 quale
713 4695 757 4758 sit
782 4695 878 4774 illud,
904 4693 1140 4756 combussisse
1165 4693 1311 4754 decreta
1329 4692 1474 4754 Patrum

194 4815 230 4868 et
253 4815 306 4866 tot
329 4816 530 4867 sanctorum
548 4804 657 4867 libros
675 4813 727 4866 tot
743 4801 893 4865 saeculis
909 4803 1139 4884 approbatos,
1164 4800 1352 4862 damnasse
1368 4798 1474 4862 etiam
1530 4882 1532 4886 Ι
