3330 5580
708 470 955 527 *43155θῶ

185 615 369 675 mentum?
415 612 503 693 Quis
528 612 619 675 enim
644 633 714 675 non
740 613 910 695 suspiciat
933 634 975 675 ac
1000 614 1146 675 miretur
1169 613 1302 695 scripta
1324 634 1474 696 quorum

186 730 371 782 auctorem
403 719 567 782 Summus
599 717 777 782 Sacerdos
812 720 1027 803 reprehendi
1055 720 1301 801 prohibuerit?
1349 721 1474 803 Neque

189 837 291 909 putet
315 827 405 889 ΚΜ*
429 827 491 888 D¹¹⁸
515 846 614 888 meus
638 826 805 888 Datarius
829 828 887 888 vel
912 825 1117 888 Dominatio
1142 826 1185 889 V.
1216 848 1271 889 me
1295 829 1364 890 hoc
1389 827 1474 891 odio

188 932 327 995 Erasini
357 932 513 1003 dixisse;
545 952 649 1014 quem
673 952 814 1014 semper
839 932 900 1014 (ita
933 953 988 995 me
1013 933 1111 994 Deus
1135 931 1243 1018 amet)
1278 935 1473 998 admiratus

190 1060 264 1101 sum
291 1048 430 1101 etcum
455 1059 524 1119 quo
550 1039 633 1100 mihi
660 1059 730 1101 non
757 1038 915 1119 vulgaris
948 1038 1102 1101 amicitia
1134 1039 1260 1102 litteris
1290 1052 1474 1104 contracta

190 1144 393 1208 intercessit
416 1155 453 1207 et
477 1165 587 1225 usque
611 1146 718 1208 hodie
742 1144 939 1225 intercedit,
964 1146 1027 1207 sed
1053 1167 1096 1208 ex
1122 1148 1197 1208 zelo
1223 1167 1263 1209 ac
1281 1148 1473 1212 devotione

190 1252 318 1334 quibus
342 1252 573 1335 Religionem
597 1252 764 1315 Nostram
789 1263 824 1316 et
848 1251 979 1315 Sedem
1005 1253 1251 1334 Apostolicam
1272 1252 1473 1337 Christique

191 1358 373 1422 Vicarium
397 1359 432 1422 in
457 1381 500 1423 ea
524 1362 706 1423 sedentem
732 1382 773 1423 ac
799 1361 874 1423 eius
898 1361 1068 1423 honorem
1098 1381 1305 1442 prosequor.
1365 1362 1473 1426 Novit

190 1465 287 1529 Deus
311 1467 371 1546 qui
395 1477 571 1529 scrutator
595 1479 650 1529 est
673 1467 831 1528 cordium
857 1488 911 1529 me
930 1466 1164 1552 (quantumin
1183 1488 1238 1529 me
1255 1466 1323 1552 est)
1338 1489 1473 1533 summe

191 1572 396 1636 desiderare
420 1584 458 1635 ut
482 1573 599 1637 omnia
624 1574 803 1636 Erasmica
827 1575 911 1636 talia
935 1584 1072 1654 essent,
1111 1594 1203 1655 quae
1241 1574 1316 1638 sine
1346 1596 1472 1659 excep-

193 1679 288 1743 tione
313 1681 461 1743 laudare
486 1694 522 1743 et
545 1682 590 1743 ad
615 1683 746 1763 sydera
770 1682 944 1744 extollere
959 1701 1122 1762 possem:
1149 1683 1211 1744 sed
1228 1683 1340 1765 magis
1357 1684 1472 1747 debeo

192 1787 342 1870 diligere
373 1788 558 1851 veritatem
588 1800 624 1851 et
651 1788 735 1850 fidei
766 1788 1007 1870 integritatem
1036 1810 1077 1851 ac
1110 1787 1168 1850 S¹¹¹¹
1201 1789 1244 1852 D.
1281 1789 1334 1868 N,
1367 1791 1473 1854 etiam

192 1894 356 1976 privatim
381 1898 474 1958 bene
499 1896 544 1957 de
570 1916 625 1957 me
649 1895 782 1975 meriti,
817 1898 988 1957 honorem
1019 1916 1120 1976 quam
1157 1897 1264 1958 ullum
1295 1897 1472 1961 hominem

192 2007 370 2066 viventem
394 2001 516 2065 eiusve
541 2002 711 2064 honorem
737 2000 874 2064 etiamsi
898 2021 1020 2064 carere
1044 2013 1148 2083 patre
1173 2015 1278 2082 esset,
1304 2024 1368 2065 nec
1400 2025 1471 2067 cre·

191 2110 312 2172 derem
336 2129 391 2171 me
415 2108 518 2190 fungi
543 2108 662 2171 officio
687 2108 771 2171 boni
803 2108 993 2171 Christiani
1025 2111 1154 2171 nedum
1180 2109 1265 2172 boni
1289 2109 1472 2174 familiaris

191 2226 226 2279 et
249 2215 413 2279 officialis
438 2217 533 2279 Suae
558 2213 766 2278 Sanctitatis
791 2216 856 2278 nisi
881 2217 976 2278 illam
1002 2217 1230 2279 admonerem
1256 2219 1300 2279 de
1322 2216 1364 2279 iis
1380 2239 1472 2300 quae

190 2335 377 2405 tantopere
388 2323 502 2386 sentio
510 2322 682 2385 interesse
692 2344 755 2385 sua
766 2334 802 2383 ut
810 2343 853 2385 ea
862 2322 964 2400 norit,
976 2324 1128 2385 maxime
1139 2345 1216 2386 curn
1227 2324 1352 2387 eadem
1362 2323 1468 2388 Sanc·

192 2430 274 2493 titas
290 2429 373 2492 mihi
390 2429 677 2493 benedictionem
693 2450 792 2492 suam
809 2431 874 2490 sub
889 2450 1003 2492 meum
1020 2430 1213 2493 discessum
1236 2432 1397 2512 poscenti
1414 2453 1470 2495 ex·

191 2558 313 2619 presse
337 2537 530 2599 iniunxerit
553 2547 592 2599 ut
607 2557 645 2598 se
662 2538 707 2600 de
724 2536 766 2598 iis
791 2536 1131 2600 commonefacerem
1157 2558 1248 2619 quae
1273 2537 1306 2599 in
1324 2538 1378 2600 his
1395 2559 1471 2620 par·

191 2644 284 2707 tibus
308 2645 354 2706 ad
378 2643 462 2706 fidei
486 2644 726 2724 integritatem
753 2653 788 2705 et
813 2645 981 2704 honorem
1008 2664 1107 2705 suum
1132 2645 1390 2726 haeresumque
1415 2667 1472 2708 ex·

191 2751 417 2833 tirpationem
440 2750 622 2833 pertinere
647 2771 841 2813 censerem.
888 2749 972 2810 Dixi
997 2750 1116 2832 itaque
1141 2770 1210 2832 ego
1236 2773 1348 2814 meam
1366 2772 1473 2834 super

191 2858 341 2940 negocio
366 2857 600 2939 impositionis
624 2857 755 2919 silentii
781 2856 1006 2927 sententiam;
1033 2857 1111 2918 S¹¹¹¹¹⁸
1137 2858 1180 2919 Ι).
1206 2857 1248 2920 N.
1264 2859 1472 2940 providebit

190 2963 283 3026 circa
307 2967 374 3027 hoc
400 2973 505 3046 prout
529 2964 596 3026 sibi
621 2964 810 3026 videbitur.
858 2962 1143 3025 Dominationem
1172 2977 1292 3026 autem
1316 2979 1471 3029 vestram

192 3092 254 3134 oro
279 3085 315 3134 et
340 3075 511 3151 obtestor,
536 3081 571 3133 et
595 3081 764 3152 quantum
790 3091 933 3151 possum
965 3070 1089 3132 adiuro
1121 3081 1157 3132 ut
1186 3092 1290 3134 nemo
1326 3085 1471 3153 praeter

191 3199 267 3240 eam
293 3189 327 3241 et
352 3178 470 3241 SSM
495 3180 538 3242 D.
565 3178 605 3241 N.
631 3199 672 3241 ac
697 3179 844 3240 Rev¹¹¹¹¹¹¹¹
869 3179 912 3240 D.
938 3199 1051 3241 meum
1078 3178 1261 3241 Datarium
1276 3190 1471 3262 cognoscat

191 3306 245 3347 me
269 3288 358 3349 haec
384 3287 429 3348 de
453 3286 600 3347 Erasmo
625 3284 830 3365 scripsisse,
862 3305 906 3346 ne
941 3305 1006 3365 pro
1035 3284 1154 3347 officio
1190 3284 1370 3348 fidelitatis
1403 3289 1469 3350 hoc

191 3412 388 3475 consequar
413 3405 449 3453 ut
474 3394 520 3454 ab
552 3392 630 3474 ipso
667 3392 814 3454 Erasmo
850 3392 994 3472 publice
1027 3393 1210 3454 traductus
1243 3393 1307 3456 toti
1341 3397 1471 3457 mundo

190 3499 271 3579 (illis
296 3500 375 3561 dico
400 3500 459 3581 qui
484 3499 600 3561 omnia
624 3499 805 3561 Erasmica
829 3498 950 3561 divina
975 3519 1052 3561 esse
1084 3499 1312 3578 arbitrantur)
1348 3500 1470 3565 fabula

192 3607 280 3670 fiam.
328 3605 431 3687 Quod
457 3618 573 3668 tamen
601 3606 660 3668 ubi
677 3606 760 3669 fidei
775 3608 948 3688 prodesse
963 3615 1085 3687 posset
1101 3605 1242 3668 minime
1258 3627 1469 3673 recusarem.

190 3714 261 3777 Sed
288 3714 347 3775 illo
374 3726 536 3776 cessante
561 3713 702 3775 incivile
727 3726 821 3775 esset
846 3723 881 3775 et
905 3734 926 3774 a
952 3714 993 3775 D.
1020 3712 1129 3775 Blosii
1149 3713 1294 3792 ingenio
1318 3715 1470 3779 alienum

190 3843 231 3883 ea
264 3822 296 3882 in
324 3824 451 3902 vulgus
475 3821 637 3902 proferre
663 3822 718 3881 vel
745 3819 878 3902 profari
903 3820 1021 3881 sinere
1054 3840 1145 3900 quae
1170 3839 1239 3901 ego
1264 3822 1329 3883 sub
1353 3822 1470 3904 sigillo

190 3929 316 3990 secreti
342 3931 497 3990 tenenda
521 3927 650 4005 scribe,
675 3927 805 4008 alioqui
823 3926 936 4008 digito
953 3928 1085 3989 labella
1100 3947 1178 3989 mea
1194 3946 1470 4007 compressurus.

190 4037 233 4099 Et
258 4037 344 4098 sciat
372 4037 417 4097 D⁰
451 4035 493 4097 V¹
524 4055 579 4096 me
612 4044 804 4116 propterea
835 4034 923 4095 haec
960 4053 1147 4115 peream,
1182 4045 1217 4096 et
1241 4054 1312 4095 non
1338 4054 1402 4115 per
1428 4036 1469 4097 D.

191 4146 375 4207 Albertum
404 4143 577 4224 Pighium,
602 4140 684 4203 mihi
710 4140 867 4221 alioquin
892 4139 1121 4222 singulariter
1137 4142 1286 4202 amicum
1302 4150 1338 4202 et
1353 4161 1467 4204 secre-

189 4264 302 4314 torum
328 4270 484 4311 meorum
509 4247 690 4310 conscium
722 4257 1061 4328 procuratoremque
1094 4247 1221 4308 isthinc
1253 4267 1385 4326 meum,
1410 4268 1468 4309 vo-

189 4360 294 4420 luisse
323 4360 383 4418 D¹¹⁰
418 4377 495 4418 meo
531 4354 679 4418 Datario
711 4353 897 4421 insinuari:
935 4354 1030 4434 quod
1063 4353 1169 4416 sciam
1201 4353 1315 4434 ipsum
1340 4354 1382 4415 D.
1410 4355 1468 4416 Al·

188 4469 326 4528 bertum
352 4486 397 4526 ex
422 4466 532 4526 multo
557 4474 717 4544 tempore
743 4480 813 4521 non
837 4461 982 4522 multum
1012 4461 1163 4542 diligere
1188 4460 1469 4539 Egmondanuni,

188 4593 303 4653 nequi.¹
328 4573 516 4634 admodum
542 4573 633 4632 bene
658 4569 703 4631 de
736 4587 779 4629 eo
813 4567 944 4629 sentire
976 4580 1124 4649 propter
1156 4588 1224 4628 non
1258 4568 1352 4629 nulla
1385 4568 1466 4629 mihi

188 4690 272 4742 nota
297 4701 388 4760 quae
414 4699 481 4740 non
508 4690 562 4739 est
585 4677 689 4738 huius
713 4674 780 4737 loci
806 4674 998 4755 explicare.
1047 4675 1164 4754 Quare
1190 4672 1285 4734 timui
1311 4694 1406 4749 eum,
1433 4674 1466 4736 in

187 4788 264 4849 aliis
289 4787 371 4848 mihi
398 4786 647 4855 fidelissimum.
674 4784 707 4845 in
734 4786 800 4845 hoc
827 4802 896 4843 uno
921 4803 990 4844 non
1017 4781 1103 4843 satis
1127 4780 1265 4841 fidelem
1302 4780 1379 4843 sore
1411 4784 1467 4844 vel
