3330 5580
703 455 950 514 0-<3428ffl

187 618 333 661 nessero
364 620 386 662 a
414 601 538 663 ordine
570 602 735 665 accioche
772 604 975 668 dimandate
1007 607 1052 669 da
1080 627 1135 670 me
1168 627 1223 669 me
1255 627 1301 670 ne
1334 605 1476 690 potessi

188 707 333 787 servire,
358 717 393 769 et
416 707 516 771 finita
541 721 666 792 questa
695 731 779 773 cosa
803 712 848 774 de
872 712 1020 775 Boemia
1054 713 1089 776 io
1122 714 1342 795 dissegnavo
1377 735 1473 778 man·

188 816 253 875 dar
277 835 298 876 a
322 814 513 879 chiederle.

279 923 333 983 De
357 922 533 1003 Inspruck
561 935 616 986 tra
652 926 685 986 le
718 926 807 988 altre
837 946 919 989 cose
948 926 1002 989 ch'
1021 926 1055 990 io
1090 927 1238 990 intendo
1267 926 1303 988 di
1340 930 1411 991 che
1445 928 1474 990 si

189 1030 392 1091 lamentano
418 1029 454 1091 di
478 1030 520 1093 N.
546 1029 582 1093 S.
608 1031 626 1093 ὲ
652 1033 717 1094 che
742 1032 870 1096 dicono
896 1033 932 1097 S.
958 1031 1011 1096 Sa
1034 1036 1167 1096 havere
1191 1045 1387 1116 procur-ato
1413 1055 1473 1116 ap·

189 1155 313 1216 presso
338 1134 362 1196 il
387 1133 492 1198 serm
507 1157 545 1199 re
570 1137 603 1198 d'
625 1137 760 1220 Anglia
784 1142 849 1202 che
872 1141 894 1203 'l
918 1160 989 1202 non
1014 1140 1072 1202 dia
1096 1140 1192 1203 aiuto
1223 1162 1244 1202 a
1268 1141 1405 1205 Cesare
1438 1140 1474 1203 in

191 1253 314 1322 questa
338 1244 493 1325 impresa
527 1246 571 1306 de
604 1244 707 1307 Italia
736 1256 772 1309 et
804 1248 868 1309 che
902 1248 948 1310 ha
978 1247 1148 1328 impedito
1182 1250 1248 1310 che
1277 1248 1476 1311 Venetiani

189 1370 259 1412 non
285 1350 313 1413 si
338 1371 426 1413 sono
443 1351 626 1433 congionti
642 1373 708 1415 con
725 1353 750 1415 li
767 1352 921 1434 Cesarei,
938 1355 982 1417 ne
998 1356 1118 1417 hanno
1134 1364 1319 1418 osservato
1336 1364 1475 1436 quanto

190 1478 297 1520 erano
330 1458 481 1540 obligati
505 1479 551 1521 ex
584 1458 725 1531 federe;
757 1459 886 1524 dicono
910 1462 1045 1524 ancho'r
1068 1463 1134 1524 che
1155 1462 1200 1525 da
1215 1461 1335 1524 Roma
1349 1463 1475 1525 hanno

191 1564 289 1626 aviso
315 1567 381 1627 che
404 1565 446 1628 N.
472 1565 508 1629 S.
534 1565 563 1628 si
587 1567 604 1628 ὁ
630 1568 755 1648 gionto
780 1588 845 1629 con
879 1567 1017 1630 Franza
1045 1566 1178 1650 perche
1203 1568 1334 1631 Cesare
1369 1576 1408 1630 et
1440 1570 1474 1631 el

191 1671 358 1753 Principe
387 1693 457 1735 non
483 1675 601 1736 hanno
635 1675 794 1756 extincta
826 1676 859 1735 la
895 1683 993 1736 secta
1025 1674 1212 1736 lutherana
1242 1676 1285 1737 ne
1317 1674 1417 1738 facto
1448 1674 1472 1737 il

191 1778 312 1840 debito
338 1800 402 1860 per
426 1781 652 1862 extinguerla
676 1790 712 1842 et
736 1783 800 1843 che
827 1782 873 1843 da
903 1779 927 1841 li
950 1781 1072 1862 agenti
1103 1781 1179 1843 suoi
1210 1782 1245 1845 in
1278 1780 1475 1844 Germania

191 1883 232 1947 S..
263 1884 313 1947 gn
354 1886 398 1948 de
437 1887 492 1949 cio
530 1908 574 1950 ne
615 1888 635 1950 e
673 1897 766 1951 stata
804 1888 960 1970 avisata,
998 1888 1215 1969 incolpando
1251 1909 1307 1951 me
1343 1888 1471 1970 princi·

191 1994 370 2073 palmente
406 1993 440 2055 di
475 2003 600 2075 questo
636 2006 671 2058 et
705 1997 818 2057 anche
853 1995 984 2075 perche
1019 2003 1133 2057 temea
1165 1996 1210 2057 de
1243 1996 1277 2058 le
1300 1994 1472 2057 reforma·

191 2099 287 2161 tione
312 2109 348 2162 et
371 2101 416 2163 de
441 2103 475 2162 la
499 2102 679 2183 grandeza
704 2102 739 2163 di
760 2101 892 2164 Cesare
916 2111 952 2164 et
975 2103 1065 2163 altre
1089 2100 1179 2163 simil
1205 2101 1297 2182 baie,
1321 2102 1356 2163 le
1378 2101 1474 2183 quali

192 2209 419 2287 quantunche
447 2207 546 2271 sieno
580 2208 686 2288 false,
720 2228 787 2291 pur
817 2209 864 2270 ho
889 2209 1010 2270 voluto
1042 2208 1222 2271 scriverne
1251 2228 1323 2271 una
1348 2211 1476 2289 parola

192 2316 322 2396 perche
355 2336 392 2377 se
424 2316 571 2378 intenda
603 2318 685 2398 quel
717 2317 781 2377 che
811 2335 929 2377 vanno
954 2315 1199 2378 freneticando
1224 2314 1338 2397 questi
1363 2334 1473 2395 popu·

192 2421 291 2501 lazzi,
333 2431 368 2483 et
403 2423 643 2485 ultimamente
676 2423 804 2485 dicono
843 2424 908 2484 che
944 2421 1133 2484 Venetiani
1168 2423 1287 2485 hanno
1321 2422 1474 2503 rispetto

193 2530 239 2590 ad
256 2528 364 2592 unirsi
390 2549 457 2592 con
482 2531 558 2592 loro
583 2550 648 2611 per
670 2551 717 2592 un
740 2532 851 2592 breve
882 2529 918 2591 di
941 2528 984 2590 N.
1009 2526 1045 2593 S.
1076 2530 1141 2591 che
1173 2528 1197 2590 li
1225 2529 1271 2591 da
1299 2549 1475 2610 speranza

193 2637 258 2698 che
283 2637 317 2698 la
341 2656 430 2718 pace
455 2657 517 2700 seu
541 2647 669 2718 tregua
692 2636 734 2698 sii
757 2656 822 2717 per
846 2635 1012 2698 condursi
1042 2645 1077 2697 et
1107 2637 1173 2698 che
1204 2637 1281 2698 loro
1310 2656 1382 2699 non
1415 2656 1474 2699 vo·

193 2743 314 2823 gliono
339 2743 511 2825 impedire
535 2764 580 2805 un
607 2753 705 2806 tanto
731 2746 831 2806 bene.

284 2850 358 2913 Con
384 2862 509 2933 questa
542 2850 585 2912 V.
611 2848 647 2912 S.
678 2850 811 2912 havera
844 2870 914 2912 una
939 2849 1007 2912 mia
1035 2851 1164 2911 lettera
1186 2870 1208 2911 a
1231 2848 1274 2912 N.
1299 2846 1336 2910 S.
1362 2849 1397 2910 in
1424 2848 1474 2911 fa·

195 2978 279 3019 vore
305 2967 340 3020 et
370 2957 742 3021 raccommandatione
773 2959 817 3018 de
848 2956 1170 3038 l'Archiepiscopo
1205 2957 1420 3034 Bremense‚
1452 2957 1476 3018 il

195 3067 299 3147 quale
323 3068 369 3128 ha
392 3066 560 3129 mandato
586 3069 642 3148 qul
668 3086 689 3128 a
712 3085 768 3127 me
792 3064 816 3126 il
841 3085 904 3126 suo
930 3065 1066 3127 decano
1092 3085 1111 3125 a
1136 3062 1315 3145 pregarmi
1340 3061 1375 3124 di
1392 3081 1477 3143 que·

196 3184 251 3235 sto
275 3172 396 3235 uificio
421 3193 487 3235 con
512 3194 576 3235 sua
600 3171 651 3235 gn
677 3172 898 3254 deplorando
923 3168 1021 3232 molti
1046 3170 1122 3232 suoi
1145 3168 1368 3233 incommodi.
1418 3168 1478 3233 Gli

195 3280 241 3341 ho
267 3282 351 3343 data
375 3282 409 3343 la
433 3280 613 3361 duplicata
638 3280 674 3341 di
698 3289 823 3361 questa
848 3279 980 3356 littera,
1006 3278 1039 3339 la
1064 3280 1167 3359 quale
1192 3276 1294 3339 stimo
1319 3277 1385 3338 che
1410 3297 1478 3358 per

194 3389 300 3450 homo
324 3387 470 3469 proprio
495 3388 645 3451 faranno
677 3389 762 3450 dare
794 3409 814 3448 a
846 3384 881 3448 S.
916 3386 1010 3455 Bne:
1045 3385 1202 3465 potendo
1232 3381 1306 3446 Sua
1334 3380 1479 3447 Santita

194 3495 346 3559 alutarlo
381 3504 416 3557 et
447 3497 637 3558 sollevarlo
669 3495 704 3557 di
738 3495 887 3576 qualche
920 3501 1092 3575 proposta
1120 3512 1141 3553 o
1174 3491 1206 3552 d’
1229 3492 1354 3553 alcuno
1385 3492 1479 3554 altro

196 3601 386 3682 benefici0,
411 3603 490 3666 sara
515 3604 624 3665 molto
648 3603 684 3665 in
710 3600 906 3684 proposito,
932 3597 1064 3680 perche
1094 3599 1112 3661 ὲ
1137 3599 1276 3678 prelato
1301 3599 1347 3660 da
1371 3600 1479 3663 bene.

198 3710 231 3771 A
255 3709 423 3771 instantia
447 3730 510 3773 soa
533 3711 580 3772 ho
605 3709 728 3773 scritto
753 3709 798 3770 ad
823 3705 940 3770 alcuni
964 3704 1093 3786 prelati
1119 3703 1154 3765 di
1178 3705 1295 3786 quelle
1321 3703 1416 3785 parti
1443 3714 1480 3767 et

197 3818 231 3878 al
255 3817 356 3879 Duca
381 3816 539 3879 Henrico
564 3817 826 3880 Brunsvicense
851 3812 1101 3875 exhortandoli
1131 3833 1152 3872 a
1180 3811 1290 3873 unirsi
1321 3830 1385 3891 per
1417 3811 1477 3874 de-

197 3923 360 3986 fensione
384 3924 531 4005 propria
555 3935 591 3987 et
615 3925 660 3986 de
685 3925 719 3985 la
743 3923 844 4000 fede,
874 3918 947 3983 cosi
978 3921 1024 3982 da
1047 3919 1095 3981 lui
1119 3916 1287 3981 richiesto
1313 3927 1348 3979 et
1372 3916 1479 3981 stimo

198 4052 237 4095 se
261 4030 521 4094 intenderanno
545 4033 600 4094 col
630 4032 724 4094 Rmo
755 4027 966 4110 Maguntino
998 4047 1036 4088 se
1067 4046 1134 4108 pur
1166 4024 1261 4087 stara
1285 4024 1387 4086 saldo
1421 4026 1478 4088 ne'

197 4139 301 4221 primi
326 4139 401 4201 suoi
426 4138 601 4220 dissegni‚
633 4139 698 4201 che
729 4157 829 4199 come
853 4137 943 4198 altre
967 4134 1063 4196 volte
1088 4131 1206 4195 scrissi
1231 4132 1248 4194 ὲ
1273 4131 1479 4194 necessario

200 4247 234 4309 vi
258 4247 426 4309 cohibere
450 4246 590 4308 illorum
614 4244 795 4308 insaniam.
843 4240 981 4304 Dicemi
1010 4239 1034 4301 il
1063 4237 1203 4319 prefato
1232 4237 1379 4299 Decano
1411 4239 1479 4301 che

200 4355 316 4436 quella
340 4356 479 4417 heresia
514 4354 532 4415 ὲ
568 4353 678 4415 molto
713 4351 901 4433 prevaluta
928 4348 963 4410 in
993 4346 1109 4428 quelle
1147 4343 1240 4425 parti
1265 4343 1477 4426 septentrio-

199 4463 281 4540 nali,
305 4481 363 4523 ma
386 4463 451 4523 che
474 4460 584 4523 molto
608 4459 669 4540 piu
705 4479 793 4520 sono
829 4457 862 4519 le
898 4458 1015 4517 buone
1049 4454 1114 4514 che
1140 4452 1172 4513 le
1197 4450 1326 4512 cattive
1352 4459 1387 4510 et
1411 4451 1479 4512 che

199 4568 234 4630 in
259 4568 406 4630 Bremes
431 4579 466 4630 et
491 4566 624 4631 diocesi
652 4565 687 4626 in
724 4564 783 4645 piu
819 4564 862 4624 de
898 4560 977 4624 XX
1011 4578 1164 4641 persone
1200 4555 1319 4618 sonosi
1354 4556 1479 4618 veduti

200 4675 425 4759 grandissimi
450 4673 552 4756 segni
576 4682 700 4735 contra
724 4670 812 4733 detti
836 4668 1001 4743 heretici,
1027 4665 1084 4748 qui
1109 4666 1345 4745 imprecantes
1370 4683 1480 4743 super

201 4805 238 4847 se
264 4804 403 4846 manum
427 4781 570 4844 Domini
611 4778 678 4842 nisi
708 4797 831 4841 verum
859 4783 954 4838 esset
988 4772 1081 4857 quod
1113 4780 1306 4854 sequuntur
1335 4769 1478 4852 dogma,
