3344 5564
716 474 774 529 0⁴3
812 476 865 530 565
904 473 962 527 [Ἡ

201 619 359 691 iam,nos
383 619 484 700 regia
506 619 677 683 Maiestas
706 620 741 682 in
773 620 890 683 animo
921 640 1114 703 suspensos
1145 629 1267 683 tenere
1299 630 1336 684 et
1362 620 1480 685 immo·

200 726 272 789 rari
305 748 348 789 ea
383 747 421 788 re
446 727 623 809 dignetur,
648 729 712 789 sed
749 748 853 809 quam
887 726 961 789 Sua
990 726 1161 790 Maiestas
1192 747 1298 808 quam
1330 726 1480 809 primum

200 832 277 896 fieri
298 843 418 914 potest
434 833 599 914 dignetur
623 833 753 896 dietam
777 833 872 896 illam
897 853 967 896 non
992 833 1077 896 alibi
1101 834 1163 896 sed
1188 832 1283 896 circa
1307 853 1407 896 suurn
1422 833 1479 896 tri-

200 943 309 1003 bunal
326 940 360 1002 in
379 941 474 1002 Arce
492 940 666 1021 Pragensi
681 940 849 1018 indicere,
865 950 903 1002 ut
919 940 955 1002 in
973 961 1042 1022 quo
1058 940 1137 1002 loco
1153 941 1199 1002 de
1215 939 1285 1003 fide
1301 939 1481 1023 inceptum

201 1056 255 1109 est
278 1067 387 1128 agere
410 1047 446 1109 in
471 1047 596 1110 eodem
620 1067 762 1129 quoque
786 1048 865 1110 loco
891 1047 936 1109 de
961 1068 1004 1110 ea
1027 1048 1259 1110 concludatur
1278 1059 1314 1110 et
1328 1048 1479 1113 finiatur.

200 1153 254 1215 Ibi
279 1154 370 1215 enim
395 1155 456 1216 illo
480 1162 641 1235 tempore
665 1173 722 1216 res
747 1155 854 1235 longe
879 1153 982 1217 aliter
1005 1155 1153 1217 habebit
1177 1175 1282 1236 quam
1315 1157 1361 1218 ad
1389 1156 1479 1219 Emi·

200 1260 354 1323 nentiam
379 1271 533 1323 vestram
558 1260 603 1322 de
619 1259 722 1323 nobis
747 1270 800 1322 est
824 1262 990 1343 delatum,
1015 1246 1145 1324 actum
1161 1261 1312 1343 primum
1334 1263 1478 1346 ibidem,

201 1368 237 1429 id
262 1371 358 1448 quod
383 1370 427 1429 de
452 1368 684 1450 compactatis
700 1367 903 1459 faciendum
927 1368 1178 1450 promissimus,
1203 1389 1338 1432 summo
1362 1371 1478 1434 studio

200 1473 373 1556 perficere
398 1475 492 1555 quod
517 1475 551 1536 in
577 1474 680 1537 nobis
705 1484 817 1538 estet
853 1475 920 1538 erit
943 1474 1159 1539 conabimur.
1198 1475 1383 1540 Postremo
1411 1478 1478 1541 hec

200 1581 245 1644 sit
288 1580 522 1644 Sublimitatis
564 1592 683 1645 vestre
721 1584 816 1664 apud
852 1580 888 1646 S.
913 1583 960 1646 R.
984 1583 1032 1645 Μ.
1059 1583 1102 1646 D.
1126 1583 1169 1646 N.
1194 1581 1237 1646 G.
1271 1582 1478 1647 intercessio

200 1698 306 1770 atque
329 1691 401 1751 tale
426 1689 609 1751 consilium
633 1689 739 1752 etiam
763 1710 959 1771 precamur,
988 1710 1067 1753 cum
1091 1699 1238 1771 propter
1262 1692 1371 1754 multa
1404 1701 1478 1754 tum

199 1798 257 1857 vel
287 1796 440 1859 maxime
470 1798 517 1858 ob
549 1797 691 1877 publice
722 1797 911 1861 concordie
939 1796 1121 1859 charitatis
1153 1807 1188 1859 et
1218 1797 1348 1859 amoris
1372 1796 1477 1861 dilec-

200 1903 332 1965 tionem
356 1904 451 1984 quod
476 1903 631 1983 pertinet
667 1905 712 1966 ad
742 1914 879 1987 partem
902 1904 1164 1967 incredulorum
1189 1912 1225 1966 et
1248 1924 1477 1968 erroneorum

198 2010 377 2073 hominum
395 2009 455 2092 qui
471 2010 538 2072 sibi
563 2010 633 2073 iam
655 2012 787 2074 nullum
807 2021 969 2093 prestare
988 2020 1136 2093 possunt
1151 2011 1336 2074 consilium
1360 2032 1476 2094 neque

202 2137 369 2198 quorsum
385 2117 514 2179 diverti
528 2119 683 2180 debeant
699 2118 824 2198 sciunt,
850 2131 889 2180 ut
910 2115 984 2181 Sua
999 2115 1111 2180 Sacra
1126 2118 1247 2200 Regia
1259 2117 1429 2181 Maiestas
1441 2118 1477 2181 in

198 2210 381 2307 proposito
406 2227 501 2306 quod
525 2224 655 2287 nostris
671 2223 882 2288 Oratoribus
899 2225 1039 2307 aperire
1063 2224 1185 2306 voluit,
1203 2224 1347 2288 immota
1364 2225 1475 2288 veluti

198 2352 272 2411 nos,
290 2332 492 2412 persistere,
508 2331 568 2412 qui
591 2334 637 2394 ab
653 2330 726 2395 Sua
742 2332 932 2395 Maiestate
948 2333 1151 2395 mandatum
1167 2332 1368 2413 accepimus
1389 2332 1476 2395 velit

198 2450 235 2502 et
251 2439 428 2519 dignetur.
461 2439 536 2502 Nos
553 2459 638 2502 vero
656 2441 750 2502 omni
765 2439 882 2502 studio
898 2438 1150 2502 benevolentia
1167 2448 1202 2501 et
1219 2438 1390 2520 obsequio
1406 2460 1475 2503 om·

198 2546 300 2608 nibus
318 2545 538 2627 temporibus
551 2545 715 2608 secundis
740 2557 775 2609 et
796 2545 956 2610 adversis
981 2544 1196 2608 Sublimitati
1217 2546 1346 2609 Vestre
1370 2547 1476 2629 grati·

197 2653 328 2716 tudinis
357 2673 532 2716 memores
563 2654 782 2735 respondere
818 2653 947 2716 erimus
975 2652 1199 2734 paratissimi,
1239 2653 1475 2717 Eminentiam

197 2762 362 2825 Vestram
379 2760 511 2842 optime
535 2759 808 2843 felicissimeque
832 2761 953 2823 valere
978 2760 1137 2842 cupimus
1162 2770 1197 2823 et
1220 2759 1472 2827 desideramus,

286 2887 405 2966 Prage
448 2884 634 2948 Dominico
670 2893 752 2965 post
799 2882 952 2947 Simonis
1003 2893 1039 2947 et
1084 2885 1175 2964 Jude
1217 2886 1475 2967 Apostolorum

196 2994 303 3056 Anno
327 2992 470 3055 Domini
494 2991 682 3055 Millesimo
706 2990 989 3072 quingentesimo
1013 2991 1197 3074 Vigesimo
1221 2992 1355 3075 quinto.

959 3149 1094 3223 lurtrlor
1112 3151 1217 3212 elvlrn
1236 3151 1264 3215 tt
1282 3151 1403 3216 innitur

1022 3238 1152 3302 tlntuttr
1169 3239 1331 3314 Prtrtnrlr.

796 3722 870 3787 264.

447 3848 643 3949 Episcopus
671 3846 903 3927 Tridentinus
931 3846 1103 3928 Clementi
1130 3847 1209 3930 VIL

656 4002 743 4078 Epiri.
762 4003 851 4062 Ptine.
869 4002 922 4062 111.
942 4003 1001 4064 ³82.

710 4133 763 4198 (10.
783 4134 853 4186 Nov.
875 4133 962 4198 1525.)

284 4276 406 4357 Nuper
439 4276 565 4339 litteris
588 4276 675 4339 meis
706 4286 855 4339 conatus
886 4294 962 4338 sum
1006 4275 1189 4339 declarare
1221 4275 1338 4339 multis
1370 4297 1470 4359 argu-

194 4382 321 4445 mentis
344 4392 462 4445 vestre
486 4382 698 4445 beatitudini
722 4382 818 4463 quod
854 4381 986 4464 optime
1022 4383 1238 4446 conduceret
1269 4383 1470 4465 quempiam

194 4491 349 4569 legatum
375 4488 544 4552 destinari
568 4489 613 4550 ad
639 4487 769 4552 dietam
793 4488 1011 4570 imperialem
1027 4489 1192 4571 Auguste
1222 4488 1392 4564 futuram3
1424 4492 1469 4555 de

193 4596 287 4658 illius
311 4595 361 4657 rei
387 4594 644 4658 deliberatione
668 4615 774 4675 quum
798 4604 924 4676 postea
948 4595 1034 4659 nihil
1058 4594 1141 4657 mihi
1164 4594 1271 4659 video
1299 4596 1470 4679 nunciati,

194 4702 393 4765 subveritus
418 4722 493 4764 sum
517 4723 562 4765 ne
586 4722 655 4784 ego
679 4701 715 4764 in
736 4712 855 4766 mente
881 4723 959 4766 mea
989 4722 1096 4765 unum
1124 4702 1348 4784 conceperim
1371 4703 1469 4768 cuius

194 4808 407 4871 contrarium
431 4807 509 4890 ipsa
533 4811 722 4872 verborum
745 4809 987 4892 pronuntiatio
1012 4810 1160 4873 innuere
1183 4809 1260 4873 visa
1284 4809 1339 4892 sit,
1363 4809 1467 4893 siqui·
