3330 5580
720 482 948 538 edituo

191 629 307 690 fessor
338 638 374 690 et
402 628 499 691 molti
525 629 604 691 altri
629 628 773 711 Signori
798 629 926 693 dicono
951 632 1018 692 che
1043 630 1140 693 molti
1166 629 1322 713 Principi
1347 639 1384 693 et
1407 630 1476 692 No·

193 735 269 815 bili,
304 738 369 799 che
394 735 512 799 avanti
538 757 607 798 non
632 737 795 800 haveano
820 740 906 800 letto
931 737 955 799 li
979 737 1090 800 errori
1116 737 1151 798 di
1176 738 1311 801 Luther
1335 736 1371 800 in
1394 736 1478 818 fide,

194 864 250 905 ma
284 844 396 907 solum
430 845 463 907 le
487 865 549 906 sue
573 844 793 925 blasphemie
826 854 950 908 contra
974 843 1184 907 Pontificem
1209 854 1244 907 et
1268 846 1418 925 clerum,
1443 854 1480 908 et

193 970 257 1032 per
289 970 473 1013 commune
498 970 618 1013 errore
643 951 675 1012 d'
692 951 773 1013 altri
798 972 907 1014 erano
931 950 1158 1033 perfidissimi
1182 951 1387 1032 Lutherani,
1415 952 1478 1014 do·

192 1057 253 1139 poi
285 1058 350 1119 che
382 1058 507 1121 udirno
540 1060 573 1120 le
599 1058 737 1121 heresie
763 1060 828 1121 che
852 1058 955 1121 furno
981 1068 1174 1122 monstrate
1199 1079 1318 1122 coram
1342 1057 1478 1122 Cesare

193 1174 229 1227 et
253 1165 406 1245 Imperio
436 1165 519 1227 nelli
550 1166 630 1227 libri
654 1166 791 1248 proprii
815 1166 909 1244 suoi,
943 1165 971 1226 si
996 1185 1085 1228 sono
1110 1166 1167 1228 del
1192 1175 1283 1228 tutto
1308 1165 1478 1229 cambiati

194 1282 229 1334 et
254 1272 333 1333 fatti
357 1272 559 1336 orthodoxi.
578 1272 647 1334 Del
671 1274 737 1334 che
754 1272 823 1334 Dio
848 1273 945 1335 salo
971 1273 1037 1334 che
1062 1293 1106 1334 ne
1131 1273 1160 1335 e.
1200 1274 1238 1334 Io
1262 1274 1333 1335 ben
1357 1271 1478 1336 vorrei

193 1380 258 1441 che
284 1399 354 1441 non
380 1379 408 1440 si
432 1378 528 1441 fusse
555 1389 734 1462 propost0,
760 1401 817 1442 ma
840 1380 906 1441 che
924 1379 1054 1442 Cesare
1080 1379 1111 1441 ci
1135 1381 1287 1442 havesse
1303 1399 1476 1443 concesso

193 1485 217 1547 il
241 1486 407 1548 mandato
432 1485 532 1549 iuxta
555 1486 816 1549 conclusionem
842 1496 982 1567 captam
1008 1486 1065 1549 die
1091 1486 1239 1550 XXIX.
1265 1486 1477 1550 Decembris

193 1592 354 1673 proxime
386 1593 576 1674 preterito,
609 1595 644 1655 la
674 1595 758 1675 qual
781 1594 850 1656 Dio
879 1593 1028 1674 perdoni
1053 1593 1154 1656 achi
1180 1596 1297 1656 havea
1320 1595 1354 1655 la
1379 1613 1476 1673 cura,

194 1709 230 1761 et
257 1720 322 1781 per
352 1720 416 1761 sua
446 1699 615 1778 timidita,
649 1699 687 1761 fu
712 1700 816 1780 colpa
840 1701 906 1762 che
931 1720 1002 1762 non
1026 1699 1122 1763 fusse
1147 1700 1265 1763 statim
1291 1699 1475 1781 exequita;

193 1809 262 1869 ben
289 1806 308 1868 ὲ
332 1826 434 1886 vern,
468 1807 533 1869 che
558 1827 596 1869 se
621 1806 651 1868 si
674 1815 817 1887 potesse
841 1806 972 1888 pigliar
997 1809 1091 1868 buon
1115 1827 1221 1869 verso
1246 1808 1341 1887 dopo
1376 1816 1476 1869 tanta

193 1912 433 1994 disputatione
464 1923 500 1976 et
531 1912 758 1976 conclusione
782 1913 817 1975 di
843 1912 956 1993 questi
981 1913 1149 1994 Principi,
1174 1916 1209 1976 la
1233 1933 1317 1976 cosa
1342 1913 1371 1975 si
1397 1933 1474 1994 por-

193 2023 342 2084 tarebbe
374 2021 469 2085 mille
499 2022 596 2083 volte
629 2019 775 2101 meglio,
809 2022 875 2082 che
907 2041 977 2083 non
1007 2019 1038 2083 ci
1062 2023 1215 2083 sarebbe
1239 2022 1311 2082 ulla
1337 2030 1474 2083 contra·

193 2127 341 2190 dittione
366 2137 401 2190 et
423 2127 484 2208 gia
508 2148 546 2190 se
570 2129 747 2209 potrebbe
772 2127 836 2205 dir,
860 2129 926 2189 che
950 2128 986 2189 la
1007 2128 1123 2210 hydra
1148 2127 1351 2219 Lutherana
1376 2127 1473 2191 fusse

192 2235 333 2316 penitus
358 2234 504 2315 extinta,
529 2237 624 2316 quod
648 2236 746 2298 Deus
769 2234 887 2298 iaciat.

282 2342 324 2403 El
340 2340 618 2424 Saltzburgense
643 2344 750 2425 dopoi
775 2352 894 2405 nostre
920 2345 1027 2405 molto
1051 2340 1279 2422 instruttioni,
1304 2342 1351 2403 ha
1367 2361 1474 2424 preso

193 2469 256 2529 per
281 2449 507 2511 conclusione
531 2449 704 2512 reformar
729 2450 761 2512 el
786 2452 931 2512 decreto
949 2448 985 2511 di
1000 2459 1095 2512 sorte
1113 2450 1179 2511 che
1196 2468 1266 2511 non
1284 2447 1312 2509 si
1329 2459 1474 2529 potesse

192 2555 389 2618 rechiamar
420 2556 465 2618 ne
496 2559 542 2619 da
566 2556 742 2639 Principi,
777 2558 819 2619 nd
854 2558 900 2619 da
932 2556 1054 2637 populi
1080 2566 1116 2620 et
1139 2565 1257 2618 tamen
1281 2554 1311 2617 si
1334 2553 1473 2618 facesse

192 2662 348 2725 l’effetto
373 2665 438 2725 che
465 2664 521 2726 noi
547 2663 780 2743 desideram0,
805 2665 834 2726 si
859 2664 1028 2746 possibile
1053 2664 1133 2733 erit:
1159 2672 1194 2726 et
1211 2660 1284 2725 cosi
1298 2662 1376 2724 heri
1392 2683 1473 2726 sero

192 2769 229 2834 fu
259 2769 349 2832 fatto
381 2772 413 2833 el
447 2771 591 2833 decreto
625 2771 659 2832 in
686 2770 877 2850 Alemano,
912 2773 943 2832 el
979 2773 1061 2853 qual
1092 2771 1138 2833 mi
1162 2770 1322 2832 monstro
1345 2779 1472 2850 questa

191 2897 295 2939 mane
319 2877 354 2940 in
379 2877 544 2959 diluculo,
570 2888 605 2940 et
628 2879 711 2941 dete
735 2880 769 2940 la
793 2899 877 2941 cura
901 2900 922 2941 a
947 2877 1117 2960 Spieghel
1143 2880 1177 2940 lo
1201 2877 1340 2940 facesse
1364 2876 1400 2939 in
1425 2879 1470 2940 la·

192 2984 265 3046 tino
291 2994 326 3046 et
350 3004 405 3045 me
430 2984 463 3046 lo
489 2985 766 3048 communicasse
790 2995 979 3066 antequam
1004 2987 1049 3047 ab
1074 2985 1193 3065 aliquo
1219 2984 1472 3065 deputatorum

192 3089 388 3162 videretur;
423 3092 517 3173 quod
549 3101 666 3154 tamen
695 3112 766 3154 non
791 3092 857 3155 fuit
881 3091 1029 3173 factum,
1060 3091 1140 3153 anci
1164 3092 1211 3153 da
1234 3089 1359 3153 XXII.
1385 3092 1472 3154 hore

191 3196 236 3259 lin
262 3198 283 3259 a
307 3199 418 3278 quest'
436 3200 526 3261 hora
555 3202 712 3262 secunda
740 3209 775 3261 et
798 3199 942 3280 meggia
966 3198 1001 3261 di
1026 3207 1124 3261 notte
1148 3196 1172 3259 li
1198 3197 1359 3278 deputati
1384 3216 1472 3260 sono

191 3306 271 3367 stati
296 3306 331 3367 in
356 3326 439 3368 casa
464 3327 530 3369 con
555 3307 754 3370 sedunense
779 3326 886 3387 sopra
910 3314 1036 3386 questa
1060 3327 1153 3384 cosa,
1172 3305 1238 3366 del
1261 3306 1327 3367 che
1344 3306 1472 3368 deman

191 3411 371 3475 solicitarb
395 3413 560 3476 intender
584 3423 619 3475 et
643 3413 698 3476 far
723 3415 755 3475 el
779 3423 874 3475 resto
900 3423 1032 3495 quanto
1056 3413 1171 3494 potrd.

280 3521 400 3581 Rev¹¹¹⁰
433 3531 468 3582 et
501 3521 595 3583 illme
628 3521 663 3583 in
698 3521 746 3582 tal
780 3521 885 3582 modo
915 3539 1034 3582 vanno
1063 3521 1095 3581 le
1120 3539 1203 3581 cose
1227 3528 1348 3581 nostre
1372 3529 1472 3582 tanto

190 3626 336 3708 ancipiti
367 3639 403 3691 et
431 3626 517 3710 ogni
541 3630 574 3690 dl
598 3627 781 3706 variabili,
816 3629 881 3690 che
906 3648 976 3689 non
1000 3627 1020 3689 ὲ
1044 3626 1189 3709 ingenio
1221 3628 1376 3689 humano
1406 3629 1472 3690 che

190 3734 285 3814 possi
310 3734 464 3796 trovarci
487 3754 591 3798 verso
615 3736 753 3810 alcun0,
779 3746 814 3796 et
838 3736 872 3797 in
896 3734 1058 3798 omnibus
1082 3754 1153 3797 non
1179 3733 1208 3797 si
1231 3735 1323 3796 vede
1340 3754 1378 3796 se
1401 3755 1472 3797 non

190 3839 337 3902 dilation
362 3861 383 3903 o
407 3839 538 3922 privati
571 3841 702 3921 asserti,
737 3843 803 3903 che
830 3863 869 3905 se
894 3842 1004 3905 Cesar
1026 3861 1096 3904 non
1121 3840 1217 3903 fusse
1242 3838 1316 3903 cosi
1339 3842 1471 3920 buon0,

189 3957 304 4010 actum
337 3958 441 4013 esset.
489 3949 541 4011 La
571 3951 676 4031 colpa
701 3960 735 4011 et
760 3969 884 4026 causa,
916 3969 1025 4010 ancor
1049 3949 1114 4010 che
1139 3947 1179 4009 sii
1205 3945 1349 4009 difficile
1374 3968 1395 4008 a
1420 3969 1470 4010 sa-

189 4074 286 4135 pere,
303 4057 494 4118 tuttavolta
508 4056 543 4118 in
556 4058 676 4119 buona
691 4068 792 4137 parte
807 4057 841 4117 la
857 4055 1085 4135 comprend0,
1102 4074 1158 4116 ma
1176 4074 1245 4116 non
1263 4054 1374 4116 ausim
1388 4055 1470 4117 scri·

189 4163 274 4223 bere
296 4162 409 4243 prima
430 4164 495 4225 che
511 4163 544 4225 io
558 4162 610 4225 sia
624 4163 728 4226 iuora
750 4163 784 4224 di
801 4172 927 4242 questa
940 4162 1152 4242 Alemagna,
1178 4161 1296 4224 donde
1313 4161 1470 4224 scriverb

189 4289 271 4331 cose
303 4271 369 4332 che
394 4269 462 4331 mai
486 4271 591 4332 homo
616 4270 645 4332 si
670 4272 844 4352 potrebbe
869 4288 1000 4350 pensar
1024 4270 1089 4330 che
1105 4268 1178 4332 cosi
1195 4268 1333 4331 iussero
1352 4279 1386 4330 et
1404 4289 1472 4349 pur

188 4396 289 4449 s0n0;
314 4397 372 4439 ma
388 4377 542 4439 scrivere
566 4378 611 4439 de
635 4375 694 4458 qui
719 4376 925 4457 epericulo,
951 4375 995 4438 ne
1015 4377 1103 4456 peri>
1124 4396 1186 4457 per
1210 4375 1233 4436 il
1249 4375 1318 4437 mio
1336 4375 1470 4438 scriver

188 4483 215 4544 si
241 4486 418 4566 potrebbe
448 4483 503 4546 far
534 4486 625 4547 altro
659 4485 704 4546 de
734 4485 769 4546 lo
804 4484 870 4545 che
902 4482 931 4544 si
956 4481 1009 4561 fa,
1044 4484 1102 4544 del
1127 4483 1192 4545 che
1217 4482 1263 4543 mi
1287 4501 1422 4563 creppa
1445 4481 1469 4544 il

188 4611 270 4652 core
295 4590 554 4654 considerando
580 4593 646 4653 che
670 4591 780 4653 siamo
806 4587 879 4653 cosi
903 4588 1038 4652 trattati
1064 4608 1135 4650 non
1160 4589 1218 4651 noi
1245 4609 1300 4650 ma
1326 4588 1410 4669 Dio,
1435 4591 1469 4651 la

188 4698 269 4759 fede
302 4707 337 4760 et
362 4697 384 4758 il
402 4695 621 4762 Santissimo.
659 4698 733 4759 Ben
759 4696 920 4779 supplico
941 4696 983 4759 V.
1002 4694 1039 4759 S.
1064 4696 1140 4758 Ru
1164 4696 1229 4756 che
1254 4695 1380 4776 tenglri
1404 4716 1469 4777 per

188 4813 285 4866 certo
316 4803 338 4865 l'
356 4804 479 4866 ordine
511 4806 604 4868 delle
638 4825 720 4868 cose
752 4824 849 4867 esser
881 4825 981 4867 come
1012 4802 1048 4865 di
1080 4823 1187 4884 sopra
1214 4801 1233 4863 e
1258 4802 1396 4876 scritto;
1433 4812 1469 4866 et
