3330 5580
668 509 903 565 *elxam

145 656 296 738 scilicet,
330 660 481 720 laturum
507 659 589 720 dum
615 678 693 720 eum
720 656 824 720 Sedis
849 657 1061 738 Apostolica
1086 678 1154 718 non
1181 657 1428 736 reprobasset:

145 766 242 845 quod
266 765 295 827 si
319 765 452 828 lactum
477 774 570 828 esset
600 787 637 827 se
674 767 807 827 nullum
838 764 888 827 illi
920 765 1071 846 amplius
1099 763 1259 825 savorem
1290 759 1428 842 praebi-

144 880 270 936 turum.
318 873 373 934 De
398 871 452 934 his
476 871 639 935 omnibus
663 871 697 934 in
723 871 875 954 epistola
900 872 1087 933 lutherana
1112 891 1156 931 ne
1181 871 1329 930 verbum
1356 866 1429 947 qui·

145 979 245 1048 dem;
271 989 307 1041 et
330 978 418 1058 iure,
443 999 523 1041 nam
548 979 577 1041 si
601 981 688 1042 haec
715 1000 759 1040 ex
786 999 856 1040 una
880 988 981 1060 parte
1007 979 1303 1054 memorabantur,
1320 974 1429 1035 luthe-

144 1105 310 1149 ranoram
335 1085 507 1149 intererat
531 1086 699 1166 ignorare
724 1097 759 1148 et
783 1094 958 1167 perpetua
982 1082 1171 1163 oblivione,
1198 1082 1225 1144 si
1251 1081 1326 1143 fieri
1351 1101 1428 1162 pos·

145 1205 212 1272 set,
237 1194 368 1258 delere.

238 1335 310 1398 Leo
335 1336 459 1398 scribit
482 1337 681 1398 Friderico:
717 1338 853 1414 ,lestis
878 1357 915 1397 es
940 1337 1016 1417 ipse
1041 1333 1208 1416 quamdiu
1236 1333 1427 1394 lutherum

145 1442 395 1522 pertulerimus
434 1444 592 1525 paternis
628 1426 719 1505 nunc
759 1442 1039 1521 hortationibus,
1075 1442 1288 1522 quandoque
1328 1437 1430 1500 minis

147 1550 336 1628 menende,
352 1550 582 1631 increpand0,
600 1549 776 1612 interdum
794 1562 829 1612 et
846 1550 1001 1632 benigne
1018 1548 1269 1630 promittendo,
1295 1568 1315 1608 a
1332 1557 1430 1607 tanto

146 1675 225 1717 eum
251 1655 371 1718 furore
403 1676 575 1719 revocare
607 1656 758 1718 conati“.
825 1656 860 1717 ln
894 1656 1046 1737 epistola
1078 1655 1264 1717 lutherana
1296 1652 1355 1714 vix
1388 1673 1429 1713 ac

145 1782 191 1824 ne
216 1762 275 1824 vix
302 1762 442 1844 quidem
469 1763 652 1825 Pontificis
686 1762 936 1845 longanimitas
969 1773 1005 1824 et
1034 1761 1267 1824 mansuetudo
1303 1779 1426 1821 memo-

144 1878 258 1939 ratur;
300 1890 370 1931 non
409 1869 502 1933 enim
535 1879 731 1952 perpetuae
769 1890 875 1932 curae
911 1869 1106 1931 lutheranis
1142 1868 1430 1947 suffragabantur

149 1974 333 2038 Pontilicis
358 1996 423 2057 pro
448 1978 654 2039 reducendo
678 1976 711 2038 in
737 1988 871 2039 rectum
896 1977 1071 2039 tramitem
1097 1976 1264 2038 Luthero.

236 2118 397 2181 Tandem
422 2138 486 2180 nec
512 2118 693 2181 l·'riderico
719 2140 782 2180 nec
808 2119 1003 2181 lutheranis
1035 2118 1203 2181 memoria
1228 2115 1427 2199 promissio-

147 2244 229 2286 num
253 2223 411 2306 ipsorum
436 2224 634 2305 arridebat,
667 2246 708 2287 ac
744 2237 935 2306 propterea
968 2225 1111 2289 omnino
1145 2225 1179 2287 in
1206 2225 1356 2307 epistola
1380 2225 1428 2285 lu-

146 2333 297 2394 therana
320 2334 505 2413 praeclara
529 2334 640 2395 verba
665 2333 912 2394 desiderantur
940 2354 1031 2414 quae
1061 2333 1097 2394 in
1123 2333 1284 2394 vaticana
1310 2331 1359 2392 sic
1384 2333 1429 2393 de

146 2437 233 2518 ipsis
256 2440 466 2520 loquuntur;
495 2440 614 2518 „llaec
639 2439 731 2501 enim
758 2439 817 2500 illu
842 2450 895 2502 est
919 2440 1069 2502 hominis
1094 2439 1196 2502 huius
1220 2452 1254 2501 et
1272 2438 1428 2500 eiusdem

148 2565 305 2607 errorum
333 2566 397 2627 per
422 2545 552 2608 Sedem
583 2546 828 2627 Apostolieam
864 2546 897 2609 in
931 2547 1113 2609 Catholico
1138 2546 1429 2628 peritissimorum

146 2663 326 2714 conventu
360 2651 494 2733 Spiritu
528 2650 662 2714 Sancto
694 2665 890 2734 praeeunte
924 2655 982 2734 qui
1014 2653 1049 2715 in
1082 2653 1281 2716 huiusmodi
1315 2651 1430 2714 causis

145 2758 228 2821 huic
253 2757 408 2821 Sanctae
434 2758 519 2820 Sedi
545 2780 722 2839 nunquam
748 2758 878 2839 abluit,
902 2759 998 2823 facta
1023 2760 1240 2842 reprobati0,
1266 2780 1369 2842 quam
1394 2769 1429 2820 te

146 2878 341 2946 expectare
376 2865 514 2936 dixisti;
554 2887 644 2946 quae
674 2877 789 2928 tamen
823 2875 1011 2948 antequam
1051 2867 1151 2930 fieret
1184 2866 1328 2948 potuisti
1363 2887 1428 2947 pro

145 2985 207 3034 tua
231 2972 420 3052 prudentia
444 2972 729 3035 animadvertere
754 2994 845 3054 quae
871 2983 965 3036 esset
985 2974 1129 3041 Martini
1148 2973 1302 3036 leutherii
1320 2995 1428 3053 mens,

145 3099 251 3160 quam
290 3077 398 3159 impia
437 3078 641 3159 cogitatiw.
701 3079 745 3141 Et
780 3080 995 3142 renunciatis
1029 3079 1174 3142 lutheri
1211 3080 1428 3159 excessibus,

148 3185 316 3247 Pontifex
340 3185 538 3247 concludit:
578 3191 699 3266 „Quae
724 3207 801 3249 cum
827 3187 952 3266 gravia
977 3207 1042 3268 per
1066 3208 1115 3265 se,
1140 3198 1211 3249 tum
1230 3209 1315 3249 vero
1336 3198 1429 3267 post-

145 3314 251 3373 quam
277 3292 379 3354 huius
404 3293 557 3354 Sanctae
591 3304 625 3355 et
661 3294 891 3373 Apostolicae
923 3294 1027 3356 Sedis
1060 3294 1192 3356 accesit
1223 3294 1429 3372 declaratio,

146 3412 243 3461 tuum
254 3400 324 3480 jam
339 3412 403 3477 est,
420 3399 548 3461 dilecte
562 3399 621 3475 lili,
636 3400 762 3462 omissa
777 3401 955 3463 hominum
973 3401 1137 3479 amicitia,
1159 3422 1236 3462 eam
1254 3422 1344 3482 quae
1364 3401 1429 3462 Dei

147 3517 202 3569 est
215 3507 365 3569 caeteris
379 3509 485 3569 rebus
499 3518 728 3588 anteponere,
742 3507 901 3591 uobisque
907 3515 1082 3593 prussiam:
1093 3510 1187 3571 tillem!
1198 3507 1428 3594 clprnmrssm-

152 3634 228 3675 nem
260 3635 361 3697 quum
394 3612 430 3676 r'n
465 3613 597 3698 pignus
629 3619 662 3676 cl
694 3614 832 3698 rigorum
864 3620 941 3678 lazur
972 3614 1277 3678 a·l1rrslr'am'ssr'rmrc
1311 3615 1431 3677 ntcnlr's

145 3719 291 3791 dedisti:
318 3731 356 3782 ut
379 3718 525 3782 exiliato
541 3742 693 3783 sermone·
716 3722 891 3784 lnmtmrrm
910 3722 967 3802 qui
983 3728 1042 3783 lim
1056 3721 1190 3807 'narra-ra
1208 3725 1300 3784 hunc
1321 3743 1429 3802 saepe

146 3827 215 3888 iam
241 3827 371 3889 dictum
398 3827 593 3907 iniquitatis
625 3828 729 3890 tilium
764 3829 953 3891 Martinum
989 3828 1178 3891 liutherum
1203 3830 1315 3896 funus
1337 3829 1429 3913 suffir-

147 3940 250 4015 mcml,
275 3945 335 3996 tua
360 3936 542 3996 excellens
563 3935 674 3997 virtus
698 3957 738 3996 ac
764 3934 930 3998 nobilitas
961 3958 1058 3998 suum
1086 3936 1241 3998 debitum
1267 3937 1429 4017 splendo-

147 4062 221 4103 rem
254 4042 347 4121 apud
387 4042 497 4103 Deum
529 4042 761 4122 hominesque
795 4042 965 4106 obtineat.
1021 4045 1124 4122 Quod
1158 4055 1193 4104 ut
1224 4043 1335 4105 facias
1361 4064 1428 4104 uon

147 4150 259 4209 solum
291 4147 443 4229 petimus
475 4159 510 4210 et
546 4151 774 4211 obsecramus
805 4151 867 4211 sed
893 4149 927 4211 in
954 4149 1094 4212 nomine
1126 4151 1230 4212 etiam
1260 4151 1326 4211 Dei
1360 4171 1429 4212 orn·

146 4253 341 4335 nipotentis
375 4264 409 4316 et
434 4255 467 4317 in
493 4255 645 4318 virtutae
670 4268 815 4318 sanctae
841 4256 1066 4319 obedientiae
1092 4257 1332 4338 requirimus·.

237 4399 414 4477 Quantum
439 4398 528 4459 haec
553 4398 759 4478 nobilitate,
795 4400 871 4482 spei
903 4412 938 4462 et
968 4400 1098 4462 amoris
1122 4401 1371 4463 coniunctione
1396 4414 1429 4464 et

145 4505 416 4566 mansuetudine
441 4525 462 4565 a
486 4503 605 4566 verbis
629 4505 802 4586 epistolae
827 4508 1035 4568 lutheranae
1060 4506 1239 4584 differunt,
1263 4528 1355 4587 quae
1381 4509 1429 4569 sic

144 4622 291 4673 sonant:
325 4611 433 4690 „Eum
463 4621 631 4691 quantum
666 4611 700 4673 in
732 4625 792 4674 tua
826 4612 1037 4676 auctoritate
1078 4626 1112 4676 et
1148 4625 1327 4695 potestate
1367 4625 1430 4695 est,

144 4718 226 4799 capi
251 4730 464 4799 captumque
488 4718 534 4779 ad
559 4729 714 4781 nostram
747 4700 952 4783 instantiam
984 4721 1152 4784 custodiri
1177 4742 1279 4784 eures
1304 4734 1339 4784 et
1363 4732 1429 4784 stu·

144 4826 243 4887 deas.
292 4825 330 4886 ln
364 4845 434 4906 quo
463 4824 630 4887 nobilitas
662 4838 722 4889 tuo
746 4827 940 4908 praeclaris
965 4827 1072 4890 initiis
1096 4827 1235 4892 virtutis
1260 4851 1346 4892 suae
1371 4851 1429 4892 ex·
