3330 5580
703 430 949 504 e-es'hnoo

187 592 316 656 Christi
349 592 496 655 nuncios
519 592 748 675 persequutio
773 582 960 674 suscitata,
996 592 1032 656 t‘e
1056 593 1148 655 duce
1181 601 1218 656 et
1241 590 1391 657 au'cio're
1413 596 1466 656 eri·

88 774 91 779 .
186 700 369 779 tinguatur
393 708 428 761 et
452 699 662 780 eliminetur,
686 706 724 762 ut
747 707 808 762 tua
827 706 1021 780 nostraque
1042 697 1238 763 'cotiiiiihriis
1255 677 1470 765 Germaniae

187 808 378 870 secundum
402 820 546 869 carnem
569 806 686 888 patria
713 807 747 869 in
774 814 873 870 suum
898 807 1124 889 splendorem
1150 790 1241 870 tituli
1265 808 1470 903 propugnas

188 913 295 976 tionis
310 912 440 976 Christi
464 912 547 976 fidei
572 914 606 977 ln
631 924 707 977 toto
732 904 819 978 orbe
841 915 1057 996 restituatur,
1081 924 1120 976 ut
1134 912 1170 976 t'e'
1185 923 1313 978 vocem
1328 891 1472 978 Domini

188 1029 415 1102 nostramque
450 1029 484 1082 et
517 1021 620 1084 huius
653 1020 808 1085 Sanctae
833 1010 936 1085 Sedis
970 1019 1149 1084 audivisse
1183 1018 1318 1104 tuoque
1353 1018 1472 1086 officio

189 1130 271 1211 (quo
300 1127 440 1190 Christo
474 1127 617 1209 teneris)
650 1137 732 1192 tuae
765 1127 904 1208 virtuti,
939 1137 1000 1190 tuo
1034 1138 1071 1190 et
1103 1126 1317 1192 Germaniae
1352 1103 1475 1192 decori

190 1243 404 1314 nostraeque
436 1235 677 1315 expectationi
709 1247 744 1298 et
774 1233 937 1317 religioni
962 1234 1176 1299 christianae
1207 1218 1474 1318 promptissime

189 1340 497 1424 (quemadmodum
522 1343 594 1402 tale
618 1331 819 1404 incendium
844 1340 968 1425 exigit)
993 1362 1035 1404 ac
1051 1324 1217 1405 astrictus
1232 1362 1282 1423 es,
1306 1341 1389 1405 cum
1405 1327 1476 1405 Dei

190 1470 231 1512 ac
254 1447 505 1511 benedictione
520 1455 642 1510 nostra
659 1449 887 1528 consuluisse,
913 1432 1069 1511 remedia
1085 1446 1303 1530 adhibuisse,
1328 1451 1373 1512 ac
1388 1438 1476 1512 talia

189 1554 319 1619 indicia
342 1574 409 1636 pro
422 1553 561 1618 Christo
586 1555 713 1618 eteius
737 1546 818 1637 fide,
842 1571 908 1639 p'ro
926 1555 1081 1619 universi
1102 1558 1228 1633 salute,
1250 1552 1375 1619 nostra
1390 1554 1473 1638 qu'o·

190 1682 260 1743 que
276 1661 532 1725 intercessione
552 1661 772 1743 praestitisse
789 1672 1046 1745 cognoscamus
1071 1672 1106 1725 et
1121 1667 1244 1727 omnes
1258 1661 1476 1746 intelligant,

190 1781 226 1833 et
249 1769 546 1851 quemadmodum
571 1768 814 1833 charissimum
838 1768 874 1833 ln
897 1769 1037 1834 Chr‘is'to
1061 1769 1170 1835 filium
1193 1779 1353 1833 nostrum
1370 1769 1476 1833 Cafo

190 1880 261 1940 lum
286 1877 531 1939 Romanorum
562 1874 704 1958 Regem
735 1875 772 1940 in
796 1876 1051 1960 Imperatorem
1084 1878 1252 1958 electum,
1288 1874 1324 1940 in'
1358 1876 1476 1940 novis·

191 1986 279 2047 simo
304 1994 481 2046 conventu
506 1982 728 2047 Wormatiae
759 2002 805 2047 ex
829 2002 893 2047 suo
917 1984 1100 2047 Ecclesiae
1123 1984 1193 2047 Dei
1225 1983 1477 2048 advocationis

189 2091 307 2155 officio
333 2108 402 2173 quo
427 2099 464 2153 tu
488 2108 581 2153 nunc
611 2091 647 2153 in
672 2088 865 2154 Germania
895 2100 961 2175 pro·
989 2091 1178 2155 Maiestate
1200 2094 1265 2154 sua
1294 2086 1472 2175 fungeris,

191 2208 315 2261 contra
351 2196 547 2278 iniquitatis
578 2196 687 2261 filium
720 2198 911 2261 Martinum
945 2198 1152 2262 Lutherium
1188 2197 1477 2262 haeresiarcham

190 2314 368 2367 tantorum
391 2305 563 2367 malorum
587 2314 694 2387 caput
718 2305 893 2368 catholice
916 2304 1045 2368 fecisse
1059 2305 1259 2386 meministi,
1283 2303 1477 2369 Salvator'e

191 2421 323 2491 nostro,
349 2409 444 2492 apud
468 2425 573 2491 quem
597 2404 732 2475 nullum
754 2414 886 2474 bonum
910 2411 986 2474 sine
1009 2412 1170 2494 praemio¹
1194 2412 1258 2494 est,
1283 2413 1390 2494 quem
1409 2396 1477 2477 tibi

191 2519 226 2581 in
251 2517 386 2582 cunctis
410 2517 608 2600 propicium
632 2519 761 2582 reddes
786 2527 822 2581 te
846 2528 1064 2601 cunctosque
1088 2520 1233 2601 gressus
1253 2525 1334 2583 tuo's
1358 2504 1478 2604 gloria

193 2646 233 2689 ac
265 2625 380 2688 salute
404 2634 464 2688 tua
496 2627 546 2688 ob*
567 2627 638 2688 tale
663 2625 824 2688 meritum
848 2622 946 2689 tuum·
977 2646 1041 2689 sua
1065 2625 1182 2707 gratia
1205 2625 1364 2708 benigue
1395 2647 1477 2709 pro·

192 2741 370 2815 sequatur.

727 2909 933 2922 »mmmmm-ww&

791 3058 865 3135 130'.

566 3185 677 3286 Epist.
705 3185 826 3266 Luuni
854 3175 895 3266 de
923 3166 1100 3268 lieltheiu.

639 3334 727 3403 (Aeta
740 3333 875 3393 woman
897 3333 943 3392 iol
962 3333 1027 3404 uu)

693 3451 728 3521 (1.
749 3454 864 3516 Augusti
887 3452 977 3521 1523.)

286 3577 322 3642 S.
347 3579 391 3642 D.
417 3577 586 3641 Pervenit
610 3579 655 3640 ad
679 3596 745 3641 nos
772 3593 886 3659 nuper
911 3578 993 3640 dum
1017 3578 1133 3640 Hallis
1157 3594 1356 3661 ageremus
1381 3580 1480 3646 Rev.

199 3687 317 3766 Pater,
342 3687 544 3768 exemplum
569 3685 764 3748 litterarum
789 3685 1008 3766 quarundam
1033 3685 1213 3749 adinstar
1240 3673 1367 3749 Brevis
1393 3692 1479 3771 apd·-

198 3793 324 3871 stolici,
349 3803 387 3855 ut
411 3794 606 3874 appellant,
631 3794 676 3854 ad
710 3792 881 3854 illustrem
906 3786 1123 3855 Frid'erieum
1149 3791 1329 3857 Saxoniae
1353 3779 1481 3879 Regu·

198 3901 280 3981 lum,
303 3900 442 3962 Misnae
468 3911 574 3980 atque
598 3898 817 3981 Thyringiae
842 3899 1045 3982 principem¹
1064 3920 1085 3962 a
1110 3898 1145 3962 S.
1171 3901 1215 3965 D.
1232 3899 1274 3965 N.
1292 3888 1482 3967 Hadriano

197 4007 248 4070 VI
273 4008 377 4070 Pont.
402 4006 498 4070 Max.
524 4006 729 4086 demissum,
761 4005 857 4087 quod
888 4015 1008 4068 nostro
1039 4006 1164 4068 iuditio
1195 4007 1281 4071 satis
1311 4016 1483 4075 accurate

198 4115 373 4195 docteque
387 4111 624 4195 conscriptum
637 4112 772 4184 fuerat;
798 4132 920 4176 verum
933 4112 1120 4176 Romanae
1142 4113 1269 4177 Curiae
1284 4114 1404 4178 stilum
1429 4124 1484 4180 r'e·

199 4224 345 4287 dolebat
369 4220 521 4283 minime.
570 4220 670 4302 Quae
693 4239 751 4282 res
774 4237 901 4283 revera
926 4237 995 4283 non
1021 4240 1145 4303 parum
1170 4220 1292 4300 nobis,
1320 4221 1483 4303 quitum

199 4329 302 4397 simul
327 4348 466 4391 eramus
491 4337 526 4389 et
551 4326 656 4390 Curia
680 4327 802 4389 nutriti
825 4346 972 4391 romana
996 4332 1033 4392 et
1048 4328 1191 4411 gemina
1216 4326 1375 4391 Saxonia
1399 4328 1482 4412 pro-

198 4434 314 4518 gnati,
339 4433 494 4518 stuporis
519 4444 624 4516 atque
648 4433 795 4496 meroris
820 4436 996 4498 attulerat.
1052 4432 1216 4517 Stuporis
1237 4434 1395 4516 inquam
1423 4455 1483 4500 ve·

201 4544 387 4605 hementer
410 4561 564 4622 namque
588 4540 835 4604 addubitatum
864 4552 918 4605 est
948 4553 987 4605 ut
1009 4543 1073 4605 vel
1098 4540 1239 4605 litterae
1269 4541 1352 4604 illae
1383 4542 1483 4606 adul·-

200 4648 336 4711 terinae
360 4667 425 4730 pro
443 4647 627 4729 legittimis
651 4647 754 4710 nobis
770 4646 973 4731 offerentur,
990 4650 1049 4713 vel
1073 4650 1173 4732 quod
1192 4649 1359 4712 Romana
1374 4647 1484 4714 Curia

198 4765 341 4837 praeter
370 4775 504 4829 morem
541 4755 577 4816 in
614 4756 681 4817 hoc
712 4755 860 4837 negotio
892 4756 1115 4821 commutarit
1148 4757 1276 4820 stilum.
1329 4753 1484 4821 Oramus
