3330 5580
709 484 955 544 *diffide*

280 628 353 697 Mio
380 629 521 698 fratello
548 631 592 698 rni
618 635 733 701 scrive
759 637 803 698 da
828 634 929 698 Paris
954 634 989 697 di
1015 630 1129 697 XXV
1154 629 1212 698 del
1237 640 1381 716 passato
1408 634 1473 696 che

187 742 214 804 li
237 743 413 823 Theologi
439 742 584 824 parisini
609 746 771 808 baveano
797 745 1021 805 condennato
1047 752 1150 805 cento
1176 743 1312 805 articoli
1329 743 1363 803 di
1381 742 1471 803 Mar-

189 851 266 912 tino
301 860 336 911 et
372 853 437 913 che
474 855 506 913 el
541 852 631 914 libro
670 873 708 914 se
733 851 932 933 imprimea,
961 850 1143 931 prohibito
1168 851 1256 933 perd
1282 853 1346 911 dar
1371 850 1474 912 fuora

188 957 304 1039 prima
329 959 395 1019 che
420 979 464 1020 ne
490 959 659 1021 habbiino
680 960 848 1020 mandato
872 979 943 1019 uno
968 960 1013 1019 ad
1031 958 1151 1038 Cesar‚
1175 979 1244 1020 uno
1262 959 1296 1019 al
1313 979 1350 1019 re
1367 958 1472 1019 Gallo

189 1077 226 1125 et
265 1086 334 1127 uno
372 1067 406 1127 al
431 1067 532 1128 Duca
558 1065 714 1129 Saxone.
762 1066 869 1127 Certo
907 1086 952 1127 ne
985 1067 1031 1127 bo
1067 1086 1156 1146 gran
1182 1074 1410 1127 contentezza
1435 1086 1472 1126 se

188 1192 270 1233 sara
294 1176 366 1234 cosl
392 1173 524 1254 perche
550 1173 664 1253 questi
682 1171 851 1234 Germani
877 1184 1003 1234 stanno
1020 1171 1055 1233 in
1071 1173 1208 1252 grande
1227 1173 1472 1253 expettatione

189 1279 284 1340 della
318 1280 500 1357 sententia¹
530 1280 574 1341 de
601 1279 701 1341 Paris
737 1287 771 1340 et
796 1279 857 1360 gib
880 1278 940 1359 piu
966 1279 1001 1340 di
1025 1279 1094 1340 due
1119 1279 1204 1340 mesi
1231 1280 1254 1341 li
1279 1280 1472 1341 Lutherani

189 1385 341 1447 faceano
377 1406 528 1467 sparger
558 1386 617 1467 qui
647 1407 714 1449 con
746 1388 883 1466 grande
913 1386 990 1449 loro
1022 1386 1240 1467 avantaggio
1273 1388 1339 1448 che
1371 1386 1472 1447 Paris

188 1494 306 1553 havea
329 1495 531 1573 approbata
555 1495 589 1554 la
612 1493 769 1555 dottrina
793 1493 828 1554 di
855 1494 998 1571 Luther,
1024 1504 1168 1554 excetto
1193 1492 1310 1553 alcuni
1335 1493 1471 1573 pocbis-

188 1599 265 1661 sirni
290 1599 440 1678 articuli,
465 1601 488 1661 li
513 1601 608 1680 quali
631 1601 780 1662 diceano
806 1621 925 1662 essere
950 1600 1165 1681 disputabili.
1217 1600 1241 1660 ll
1267 1601 1333 1660 che
1358 1599 1391 1660 io
1416 1619 1472 1660 an·

189 1707 321 1769 corcbe
346 1728 416 1769 non
442 1709 617 1785 credesse,
642 1709 832 1771 tuttavolta
857 1728 921 1788 per
946 1708 1004 1789 piu
1030 1706 1169 1770 securtci
1187 1707 1383 1768 dubitando
1408 1707 1472 1767 che

189 1814 275 1876 sorsi
302 1834 372 1876 non
398 1816 591 1876 havessero
616 1814 738 1876 havuti
763 1815 786 1876 li
812 1814 892 1876 libri
916 1815 976 1894 piu
1002 1813 1134 1875 enormi
1160 1814 1195 1874 di
1213 1814 1311 1876 detto
1330 1814 1472 1893 Luther‚

189 1921 211 1982 li
237 1921 380 1983 mandai
397 1931 432 1981 et
448 1920 566 1982 scrissl
591 1922 661 1983 alla
678 1920 881 1983 Universiti
907 1922 1024 2001 quello
1051 1923 1116 1982 che
1141 1921 1200 2000 qui
1227 1921 1255 1980 si
1280 1921 1473 2000 divulgata

190 2037 224 2088 et
248 2048 411 2110 pregava
436 2027 459 2089 li
485 2028 617 2090 dottori
641 2037 676 2089 et
701 2030 899 2090 exlrortava
923 2049 943 2088 a
968 2029 1069 2089 voler
1093 2047 1159 2088 con
1185 2028 1219 2087 la
1247 2047 1309 2088 sua
1334 2037 1470 2090 senten-

191 2135 239 2197 tia
263 2135 425 2216 prohibir
456 2136 479 2196 li
505 2135 653 2216 periculi
678 2137 771 2198 delle
796 2135 911 2197 anime
937 2136 981 2195 de
1007 2133 1132 2195 infiniti
1157 2135 1223 2195 che
1250 2133 1308 2214 qui
1334 2155 1371 2195 se
1395 2154 1471 2214 per·

193 2243 285 2304 dano
325 2262 390 2322 per
425 2252 551 2321 questa
589 2240 682 2304 falsa
718 2242 811 2303 fama
849 2263 869 2303 o
894 2261 1025 2303 ancora
1055 2261 1121 2321 per
1154 2242 1188 2301 la
1221 2243 1297 2301 loro
1332 2242 1470 2302 tardita.

193 2348 297 2410 Certo
323 2349 389 2408 che
414 2348 460 2409 mi
486 2347 621 2410 dubitai
647 2349 790 2429 quando
815 2349 863 2409 tal
888 2348 982 2409 sarna
1016 2351 1043 2409 si
1073 2367 1247 2428 spargea‚
1284 2350 1349 2409 che
1385 2347 1471 2410 forsi

192 2457 265 2517 loro
299 2456 492 2517 bavessero
530 2456 662 2517 veduto
701 2454 765 2518 soli
804 2455 827 2517 li
858 2455 994 2517 articuli
1020 2456 1114 2516 della
1140 2455 1243 2515 Bulla
1269 2455 1350 2516 nelli
1376 2456 1471 2535 quali

194 2563 234 2624 de
260 2572 440 2643 potestate
465 2554 587 2642 Papae
612 2583 711 2624 corne
737 2583 776 2623 sa
800 2562 844 2623 V.
870 2560 906 2625 S.
932 2561 1008 2622 R¹¹¹¹²
1031 2561 1053 2622 li
1076 2562 1228 2623 Parisini
1252 2583 1339 2624 sono
1364 2562 1397 2624 in
1424 2565 1470 2625 al-

194 2688 280 2730 cuna
314 2688 400 2730 cosa
435 2669 603 2730 discordii
642 2671 688 2731 da
723 2669 792 2731 noi.
840 2669 933 2731 Pori>
959 2669 1099 2731 mandai
1125 2670 1201 2731 loro
1230 2669 1257 2743 ¹li
1282 2671 1360 2730 altri
1388 2671 1469 2731 mali

195 2775 285 2854 libri,
312 2784 347 2836 et
372 2795 460 2836 sono
486 2779 595 2837 molto
620 2778 756 2858 allegro
782 2778 847 2837 che
873 2779 906 2837 la
931 2797 1014 2837 cosa
1039 2775 1133 2856 passi
1159 2797 1259 2837 come
1285 2777 1329 2838 mi
1354 2778 1469 2839 scrive

195 2883 256 2942 mio
282 2881 437 2960 frate110,
462 2893 497 2942 et
522 2883 613 2963 sapii
637 2883 681 2944 V.
699 2880 735 2944 S.
754 2883 829 2944 R¹na
853 2884 919 2944 che
943 2903 964 2943 a
988 2892 1108 2961 tempo
1133 2884 1252 2962 quello
1277 2884 1469 2945 medesimo

196 2989 224 3049 di
248 2989 312 3050 che
338 2989 508 3050 recevetti
534 2989 631 3050 dette
656 2991 783 3051 lettere
808 3010 846 3049 se
868 2989 1061 3068 divulgava
1080 2990 1119 3065 in
1137 2990 1280 3068 palazzo
1306 3011 1369 3072 per
1386 3011 1470 3053 cosa

197 3108 285 3157 certa
311 3098 377 3158 che
402 3118 423 3156 a
449 3096 549 3157 Paris
573 3098 737 3158 baveano
762 3097 963 3177 approbato
988 3094 1011 3155 li
1036 3095 1172 3156 articuli
1199 3096 1233 3155 di
1253 3097 1386 3158 Luther
1410 3118 1467 3158 ex-

198 3213 283 3265 cetto
309 3203 387 3281 doi,
418 3202 538 3282 liquali
571 3223 680 3264 ancor
704 3202 853 3263 diceano
880 3221 977 3262 esser
1002 3201 1217 3282 disputabili.
1267 3203 1293 3265 ll
1319 3205 1384 3266 che
1409 3226 1467 3285 ap-

200 3327 314 3387 presso
340 3309 447 3390 quelli
473 3312 537 3371 che
563 3331 631 3372 non
657 3330 786 3389 sanno,
820 3328 1003 3388 generano
1040 3309 1114 3390 (sic)
1146 3312 1283 3390 grande
1308 3314 1467 3392 tumulto,

199 3414 307 3478 donde
333 3416 546 3477 venendomi
573 3418 605 3477 el
623 3416 815 3479 Confessor
839 3438 859 3478 a
884 3416 938 3477 dir
963 3417 1012 3476 tal
1029 3437 1123 3478 nova
1148 3419 1298 3492 (benchi
1325 3419 1371 3479 lui
1397 3441 1466 3481 non

200 3521 226 3583 la
248 3534 390 3604 potesse
416 3524 555 3602 creder)
580 3523 614 3585 io
638 3523 662 3585 li
686 3523 831 3587 mostrai
854 3525 889 3585 la
914 3525 1040 3585 lettera
1065 3537 1100 3584 et
1117 3523 1259 3586 subbito
1275 3522 1329 3585 ine
1347 3524 1467 3588 fecero

200 3630 345 3693 chiamar
370 3650 390 3691 a
414 3631 558 3710 palazzo
585 3641 619 3692 et
643 3631 771 3712 legger
795 3633 893 3692 detta
917 3632 1061 3710 lettera,
1088 3632 1205 3692 donde
1230 3631 1333 3693 sorno
1358 3635 1467 3694 molto

200 3736 300 3818 alegri
325 3748 361 3798 et
384 3737 408 3799 li
433 3737 628 3800 adversarii
653 3738 734 3799 tutti
759 3737 939 3799 rebattuti.
987 3737 1032 3800 Et
1055 3759 1075 3799 a
1100 3738 1133 3797 V
1137 3787 1143 3799 .
1169 3735 1204 3799 S.
1231 3759 1286 3800 me
1310 3760 1401 3801 racc.

802 4132 854 4193 Sl.

436 4245 582 4327 Carolus
609 4245 647 4327 ll.
677 4246 889 4326 electoribus
918 4249 953 4324 et
981 4245 1212 4345 principibu.

632 4377 715 4446 (Acta
732 4375 866 4434 nomae.
889 4374 935 4433 lol.
953 4373 1021 4444 140.)

662 4478 750 4544 (Circa
770 4480 793 4532 8.
815 4479 878 4526 Maii
903 4476 989 4544 1521.)

276 4594 425 4657 Carolus
450 4602 515 4655 etc.
563 4593 749 4656 Universis
774 4604 808 4656 et
833 4593 982 4675 singulis
1000 4593 1222 4656 Electoribus
1241 4594 1466 4676 Principibus

198 4707 258 4762 tam
281 4701 541 4764 Ecclesiasticis
565 4722 670 4782 quarn
695 4703 936 4763 saecularibus
960 4701 1143 4778 Praelati5‚
1169 4702 1374 4776 Comitibus‚
1400 4703 1464 4764 Ba·

198 4808 347 4889 renibus,
372 4808 543 4870 Militibus
559 4819 594 4870 et
611 4809 808 4872 Clientibus
825 4807 1028 4889 capitaneis
1053 4809 1254 4888 presidibus
1284 4821 1318 4870 et
1344 4809 1465 4890 judici·
