3330 5580
781 463 1027 521 Riihl&

266 630 368 689 quem
394 610 522 691 collegi
547 622 582 673 et
607 619 766 673 sustento
792 610 826 672 in
851 612 942 672 hanc
968 630 1079 691 usque
1103 612 1227 673 horam
1243 609 1468 692 gravissimis
1494 611 1557 672 im-

264 717 403 796 pensis,
428 716 500 777 S¹²¹¹¹
526 717 597 777 V²¹¹¹
631 718 805 797 deprecor
837 728 872 779 et
903 719 1052 779 obsecro
1085 728 1124 779 ut
1157 717 1299 797 quando
1330 737 1440 798 super
1468 718 1557 780 assi-

264 822 382 903 gnatis
406 824 474 886 illis
499 823 625 905 viginti
648 823 802 885 millibus
835 824 944 885 veluti
976 823 1178 886 certissimis
1211 823 1318 886 fidem
1349 844 1467 886 meam
1493 826 1556 887 ob·

265 930 467 992 strinxerim
486 931 652 1010 dignetur
674 929 879 992 offitialibus
904 930 1030 992 aerarii
1050 931 1103 992 sui
1118 931 1334 992 demandare
1350 941 1390 993 ut
1406 929 1557 994 omnino

264 1036 293 1097 si
318 1038 422 1098 modo
447 1036 522 1099 fieri
548 1038 731 1099 commode
755 1049 887 1118 posset,
912 1037 1037 1117 reliqui
1067 1037 1128 1100 ΧΙιῐ
1151 1037 1281 1099 Ducati
1309 1057 1388 1099 cum
1421 1035 1557 1100 effectu

265 1156 502 1223 numerentur,
527 1146 661 1224 absque
686 1144 866 1222 dilatione,
891 1154 952 1205 aut
976 1146 1101 1206 saltem
1126 1145 1171 1206 de
1195 1143 1263 1206 illis
1287 1144 1469 1207 Fuccarus
1502 1165 1556 1206 se·

265 1268 369 1310 curus
393 1248 455 1311 fiat
484 1262 518 1312 et
549 1261 689 1327 cautuS,
720 1251 808 1312 sicut
840 1250 1031 1332 scripserat
1059 1251 1128 1313 iam
1162 1250 1212 1313 illi
1241 1250 1373 1333 optime
1407 1259 1556 1313 cautum
1632 1288 1635 1292 ⁴

265 1355 384 1418 fuisse.
443 1354 501 1418 Sic
539 1377 608 1438 ego
645 1357 783 1437 plenius
818 1357 916 1419 fruar
945 1356 1115 1420 benefitio
1147 1356 1194 1418 81³
1223 1358 1286 1418 V⁸⁶
1312 1367 1347 1420 et
1377 1358 1557 1420 maturius

265 1464 360 1542 quod
384 1462 529 1525 intendo
555 1464 761 1543 expediam;
787 1464 815 1525 si
831 1466 909 1526 Deo
935 1464 1097 1545 propicio
1121 1463 1196 1525 voti
1221 1464 1288 1526 mei
1305 1484 1453 1545 compos
1479 1463 1550 1527 fac-

265 1581 320 1630 tus
344 1569 456 1649 fuero,
482 1591 552 1631 non
570 1590 693 1651 parum
710 1571 870 1651 proderit
888 1571 932 1631 ad
949 1571 1189 1632 reducendam
1211 1582 1246 1633 et
1263 1571 1555 1633 conservandam

265 1676 447 1758 pristinam
485 1675 592 1739 fidem
624 1685 658 1738 et
692 1677 955 1739 observantiam
992 1675 1046 1739 8²⁰
1084 1676 1188 1740 Sedis
1222 1676 1457 1758 Apostolicae

265 1784 345 1846 Dat.
362 1783 559 1865 Tubingae,
575 1783 632 1846 die
650 1783 746 1845 XXI
762 1783 897 1846 Mensis
919 1784 1085 1866 Augusti.
1123 1786 1230 1847 Anno
1246 1784 1327 1847 Dni.
1344 1784 1553 1853 MDXXV,

867 2301 942 2368 247.

685 2426 844 2506 Clemens
873 2426 951 2507 VII.
981 2425 1117 2508 Suavis.

455 2584 588 2651 (demens
607 2583 668 2640 VH.
687 2583 775 2655 Epist.
795 2583 832 2640 ad
849 2582 987 2655 principer
1005 2599 1056 2656 per
1075 2583 1197 2642 Sadolet.
1216 2582 1261 2640 ἰοὶ
1280 2582 1354 2653 20³.)

747 2708 801 2773 (23.
822 2713 937 2773 nug-usn
960 2711 1048 2778 1525)

356 2855 463 2916 Fides
488 2863 522 2916 et
546 2853 716 2916 fortitudo
741 2863 861 2915 vestra
885 2874 976 2934 quae
1000 2854 1056 2916 his
1080 2855 1300 2935 temporibus
1325 2874 1403 2916 cum
1421 2857 1551 2918 summi

266 2962 333 3023 Dei
356 2963 490 3022 honore
516 2973 550 3022 et
575 2959 789 3023 Germaniae
814 2960 922 3022 totius
955 2960 1106 3023 utilitate
1140 2961 1288 3042 egregie
1322 2961 1450 3023 enituit
1482 2963 1550 3025 etsi

267 3071 418 3130 humana
444 3089 584 3149 quoque
618 3069 924 3130 commendatione
956 3068 1160 3129 decoranda
1191 3068 1254 3147 sit,
1286 3067 1399 3130 maius
1428 3079 1548 3132 tamen

266 3186 301 3236 et
326 3174 541 3256 prestantius
565 3174 728 3236 habitura
753 3186 807 3236 est
830 3174 1024 3255 praemium
1049 3176 1145 3254 apud
1170 3176 1319 3236 eundem
1337 3176 1454 3237 Deum
1472 3179 1547 3256 glo·

265 3282 338 3343 riae
363 3281 615 3362 sempiternae;
642 3281 728 3343 nihil
753 3281 844 3343 enim
868 3282 928 3343 illa
952 3281 1067 3361 potuit
1092 3281 1275 3364 expectari
1299 3283 1549 3363 opportunius,

268 3389 351 3450 nihil
376 3388 668 3469 magnificentius.
716 3387 791 3449 Nisi
816 3387 907 3450 enim
924 3408 989 3450 vos
1005 3387 1223 3468 extitissetis,
1248 3391 1327 3452 etsi
1347 3410 1416 3451 non
1435 3391 1549 3452 virtus

267 3506 302 3556 et
326 3496 509 3557 consilium
536 3510 570 3557 et
599 3494 692 3557 vires
723 3505 863 3556 vestrae
895 3495 1133 3574 obstitissent,
1165 3494 1264 3557 furor
1295 3495 1354 3557 ille
1384 3496 1549 3559 immanis

267 3602 547 3683 impiissimarum
577 3604 781 3679 haeresum,
814 3602 1034 3663 multitudine
1075 3603 1315 3683 improborum
1357 3603 1548 3683 concitata,

269 3731 370 3772 omne
396 3708 650 3787 sacerdotium,
675 3729 814 3770 omnem
839 3708 1071 3787 nobilitatem,
1103 3729 1225 3771 omnes
1256 3720 1291 3770 et
1323 3709 1489 3791 publicas
1514 3720 1549 3772 et

268 3816 425 3895 privatas
459 3817 670 3897 dignitates,
703 3835 836 3891 mores,
872 3818 991 3896 leges,
1031 3816 1126 3894 iura,
1159 3815 1356 3885 universam
1392 3817 1548 3898 denique

270 3921 495 3984 Germaniam
511 3923 617 3996 ferre,
635 3932 766 4004 strage,
790 3922 930 3984 flamma
949 3934 983 3986 et
998 3923 1105 3985 ruinis
1130 3925 1348 4002 involvisset,
1373 3923 1548 4005 istamque

267 4027 492 4091 fortissimam
525 4039 560 4090 et
592 4028 843 4091 nobilissimam
877 4030 1072 4109 nationem,
1105 4032 1199 4111 apud
1228 4050 1332 4112 quam
1364 4041 1447 4093 ante
1482 4032 1548 4093 hac

267 4138 438 4216 precipua
471 4136 698 4198 humanitatis
732 4139 807 4198 laus
841 4148 876 4197 et
910 4138 1082 4199 catholice
1120 4137 1303 4219 religionis
1342 4138 1547 4200 observatio

267 4264 408 4323 semper
431 4243 600 4322 constitit,
625 4244 671 4304 ad
695 4242 802 4304 vitam
827 4245 1004 4323 agendam
1030 4264 1126 4305 more
1142 4243 1295 4304 ferarum
1314 4254 1350 4305 et
1366 4246 1411 4305 ad
1429 4265 1547 4307 rerum

268 4349 420 4411 omnium
446 4350 688 4412 confusionem
713 4350 901 4431 adegisset.
951 4350 1053 4429 Quod
1071 4348 1160 4412 tanti
1177 4350 1258 4412 mali
1276 4350 1472 4430 periculum
1489 4353 1548 4413 vel

268 4457 516 4519 detrimentum
532 4457 649 4537 potius
667 4457 795 4518 virtute
813 4467 932 4518 vestra
955 4457 1004 4518 ita
1021 4458 1228 4537 propulsum
1251 4465 1286 4518 et
1302 4477 1546 4537 compressum

268 4576 322 4626 est
337 4575 375 4626 ut
392 4585 538 4645 sperare
556 4567 760 4641 debeamus,
785 4565 864 4626 Deo
889 4565 1002 4644 ceptis
1026 4565 1215 4645 aspirante,
1242 4574 1383 4627 caetera
1408 4566 1452 4626 ad
1478 4565 1546 4646 pri·

268 4673 395 4733 stinum
420 4671 580 4734 ordinem
604 4692 645 4732 ac
671 4674 778 4733 decus
803 4670 908 4733 facile
932 4671 1099 4733 reditura.
1153 4670 1224 4733 Sed
1257 4670 1292 4732 in
1316 4681 1393 4732 tota
1416 4672 1483 4734 hac
1508 4691 1546 4733 re

268 4779 427 4841 mirabile
458 4779 568 4840 visum
603 4789 656 4840 est
689 4779 791 4840 nobis
823 4778 890 4839 Dei
919 4777 1170 4858 omnipotentis
1198 4777 1401 4851 consilium;
1435 4778 1546 4840 voluit
