3330 5580
723 445 970 503 &ababa

294 591 496 655 Francesco
513 591 731 673 Sicbinghen
758 593 776 655 ὸ
801 593 850 655 ito
875 594 909 654 al
934 613 1043 675 paese
1069 593 1113 653 da
1131 591 1398 672 Wirtcmberge
1424 610 1487 670 per

188 719 310 762 nome
335 699 370 762 di
394 699 513 763 Cesar.
561 700 677 762 Resta
701 703 767 763 che
792 700 825 762 io
851 700 957 762 scrivi
982 701 1027 761 de
1051 699 1074 760 li
1099 697 1180 759 libri
1205 709 1239 759 et
1265 698 1364 760 brevi
1389 717 1484 759 rece·

189 806 299 888 puti:
326 816 417 869 tutto
441 806 461 868 ὲ
485 817 578 869 stato
594 809 626 870 al
644 807 829 889 proposito
846 807 1059 885 assaissim0‚
1084 815 1119 867 et
1137 805 1160 866 li
1178 805 1277 867 brevi
1294 804 1487 882 bonissimi,

192 924 237 976 et
263 916 336 976 ben
361 913 442 978 fatti
466 924 501 976 et
526 935 547 975 a
570 923 700 995 tempe.

295 1021 351 1083 De
383 1021 407 1083 li
442 1021 567 1084 danari
601 1023 667 1084 che
700 1041 764 1104 per
789 1021 932 1103 meggio
957 1020 993 1082 di
1019 1020 1151 1081 Vostra
1176 1017 1344 1099 Signoria
1369 1018 1485 1079 Reve-

192 1127 414 1190 rendissima
438 1127 569 1190 Nostro
595 1127 749 1210 Signore
774 1149 829 1190 me
853 1129 899 1190 ha
923 1129 1013 1190 fatto
1039 1146 1152 1208 pagar
1177 1123 1237 1188 alli
1262 1125 1360 1205 Bini,
1392 1138 1426 1188 et
1452 1126 1473 1187 li

193 1237 369 1297 berarme
394 1236 452 1297 dal
477 1235 617 1315 debito,
655 1237 738 1316 qual
767 1238 883 1298 havea
908 1256 975 1298 con
1000 1236 1088 1312 lore,
1113 1233 1294 1313 rengratio
1320 1234 1341 1294 l'
1358 1254 1427 1295 uno
1453 1244 1487 1294 et

194 1343 311 1403 laltro
335 1351 469 1423 quanto
492 1341 552 1423 piu
588 1362 712 1422 poss0;
745 1353 844 1405 certo
876 1343 994 1405 hanno
1026 1342 1116 1403 fatto
1147 1344 1216 1403 ben
1247 1340 1292 1401 ad
1325 1361 1370 1401 un
1406 1339 1486 1400 fide·

193 1448 338 1511 lissimo
364 1448 535 1526 servitor,
560 1450 625 1511 che
651 1450 695 1512 de
720 1460 811 1511 tutto
836 1449 859 1511 il
884 1469 967 1511 core
992 1469 1095 1512 cerco
1120 1458 1154 1510 et
1179 1468 1319 1528 sempre
1344 1446 1488 1509 cercara

192 1555 321 1617 servir
345 1576 366 1616 a
391 1552 465 1617 Sua
489 1554 628 1617 Santrta
653 1566 689 1618 et
721 1577 741 1618 a
765 1556 897 1618 Vostra
923 1553 1090 1638 Signoria
1114 1554 1429 1617 Reverendissima
1454 1565 1488 1631 et

192 1661 280 1726 Sua
307 1661 546 1726 lllustrissima
570 1683 663 1725 casa.

822 2101 874 2166 98,

648 2217 687 2298 u
717 2216 846 2296 Penius
873 2215 981 2297 Leoni
1009 2215 1051 2295 X.

623 2364 707 2431 (Arm
726 2363 799 2422 xm.
818 2363 893 2438 daps
911 2362 947 2420 n
971 2362 1004 2420 ll.
1024 2363 1076 2432 28.)

727 2484 763 2550 (r.
784 2485 859 2549 Junii
882 2484 967 2545 1521.l

296 2619 506 2682 Beatissime
529 2618 638 2680 Pater
661 2628 742 2698 post
766 2616 884 2680 humil.
910 2617 1252 2680 commendationem
1277 2630 1312 2681 et
1337 2618 1486 2682 devotis·

193 2729 295 2791 sima
318 2728 439 2790 oscula
463 2727 604 2808 pedum.
651 2724 756 2786 Mitto
781 2726 826 2787 ad
852 2723 1085 2787 Sanctitatem
1111 2725 1274 2788 Vestram
1307 2746 1377 2787 una
1409 2747 1487 2787 cum

195 2833 318 2898 literis
350 2832 439 2896 meis
448 2882 457 2912 ‚
491 2853 688 2896 sermonem
725 2831 933 2894 Reverendi
966 2830 1077 2913 patris
1106 2830 1289 2894 Roffensis
1320 2833 1488 2915 Episcopi

197 2940 365 3005 habitum
392 2939 542 3001 Londini
568 2939 767 3002 astantibus
791 2948 826 3000 et
850 2937 1158 3000 circumstantibus
1182 2938 1329 3020 triginta
1354 2942 1405 3019 (ut
1430 2939 1483 3000 rni-

201 3047 336 3111 nimum
361 3046 489 3126 dicam)
514 3047 692 3108 hominum
722 3045 882 3124 milibus,
918 3064 961 3105 ea
986 3043 1059 3123 die,
1090 3065 1160 3125 qua
1191 3045 1272 3108 libri
1300 3046 1488 3108 lutheriani

202 3154 351 3237 publice
375 3153 550 3215 combusti
576 3153 727 3215 fuerunt.
778 3152 824 3213 Et
848 3150 930 3232 quia
955 3171 1025 3213 non
1049 3161 1121 3213 tam
1145 3153 1238 3232 ignis
1262 3153 1342 3215 huic
1368 3162 1488 3214 nostro

202 3263 341 3345 populo
366 3280 471 3341 quam
496 3280 612 3323 sermo
636 3259 817 3321 tam‘boni
843 3269 878 3321 et
911 3257 1038 3320 eruditi
1073 3257 1262 3340 Episcopi,
1296 3260 1487 3322 Lutherum

201 3367 401 3432 hereticum
426 3366 622 3430 declaravit
647 3367 728 3447 (non
754 3366 868 3445 magis
893 3364 984 3427 enim
1011 3365 1173 3428 doctrina
1197 3367 1279 3428 licet
1304 3368 1348 3429 sit
1372 3368 1487 3450 singu·

204 3476 299 3554 laris,
324 3496 431 3558 quam
456 3474 551 3537 vitae
576 3493 781 3554 morumque
807 3470 997 3553 SanctitaS,
1022 3472 1230 3536 Roffensem
1251 3474 1488 3550 commendat)

206 3583 330 3665 putavi
365 3603 431 3666 per
463 3602 569 3664 quam
604 3580 844 3643 necessarium
877 3599 955 3641 esse
991 3590 1028 3641 ut
1061 3581 1190 3643 Vestra
1218 3579 1417 3662 Sanctitas,
1453 3596 1488 3645 et

206 3690 298 3755 istud
324 3709 464 3754 sacrum
489 3688 679 3770 collegium
706 3707 749 3749 ex
774 3687 843 3748 hoc
868 3705 1032 3749 sermone
1056 3687 1314 3769 intelligerent,
1348 3701 1383 3752 et
1411 3711 1487 3771 per·

208 3798 388 3880 spicerent
420 3796 539 3877 qualia
572 3796 731 3856 membra
761 3791 958 3855 catholicae
992 3793 1175 3858 Ecclesiae
1207 3797 1338 3859 habeat
1369 3799 1436 3860 hoc
1468 3820 1488 3860 a

209 3914 280 3968 toto
306 3905 396 3967 orbe
419 3912 492 3965 tarn
517 3901 667 3964 divisum
692 3919 857 3979 regnum;
883 3919 1058 3981 quamque
1083 3913 1209 3981 parata
1232 3904 1302 3967 sint
1317 3906 1488 3967 adversus

210 4013 416 4095 pestilentes
439 4012 601 4086 hereseS,
633 4019 667 4070 et
692 4005 850 4069 nefanda
874 4006 1080 4087 schismata,
1114 4019 1257 4074 strenue
1291 4015 1487 4078 decertare.

210 4119 250 4182 Et
277 4119 442 4202 quamvis
466 4115 665 4193 Roffensis,
698 4115 765 4175 hac
798 4112 968 4192 peculiari
998 4115 1126 4179 virtute
1158 4120 1340 4199 praeditus
1373 4123 1417 4184 sit
1451 4135 1488 4185 ut

210 4237 341 4291 tantum
368 4225 476 4307 fugiat
504 4223 673 4306 gloriam,
697 4229 866 4301 quantum
889 4220 977 4281 haec
1002 4221 1115 4303 ipsum
1141 4239 1393 4307 persequatur,
1419 4252 1487 4313 ego

212 4344 323 4399 tamen
349 4331 558 4396 sanctitatis
589 4331 742 4392 Vestrae
773 4325 985 4408 prudentiae
1017 4330 1123 4394 etiarn
1158 4335 1285 4414 opinor
1315 4347 1352 4398 ut
1377 4338 1488 4401 literis

214 4441 427 4526 Apostolicis
450 4440 500 4504 illi
526 4440 727 4501 declaretur
751 4453 855 4515 quam
881 4445 1066 4515 acceptum
1092 4439 1136 4501 sit
1161 4441 1274 4504 eidem
1300 4442 1486 4508 Sanctitati

214 4547 360 4613 Vestrae
389 4551 456 4611 hoc
487 4544 641 4610 ollicium
672 4542 767 4624 quod
797 4540 876 4601 Deo
910 4550 944 4602 et
976 4542 1166 4608 universali
1198 4548 1380 4614 Ecclesiae
1416 4564 1487 4616 tarn

215 4654 267 4737 pie
289 4667 327 4720 et
348 4655 485 4718 utiliter
506 4651 702 4735 praestitit:
737 4658 818 4710 sunt
842 4657 933 4717 enim
959 4677 1099 4735 omnes,
1133 4678 1210 4719 mea
1238 4659 1380 4740 quidem
1411 4681 1487 4721 sen.

218 4764 330 4848 tentia,
355 4765 400 4828 ad
425 4765 516 4828 hanc
540 4782 662 4827 veram
676 4758 859 4831 Ecclesiae
874 4766 1122 4829 defendendae
1138 4767 1288 4850 gloriam
1307 4766 1487 4839 incitandi,
