3344 5564
711 118 958 173 onius&

194 267 257 327 hos
275 286 386 346 usque
402 264 491 328 fines
508 285 664 347 serpere,
680 285 858 345 nunquam
884 265 1020 328 cessavi
1036 267 1120 348 quin
1145 266 1297 329 omnium
1322 266 1475 330 maxime

195 373 457 451 contenderem,
482 375 577 454 apud
603 372 874 436 Serenissimum
900 373 1116 455 Principem,
1152 384 1224 436 tam
1262 373 1372 435 literis
1408 373 1475 437 fre·

195 478 451 560 quentissimiS,
488 500 593 560 quam
622 489 658 541 et
688 480 823 542 crebris
857 480 1031 560 nunctiis,
1067 492 1105 544 ut
1138 479 1233 543 Suae
1264 478 1475 544 Serenitatis

195 585 345 649 animum
370 606 435 668 pro
449 585 657 648 defensione
681 586 831 649 nominis
856 588 1086 651 ecclesiastici
1111 587 1351 651 inviolabilem
1376 596 1411 651 et
1426 588 1474 650 in-

196 693 406 774 placabilem
430 695 627 775 redderem,
651 714 695 757 ne
720 694 805 775 quid
830 696 1005 758 decedere
1030 706 1212 777 pateretur
1237 696 1281 758 de
1300 716 1363 758 sua
1388 715 1475 777 erga

195 801 313 863 sedern
331 800 576 882 Apostolicam
593 801 784 865 devotione
801 803 915 883 solita,
940 813 975 866 et
999 802 1129 884 insigni
1155 821 1242 882 erga
1265 801 1474 884 religionem

196 906 420 969 christianam
436 908 581 989 pietate,
598 908 704 972 etiam
721 909 750 971 si
768 909 802 970 vi
818 918 853 971 et
877 909 983 972 armis
1007 909 1193 992 negocium
1217 907 1475 972 conficiendum

195 1015 393 1087 videretur:
430 1016 493 1078 sed
522 1035 638 1097 neque
662 1037 717 1079 me
741 1015 874 1079 frustra
909 1017 1073 1079 laborare
1105 1015 1334 1095 crediderim,
1368 1035 1474 1096 quum

196 1132 322 1204 sponte
346 1122 501 1185 currenti
526 1122 677 1185 calcaria
694 1122 902 1201 addiderim,
927 1134 962 1186 et
985 1142 1194 1204 quacunque
1210 1123 1346 1185 ratione
1364 1122 1474 1203 potui,

196 1248 433 1310 quoscumque
458 1231 600 1293 labores
616 1239 652 1291 et
674 1229 815 1311 vigilias
839 1250 935 1292 meas
959 1230 1005 1292 ad
1019 1231 1085 1292 hos
1108 1232 1277 1292 tumultus
1297 1230 1475 1291 sedandos

196 1335 343 1416 contuli,
374 1345 412 1399 ut
440 1336 524 1399 mihi
555 1336 678 1399 videre
711 1337 835 1400 videar
870 1337 1086 1419 presentiam
1118 1357 1233 1399 meam
1264 1336 1357 1399 inter
1384 1337 1473 1399 haec

197 1441 347 1505 confinia
380 1443 541 1507 nonnihil
577 1444 751 1506 commodi
787 1464 899 1525 usque
934 1443 970 1507 in
1005 1442 1264 1526 presentiarum
1301 1443 1472 1505 attulisse.

199 1548 330 1613 Verum
354 1550 383 1612 si
407 1558 550 1632 praeter
574 1550 778 1633 opinionem
802 1571 936 1631 meam,
969 1553 1063 1632 quod
1088 1551 1187 1613 Deus
1212 1547 1376 1630 Optimus
1400 1549 1473 1611 Ma·

197 1655 381 1737 ximusque
406 1657 606 1739 prohibeat,
630 1677 688 1720 res
711 1657 815 1720 aliter
838 1658 983 1720 cederet
1003 1660 1186 1738 (quantum
1201 1657 1247 1718 ad
1264 1675 1319 1718 me
1334 1652 1474 1738 attinet)

196 1763 349 1842 decrevi,
363 1783 574 1845 quecunque
590 1765 689 1845 dura,
706 1764 841 1846 gravia,
866 1774 902 1827 et
919 1785 1046 1846 aspera
1062 1764 1160 1846 prius
1184 1761 1343 1841 sufferre,
1368 1782 1473 1842 quam

195 1871 240 1932 ad
264 1870 387 1952 iniqua
410 1872 469 1933 vel
493 1871 611 1953 turpia
634 1870 792 1953 perduci,
817 1891 933 1952 neque
958 1870 1064 1934 facile
1088 1868 1303 1933 committam
1321 1877 1359 1930 ut
1376 1868 1473 1950 quip-

195 1976 290 2059 piam
315 1997 361 2038 ex
385 1997 441 2039 me
464 1977 628 2040 audiatur
652 1987 886 2060 acceptatum,
905 1979 1000 2060 quod
1016 1979 1074 2042 vel
1100 1986 1240 2040 vestrae
1257 1975 1475 2038 Beatitudini

195 2084 381 2147 molestum
397 2103 475 2146 esse
488 2084 611 2166 possit,
628 2086 685 2148 vel
700 2106 756 2148 me
768 2105 893 2167 parum
909 2085 1071 2148 decuisse
1084 2084 1261 2158 videatur;
1273 2081 1475 2163 arbitratuS,

195 2191 291 2272 quod
316 2190 350 2251 in
375 2190 469 2253 omni
498 2211 577 2254 mea
607 2191 763 2271 fortuna,
792 2203 828 2255 et
852 2212 1027 2274 prospera
1062 2202 1098 2254 et
1121 2192 1293 2270 adversa,
1317 2189 1396 2271 ipsa
1418 2209 1474 2252 me

196 2319 267 2362 non
291 2298 338 2361 sit
360 2298 574 2362 derelictura
598 2319 663 2381 pro
688 2320 731 2361 ea
755 2299 943 2362 clementia
967 2309 1002 2362 et
1025 2297 1244 2361 humanitate
1268 2317 1338 2378 qua
1359 2296 1474 2378 singu·

195 2408 249 2469 los
273 2405 327 2468 sui
351 2415 388 2468 et
410 2404 515 2469 Sedis
540 2406 698 2488 Apost⁰⁸⁰
717 2406 895 2469 studiosos
918 2427 1059 2488 semper
1094 2414 1148 2468 est
1178 2411 1386 2486 prosecuta;
1420 2400 1476 2465 cui

194 2535 251 2578 me
268 2522 305 2576 et
320 2513 515 2576 Ecclesiam
531 2514 623 2576 hanc
638 2534 736 2576 suam
752 2513 997 2576 Tridentinam
1010 2514 1240 2575 vehementer
1257 2510 1475 2573 commendo

286 2638 342 2701 Ex
366 2637 538 2701 Tridento
562 2637 620 2701 die
645 2637 775 2700 XXII*
797 2637 891 2718 Junii
917 2639 1024 2700 Anno
1048 2634 1191 2699 Domini
1216 2634 1368 2698 XXV²⁰.

1093 2780 1174 2830 Hom.
1193 2778 1319 2828 creatura

974 2870 1006 2921 B.
1029 2867 1226 2933 Episcopus
1251 2865 1405 2919 Trident.

736 3090 940 3104 ΑΜΜΛΜΝᾺΜΑΜΛ

411 3478 606 3579 Episcopus
634 3358 948 3556 ΨταῖὶεΙηῖνὶὶὃοῃείε
978 3471 1149 3553 Clementi
1177 3471 1256 3554 VIL

632 3623 690 3697 (up.
708 3623 794 3697 prino.
813 3621 865 3680 111.
886 3620 932 3680 tol.
952 3621 1023 3692 ΗΘ.)

703 3744 757 3807 (28.
776 3743 850 3807 Junii
873 3739 960 3805 1525.)

286 3896 517 3961 Sanctissime
542 3917 583 3958 ac
617 3893 827 3957 Beatissime
860 3893 897 3955 in
922 3890 1061 3955 Christo
1097 3890 1205 3952 Pater
1239 3910 1279 3951 ac
1311 3890 1475 3969 Domine,

194 4005 350 4071 Domine
374 4003 657 4068 clementissime.
704 4003 791 4064 Post
824 4002 956 4063 devota
982 4005 1165 4062 beatorum
1189 3999 1319 4079 pedum
1344 3999 1475 4078 oscula,

193 4112 426 4177 humillimam
450 4111 504 4174 sui
522 4110 633 4193 ipsius
649 4107 1000 4172 commendationem.
1018 4102 1297 4168 Clementissime
1312 4103 1475 4167 Domine.

194 4218 369 4302 Quamvis
393 4238 557 4281 erumnas
582 4226 617 4279 et
641 4215 861 4278 calamitates
888 4213 1070 4276 Ecclesiae
1093 4231 1134 4275 ac
1159 4210 1245 4273 cleri
1268 4210 1346 4290 mei,
1369 4209 1475 4274 immo

197 4324 353 4391 Sanctae
388 4324 493 4389 Sedis
524 4322 756 4408 Apostolicae
787 4332 822 4384 et
852 4320 1048 4402 relligionis
1085 4328 1324 4402 contemptum
1352 4317 1407 4381 his
1438 4319 1475 4382 in

197 4432 328 4497 finibus
352 4431 482 4496 totiens
505 4432 575 4494 iam
600 4428 862 4513 deploraverim
886 4427 1087 4508 totiensque
1109 4424 1296 4489 Sanctitati
1312 4424 1474 4505 Vestrae,

1265 4547 1316 4602 31*
