3344 5564
719 489 777 541 c“3
816 488 868 541 273
907 493 965 539 {1⁸0

292 632 420 713 Quello
444 632 636 696 medesimo
667 632 701 694 dl
726 634 792 695 che
818 634 854 694 fu
878 632 969 694 satta
1000 642 1126 714 questa
1150 635 1246 697 bella
1269 634 1481 698 executione

202 739 288 804 delli
313 739 393 802 libri
425 739 461 801 di
485 739 619 801 Luther
644 738 702 820 qui
726 738 760 801 in
786 739 950 801 Anversa
975 739 1084 802 Cesar
1117 741 1152 802 la
1176 760 1256 803 sera
1280 740 1340 821 poi
1364 743 1482 804 hebbe

201 850 237 911 13
261 848 523 941 1101311313
546 846 582 907 (11
599 844 771 925 Navarra,
795 847 830 908 la
853 847 958 927 quale
980 865 1089 911 ancor
1114 848 1180 909 che
1197 847 1246 909 lui
1263 857 1403 911 tenesse
1419 869 1484 930 per

203 974 307 1031 vera,
344 974 413 1016 non
439 951 474 1013 di
498 972 601 1014 meno
633 972 703 1014 non
728 954 763 1014 la
787 954 891 1014 volea
915 953 1103 1034 pubblicar
1132 954 1178 1017 da
1201 974 1240 1017 se
1263 954 1312 1017 fin
1336 956 1401 1018 che
1425 975 1483 1017 ve·

204 1061 308 1122 desse
332 1060 391 1140 piu
417 1066 591 1131 certezza;
628 1079 713 1121 vero
738 1059 757 1121 ὲ
782 1061 847 1121 che
873 1059 1027 1122 Palenza
1052 1081 1096 1123 ne
1120 1060 1248 1124 scrisse
1273 1082 1373 1124 come
1397 1069 1484 1144 pote

203 1167 368 1230 intendet
391 1167 435 1229 V.
460 1165 497 1229 S.
521 1167 607 1229 ΚΜ.

292 1273 417 1357 Hoggi
440 1275 486 1337 ad
509 1295 580 1337 una
603 1275 691 1337 hora
714 1274 774 1356 poi
800 1275 942 1356 meggio
968 1274 1013 1355 dl,
1038 1279 1181 1359 quando
1202 1276 1312 1339 Cesar
1335 1296 1396 1338 era
1419 1296 1485 1358 per

206 1381 347 1462 partirsi
371 1402 475 1445 verso
500 1380 615 1458 Gand,
643 1380 760 1443 arrivo
785 1401 888 1444 mess,
914 1382 1122 1445 Hieronimo
1148 1382 1323 1445 Soverino
1347 1403 1484 1463 senese,

207 1490 238 1550 el
272 1489 355 1570 qual
380 1508 418 1556 se
443 1488 461 1550 ὲ
485 1497 664 1550 attrovato
699 1489 756 1550 nel
784 1488 875 1550 fatto
910 1489 944 1551 di
979 1511 1074 1553 arme
1099 1499 1223 1553 contra
1246 1490 1416 1553 Francesi
1448 1490 1484 1553 in

207 1617 285 1658 essa
300 1594 461 1657 Navarra
485 1604 521 1658 et
540 1595 671 1675 perche
696 1596 728 1657 el
744 1595 803 1658 Re
820 1595 945 1677 scrive,
971 1596 1062 1659 cossi
1078 1618 1147 1659 non
1164 1597 1322 1660 scrivero
1343 1596 1378 1659 io
1394 1598 1485 1661 altre

206 1701 496 1783 particularitade
521 1702 557 1763 di
582 1710 708 1783 questo
732 1701 836 1764 etiam
863 1705 993 1784 perche
1018 1704 1036 1766 ὲ
1058 1704 1161 1766 fuora
1186 1703 1221 1765 di
1236 1703 1305 1766 mia
1320 1702 1484 1785 impresa.

207 1809 324 1872 Credo
358 1829 511 1871 saranno
535 1818 666 1871 venute
700 1829 816 1871 nuove
840 1830 861 1871 a
886 1808 959 1872 Sua
983 1810 1121 1873 Santita
1155 1819 1191 1873 et
1214 1832 1235 1873 a
1260 1809 1303 1872 V.
1328 1808 1364 1873 S.
1390 1811 1485 1873 Rma

205 1917 264 1994 del
280 1914 493 1996 Maguntino
517 1915 662 1996 (perche
680 1935 788 1978 ancor
805 1936 874 1996 qua
890 1917 936 1978 ha
953 1916 1088 1997 scritto)
1114 1917 1149 1979 di
1165 1919 1282 1999 quelle
1297 1915 1485 1979 insolentie

203 2025 271 2086 che
296 2022 417 2085 secero
440 2021 500 2085 alli
525 2023 558 2083 dl
584 2021 718 2102 passati
743 2022 767 2085 li
791 2022 944 2086 scholari
969 2025 1013 2085 de
1038 2023 1240 2105 Erphordia
1268 2044 1333 2106 per
1357 2045 1395 2087 se
1420 2023 1485 2086 soli

200 2129 337 2212 primo,
372 2128 433 2211 poi
456 2128 591 2191 adiunti
620 2129 736 2191 alcuni
761 2129 820 2191 del
843 2131 976 2211 popolo
1005 2140 1129 2194 contro
1154 2130 1271 2193 alcuni
1296 2131 1354 2193 del
1378 2132 1485 2192 clero.

200 2237 275 2300 Dio
299 2235 451 2318 perdoni
475 2237 510 2297 al
534 2237 632 2297 detto
657 2233 696 2297 8¹
721 2235 746 2299 il
771 2238 876 2317 quale
899 2237 1077 2300 ancorche
1101 2237 1142 2300 sii
1176 2239 1222 2299 da
1246 2258 1283 2300 se
1307 2239 1426 2299 buono
1451 2245 1487 2300 et

196 2343 320 2426 gentil
343 2342 522 2425 principe,
558 2345 748 2405 tuttavolta
772 2363 837 2424 per
860 2364 924 2405 sua
947 2364 1015 2424 pur
1039 2356 1168 2427 troppa
1191 2342 1442 2425 pusillanimita
1467 2344 1485 2406 ὲ

196 2461 300 2514 stato
326 2470 433 2514 causa
469 2450 527 2511 dal
550 2448 726 2531 principio
751 2451 784 2511 al
808 2448 879 2512 fine
904 2450 939 2511 di
963 2450 1043 2512 tutti
1068 2449 1183 2532 questi
1207 2451 1300 2512 mali.
1347 2451 1403 2512 De
1427 2449 1487 2532 qui

194 2559 265 2623 noi
297 2557 380 2620 altri
410 2556 547 2619 faremo
572 2556 772 2638 dilligentia
804 2577 883 2620 cum
897 2557 1006 2620 Cesar
1037 2560 1103 2620 che
1135 2557 1218 2620 doni
1249 2557 1486 2631 ordinatione;

193 2665 266 2747 poi
291 2666 351 2727 nel
375 2663 444 2726 mio
469 2663 671 2746 aggiugner
703 2661 801 2726 costi
832 2664 908 2727 diro
941 2666 974 2727 el
997 2665 1067 2727 mio
1091 2684 1206 2746 pocco
1238 2684 1343 2746 parer
1368 2665 1486 2746 quello

194 2775 272 2836 che
298 2792 337 2834 se
360 2771 520 2833 harebbe
553 2770 599 2831 ad
622 2769 678 2832 131
701 2790 767 2853 per
791 2771 915 2834 obviar
939 2793 960 2833 a
984 2771 1086 2834 simili
1111 2770 1384 2834 inconvenienti.
1431 2771 1486 2832 De

196 2879 357 2944 mattino
381 2877 516 2960 partito
541 2880 585 2940 de
611 2876 669 2959 qui
702 2898 767 2959 per
791 2876 896 2941 Gand
930 2888 965 2940 et
989 2877 1096 2940 farasi
1130 2886 1221 2940 tutto
1253 2877 1276 2939 il
1300 2877 1433 2959 meglio
1458 2877 1486 2939 si

196 2986 327 3069 petra,
363 2994 400 3048 et
423 2983 550 3066 patera
582 2994 784 3066 opportuno
808 2983 941 3047 auxilio
966 2984 1033 3046 Dei
1058 2985 1117 3066 qui
1142 2984 1273 3045 Rmam
1297 2992 1332 3045 et
1355 2983 1485 3045 illmam

198 3094 248 3158 D.
265 3093 312 3156 V.
339 3092 399 3154 diu
422 3101 541 3155 servet
564 3092 776 3157 incolumen.
814 3090 919 3154 Cuius
942 3090 1134 3155 humillime
1151 3111 1273 3153 manus
1288 3091 1486 3154 deosculor.

200 3200 262 3264 Ex
288 3198 499 3281 Antverpia,
528 3197 585 3261 die
609 3198 702 3261 XVI
725 3197 808 3277 Julii
831 3197 1014 3263 MDXXI.

747 3376 953 3389 ἪΜΜΜΜΛΛ

813 3552 886 3616 109.

490 3670 732 3750 11331111
769 3667 1207 3749 111311113113111.

637 3807 779 3876 (11111111.
797 3804 971 3866 (11111111
989 3807 1057 3879 tet.)

721 3913 776 3985 (19.
795 3917 862 3982 Julii
884 3914 973 3983 1521.)

297 4047 338 4111 Io
362 4042 492 4109 arrivai
515 4043 550 4105 in
574 4051 699 4124 questa
723 4050 818 4104 terra
842 4041 877 4103 di
901 4043 1090 4105 Bruxelles
1112 4040 1224 4123 hoggi
1245 4061 1336 4104 nove
1361 4040 1488 4122 giorni,

219 4155 303 4218 dove
335 4174 406 4217 non
424 4140 461 4214 vsi
489 4152 537 4214 ha
559 4159 706 4232 possuto
737 4148 813 4212 fare
838 4169 947 4212 ancor
981 4149 1168 4212 execution
1201 4151 1328 4211 alcuna
1358 4148 1402 4210 de
1427 4168 1486 4228 pu-

218 4261 321 4325 blicar
352 4260 377 4323 li
401 4257 557 4322 mandati
580 4256 755 4338 imperiali
779 4265 903 4319 contra
927 4256 1077 4335 Luther‚
1113 4255 1243 4337 perche
1268 4255 1397 4316 voleno
1422 4255 1487 4316 che

217 4390 250 4432 se
273 4367 420 4432 'saccino
450 4365 485 4427 in
509 4362 688 4444 fiamengo
719 4372 755 4424 et
784 4361 949 4425 francese
981 4371 1017 4426 et
1040 4382 1106 4424 con
1132 4369 1230 4424 certa
1260 4363 1351 4422 altra
1374 4360 1488 4423 forma

215 4476 250 4539 di
272 4475 353 4540 stile
369 4472 546 4537 ancorche
562 4469 598 4533 di
615 4490 684 4532 una
699 4467 892 4531 medesima
906 4468 1114 4546 substantia,
1138 4469 1347 4530 altramente
1363 4479 1488 4547 questo

213 4603 320 4665 paese
336 4583 403 4645 che
421 4602 458 4644 se
475 4576 547 4641 tien
565 4585 732 4657 exempto
748 4576 794 4637 da
809 4577 844 4638 lo
860 4574 1013 4656 Imperio
1030 4595 1099 4637 non
1124 4573 1350 4645 obidirebbe;
1376 4573 1487 4654 perho

213 4694 373 4772 besogna
397 4696 524 4751 metter
556 4687 589 4748 le
613 4684 770 4747 clausule
802 4683 958 4745 secundo
986 4684 1063 4745 loro
1088 4682 1212 4744 forma.
1258 4679 1488 4743 Elfrancese

212 4798 248 4861 io
271 4799 307 4861 lo
329 4798 377 4858 ho
400 4794 557 4857 tradotto
583 4800 619 4853 et
642 4789 702 4872 gia
724 4788 825 4852 finito
849 4789 961 4874 hoggi
985 4792 1029 4852 de
1049 4789 1105 4851 131
1130 4788 1310 4851 descriver
1331 4789 1364 4849 al
1379 4795 1488 4867 netto,

239 4921 320 4973 Baton,
331 4920 477 4962 Documenta
485 4919 623 4960 Lutherant.
1298 4893 1330 4946 18
