3330 5580
708 440 953 498 Φ<32311ῖ>ὀ

190 587 245 650 ius
281 599 318 651 et
354 609 432 652 cum
466 593 616 671 qualche
651 589 813 652 maturit'a
845 591 889 650 de
923 599 1053 670 tempo,
1101 588 1142 650 El
1172 586 1468 650 reverendissimo

190 695 295 757 Santi
319 705 460 777 quattro
485 718 529 759 ne
555 698 572 758 ὲ
597 695 894 759 informatissimo.

281 802 415 865 Mando
439 823 509 865 una
534 813 630 866 certa
654 802 891 885 supplication
916 804 961 865 de
986 823 1055 864 uno
1072 803 1243 865 canonico
1261 802 1305 864 de
1322 801 1469 864 Colonia

192 911 224 971 el
254 910 337 989 qual
370 911 388 971 d
421 911 607 972 molestato
639 931 661 972 a
684 910 804 972 Roma
837 909 878 990 (si
903 920 956 971 est
980 919 1019 971 ut
1042 907 1176 994 narrat)
1200 929 1305 971 senza
1330 907 1466 988 ragion.

192 1016 329 1078 Messer
352 1015 407 1094 Jo.
433 1014 584 1078 Vinchel
614 1037 658 1079 ne
683 1018 701 1078 ὸ
726 1015 932 1090 informato;
963 1016 1007 1079 V.
1032 1014 1068 1077 S.
1093 1015 1169 1077 R¹¹¹³
1193 1014 1221 1077 si
1246 1014 1354 1096 degni
1380 1014 1470 1076 ordi-

192 1123 326 1185 narde
351 1124 385 1184 la
409 1124 474 1185 che
498 1143 563 1204 per
587 1124 691 1204 colpa
716 1135 837 1186 nostra
861 1133 1029 1204 questoro
1054 1143 1123 1184 non
1140 1121 1291 1202 gridin0‚
1318 1141 1386 1183 non
1412 1122 1468 1183 de·

194 1231 322 1292 mando
347 1229 459 1310 perhd
485 1251 522 1292 se
547 1251 616 1293 non
642 1232 676 1293 la
699 1251 804 1293 rason
831 1250 896 1291 con
922 1229 1074 1311 aequitii.

280 1336 322 1398 El
348 1336 547 1399 Leodiense
572 1338 641 1400 mio
666 1337 811 1418 antiquo
836 1346 963 1418 patron
989 1356 1102 1419 prega
1127 1336 1220 1399 assai
1245 1336 1289 1398 V.
1314 1335 1349 1398 S.
1375 1336 1470 1398 Rma

193 1464 229 1505 se
254 1442 364 1524 degni
388 1442 588 1506 interceder
612 1464 783 1527 appresso
808 1446 841 1507 el
867 1442 1097 1507 Sanctissimo
1130 1463 1195 1525 per
1220 1445 1253 1505 la
1277 1464 1383 1505 causa
1407 1463 1470 1504 sua

194 1550 452 1613 arrendationis
486 1551 697 1615 valentinae.
746 1551 852 1614 Certo
878 1552 943 1613 che
968 1551 1016 1613 lui
1040 1552 1086 1613 ha
1109 1549 1199 1612 fatto
1224 1551 1256 1611 el
1281 1549 1395 1630 primo
1420 1548 1468 1610 of-

194 1656 272 1719 ficio
296 1657 330 1718 in
356 1668 482 1738 questa
507 1679 614 1720 causa
637 1658 833 1737 lutherana,
859 1668 894 1720 et
919 1661 964 1721 do
988 1658 1048 1740 poi
1073 1657 1235 1738 exceptis
1259 1656 1469 1738 quibusdam

195 1763 311 1825 verbis
332 1763 454 1825 liberis
479 1774 513 1826 et
537 1763 677 1844 iocosis,
703 1767 795 1827 dove
821 1767 839 1826 ἐ
864 1775 956 1827 stato
981 1767 1142 1844 besogno
1166 1773 1201 1826 et
1226 1762 1412 1844 presertim
1437 1763 1469 1824 el

196 1871 225 1932 di
251 1871 333 1932 dell'
348 1891 497 1933 examen
522 1872 557 1933 di
583 1872 715 1935 Luther
740 1872 811 1954 egli
835 1872 914 1935 fece
939 1893 1021 1934 cose
1045 1871 1213 1942 mirabili;
1240 1870 1284 1933 ne
1308 1873 1469 1950 besogna

196 1980 324 2058 parlar'
351 1979 417 2039 che
456 1979 513 2040 nel
548 1999 656 2060 paese
692 1990 727 2041 et
759 1978 902 2042 diocese
931 2000 995 2041 sua
1028 1979 1136 2041 chec
1170 1977 1406 2059 grandissima
1430 1997 1467 2038 se

197 2085 284 2166 parli
323 2086 367 2147 de
392 2085 544 2158 Luther;
582 2096 769 2167 praeterea
805 2087 951 2167 &grato
985 2107 1006 2146 a
1039 2095 1164 2166 questo
1198 2085 1358 2166 principe
1391 2094 1426 2145 et
1450 2105 1471 2145 a

197 2192 350 2254 Chevres
380 2201 415 2252 et
440 2200 539 2255 tanto
564 2193 622 2274 piu
649 2192 833 2255 aestimato
859 2195 1010 2255 sarebbe
1035 2194 1087 2254 sel
1119 2213 1264 2274 sapesse
1289 2212 1387 2255 esser
1410 2191 1468 2272 piu

197 2298 342 2361 frenato.
397 2298 550 2362 Omnino
579 2299 729 2380 plurima
761 2298 845 2361 fecit
876 2309 911 2361 et
942 2303 993 2378 (ut
1022 2301 1139 2381 spero)
1170 2301 1272 2380 plura
1303 2298 1411 2360 faciet
1435 2297 1468 2358 in

197 2426 299 2467 causa
324 2416 462 2483 nostra,
496 2406 531 2466 la
566 2407 647 2487 qual
684 2407 796 2486 perhd
822 2407 839 2468 ὲ
864 2427 937 2468 sua.
986 2407 1103 2488 Prego
1130 2406 1172 2468 V.
1198 2404 1233 2468 S.
1260 2405 1355 2468 Rma
1378 2403 1470 2466 faeci

197 2514 343 2593 qualche
368 2531 453 2573 cosa
476 2531 541 2591 per
565 2511 613 2573 lui
642 2512 677 2574 in
714 2514 812 2575 detta
846 2532 971 2592 causa,
1008 2515 1089 2594 qual
1125 2514 1232 2575 credo
1268 2533 1337 2573 non
1374 2532 1471 2574 esser

196 2618 311 2700 iniqua
336 2622 448 2701 (come
473 2618 631 2699 intendo)
656 2620 769 2700 perhd
794 2630 829 2680 et
853 2629 952 2681 tanto
976 2619 1036 2701 piri
1062 2621 1096 2682 la
1120 2639 1233 2701 prego
1258 2629 1390 2700 quanto
1415 2638 1470 2680 me

196 2725 271 2787 sara
302 2746 324 2786 a
354 2746 410 2787 me
445 2727 490 2787 de
522 2727 673 2806 qualche
702 2728 772 2788 bon
803 2726 1002 2808 proposito,
1035 2748 1073 2789 se
1104 2747 1304 2809 pareranno
1337 2727 1370 2787 le
1403 2724 1470 2786 mie

196 2830 381 2914 preghiere
410 2852 480 2893 non
496 2852 593 2894 esser
608 2842 699 2894 state
716 2833 873 2914 volgari:
900 2832 923 2894 li
940 2832 1060 2912 agenti
1078 2854 1165 2895 sono
1183 2853 1315 2895 messer
1330 2833 1469 2912 Juliano

197 2937 336 3001 Vasello
361 2948 575 3019 procurator
599 2949 634 3000 et
658 2939 682 3000 li
707 2938 879 3002 Grimaldi
915 2939 1114 3018 banchieri,
1146 2940 1205 3001 alli
1236 2939 1329 3020 quali
1354 2937 1470 3000 scrivo

198 3065 230 3106 se
253 3045 445 3107 addresino
470 3045 530 3107 alli
555 3045 737 3108 secretarii
762 3047 807 3106 de
832 3045 875 3107 V.
901 3045 937 3107 S.
962 3044 1046 3108 Rma
1095 3046 1182 3109 Esso
1207 3046 1386 3128 Episcopo
1415 3066 1470 3107 me

197 3151 238 3213 ha
272 3152 372 3214 detto
410 3153 474 3214 che
511 3150 545 3213 io
577 3151 683 3214 scrivi
707 3155 773 3216 che
797 3153 854 3214 dcl
881 3162 972 3214 tutto
996 3173 1035 3214 se
1060 3154 1154 3215 dona
1177 3152 1236 3214 alli
1261 3151 1401 3214 servicii
1426 3152 1470 3212 de

198 3259 321 3337 quella.
368 3258 517 3339 Insuper
541 3279 675 3321 messer
699 3259 752 3338 J0.
768 3258 867 3340 Gays
892 3258 979 3321 alias
995 3259 1132 3322 notario
1158 3261 1202 3321 de
1225 3260 1246 3320 l'
1263 3259 1403 3321 auditor
1427 3258 1470 3318 de

198 3366 227 3426 la
250 3365 400 3428 Camera
433 3365 493 3445 qui
524 3365 559 3426 in
594 3375 719 3446 questa
748 3376 845 3428 corte
871 3365 916 3427 mi
940 3378 1062 3446 presta
1086 3367 1171 3448 ogni
1195 3368 1265 3428 bon
1291 3365 1410 3428 officio
1435 3365 1470 3426 in

198 3471 342 3553 stipular
367 3471 587 3534 instrumenti
612 3481 647 3534 et
671 3471 810 3534 adiutar
834 3493 855 3534 a
878 3472 1013 3534 scriver
1035 3473 1071 3535 in
1096 3474 1131 3536 la
1150 3494 1258 3535 causa
1274 3474 1470 3552 lutherana,

198 3581 303 3658 perho
337 3579 479 3660 ingrato
511 3578 622 3641 sarrei
651 3595 689 3640 se·
715 3598 783 3640 non
810 3579 844 3640 lo
869 3581 1164 3642 reccomandasse
1188 3600 1209 3640 a
1234 3579 1277 3640 V.
1303 3580 1339 3642 S.
1365 3579 1469 3640 Rma.

198 3683 326 3748 Mando
359 3686 392 3747 el
426 3705 489 3762 suo
522 3684 726 3747 memoriale
758 3694 793 3746 et
817 3686 978 3766 supplico
1004 3685 1148 3748 insieme
1174 3707 1251 3748 cum
1276 3706 1358 3748 seco
1383 3708 1421 3748 se
1447 3685 1470 3746 li

198 3789 281 3855 faeci
306 3791 425 3872 gratia
448 3791 493 3853 de
517 3791 609 3853 iusta
634 3803 669 3854 et
692 3791 801 3854 celeri
826 3792 1065 3875 expeditione.

278 3899 485 3962 Retornaro
510 3919 619 3961 ancor
643 3901 713 3961 alla
736 3919 844 3961 causa
869 3901 912 3961 de
938 3900 1088 3972 Luther;
1123 3904 1275 3964 sarebbe
1309 3905 1403 3965 bono
1435 3912 1470 3963 et

196 4004 235 4068 de
265 4004 424 4069 conselio
458 4006 502 4068 de
534 4005 615 4067 tutti
647 4005 704 4085 qui
740 4007 805 4067 che
838 4005 867 4067 si
892 4006 1065 4068 scrivesse
1089 4028 1135 4069 un
1160 4011 1270 4071 breve
1294 4029 1315 4070 a
1339 4010 1471 4072 Caesar

194 4111 484 4195 rengratiandolo
509 4114 553 4174 de
579 4115 613 4175 la
637 4116 731 4174 bona
755 4113 991 4175 deliberation
1016 4134 1090 4193 sua,
1115 4115 1160 4176 de
1185 4115 1219 4176 la
1242 4118 1324 4195 qual
1341 4117 1469 4178 mando

192 4215 224 4284 la
246 4221 371 4285 scritta
395 4222 439 4284 de
464 4242 526 4283 sua
551 4242 656 4284 mano
681 4233 716 4283 et
740 4224 921 4284 exortarlo
947 4224 992 4284 ad
1015 4242 1244 4302 perseverar,
1276 4234 1311 4285 et
1342 4223 1469 4284 dicono

190 4330 344 4392 sarebbe
376 4329 496 4391 buono
527 4329 592 4390 che
625 4329 647 4390 'l
672 4326 752 4391 St¹¹¹⁰
784 4329 998 4411 adiungesse
1030 4330 1088 4392 doi
1121 4330 1187 4393 soli
1219 4330 1312 4392 versi
1337 4331 1382 4391 de
1407 4349 1470 4390 sua

187 4449 294 4499 mano
319 4454 422 4497 como
446 4436 493 4497 ha
515 4434 606 4498 fatto
631 4435 749 4498 Cesar.

281 4544 314 4605 A
348 4542 369 4602 l'
385 4541 516 4603 official
550 4543 594 4603 de
619 4542 764 4604 Treveri
789 4563 835 4604 un
861 4543 1011 4624 qualche
1036 4552 1203 4624 presente
1229 4546 1381 4605 sarebbe
1406 4543 1469 4604 util

189 4661 256 4723 per
289 4650 324 4712 lo
356 4648 506 4711 advenir
530 4658 566 4711 et
589 4650 750 4728 honesto,
774 4669 840 4730 per
863 4651 898 4711 lo
923 4650 989 4711 che
1013 4650 1058 4710 ha
1082 4648 1171 4711 fatto
1196 4649 1404 4731 benissim0‚
1437 4651 1469 4711 el

191 4758 275 4834 qual
299 4758 434 4820 anchor
458 4758 523 4820 che
548 4754 642 4820 iussu
667 4757 831 4820 Caesaris
855 4767 890 4820 et
914 4757 966 4820 sui
991 4755 1122 4820 domini
1147 4756 1273 4820 fecerit
1289 4758 1396 4821 talem
1420 4757 1468 4825 iu·
