<?xml version="1.0" encoding="UTF-8"?>
<!DOCTYPE html PUBLIC "-//W3C//DTD XHTML 1.0 Transitional//EN"
    "http://www.w3.org/TR/xhtml1/DTD/xhtml1-transitional.dtd">
<html xmlns="http://www.w3.org/1999/xhtml" xml:lang="en" lang="en">
 <head>
  <title>
</title>
<meta http-equiv="Content-Type" content="text/html;charset=utf-8" />
  <meta name='ocr-system' content='tesseract 3.04.00' />
  <meta name='ocr-capabilities' content='ocr_page ocr_carea ocr_par ocr_line ocrx_word'/>
</head>
<body>
  <div class='ocr_page' id='page_1' title='image "./monumentareform00vatigoog_0036.png"; bbox 0 0 3330 5580; ppageno 0'>
   <div class='ocr_carea' id='block_1_1' title="bbox 737 495 946 553">
    <p class='ocr_par' dir='ltr' id='par_1_1' title="bbox 737 495 946 553">
     <span class='ocr_line' id='line_1_1' title="bbox 737 495 946 553; baseline -0.019 1"><span class='ocrx_word' id='word_1_1' title='bbox 737 495 946 553; x_wconf 48' lang='lat' dir='ltr'>essee</span> 
     </span>
    </p>
   </div>
   <div class='ocr_carea' id='block_1_2' title="bbox 188 642 1482 4902">
    <p class='ocr_par' dir='ltr' id='par_1_2' title="bbox 195 642 1482 1260">
     <span class='ocr_line' id='line_1_2' title="bbox 200 642 1481 724; baseline 0.002 -18"><span class='ocrx_word' id='word_1_2' title='bbox 200 643 420 723; x_wconf 86' lang='lat' dir='ltr'>Leodiensis,</span> <span class='ocrx_word' id='word_1_3' title='bbox 437 643 583 706; x_wconf 75' lang='lat' dir='ltr'>Notario</span> <span class='ocrx_word' id='word_1_4' title='bbox 600 652 635 705; x_wconf 89' lang='lat' dir='ltr'>et</span> <span class='ocrx_word' id='word_1_5' title='bbox 651 642 826 724; x_wconf 77' lang='lat' dir='ltr'>familiari,</span> <span class='ocrx_word' id='word_1_6' title='bbox 842 644 887 705; x_wconf 90' lang='lat' dir='ltr'>ad</span> <span class='ocrx_word' id='word_1_7' title='bbox 906 642 1147 705; x_wconf 88' lang='lat' dir='ltr'>charissimum</span> <span class='ocrx_word' id='word_1_8' title='bbox 1165 643 1199 706; x_wconf 90' lang='lat' dir='ltr'>in</span> <span class='ocrx_word' id='word_1_9' title='bbox 1217 644 1357 706; x_wconf 88' lang='lat' dir='ltr'>Christo</span> <span class='ocrx_word' id='word_1_10' title='bbox 1374 645 1481 708; x_wconf 87' lang='lat' dir='ltr'>filium</span> 
     </span>
     <span class='ocr_line' id='line_1_3' title="bbox 199 750 1480 832; baseline 0.001 -18"><span class='ocrx_word' id='word_1_11' title='bbox 199 762 357 814; x_wconf 89' lang='lat' dir='ltr'>nostrum</span> <span class='ocrx_word' id='word_1_12' title='bbox 382 751 548 813; x_wconf 89' lang='lat' dir='ltr'>Carolum</span> <span class='ocrx_word' id='word_1_13' title='bbox 572 751 818 813; x_wconf 91' lang='lat' dir='ltr'>Romanorum</span> <span class='ocrx_word' id='word_1_14' title='bbox 849 760 884 812; x_wconf 91' lang='lat' dir='ltr'>et</span> <span class='ocrx_word' id='word_1_15' title='bbox 909 750 1160 831; x_wconf 84' lang='lat' dir='ltr'>Hispaniarum</span> <span class='ocrx_word' id='word_1_16' title='bbox 1186 751 1328 832; x_wconf 88' lang='lat' dir='ltr'>Regem</span> <span class='ocrx_word' id='word_1_17' title='bbox 1355 752 1480 816; x_wconf 88' lang='lat' dir='ltr'>Catho-</span> 
     </span>
     <span class='ocr_line' id='line_1_4' title="bbox 197 855 1481 939; baseline 0.002 -19"><span class='ocrx_word' id='word_1_18' title='bbox 197 860 303 921; x_wconf 92' lang='lat' dir='ltr'>licum</span> <span class='ocrx_word' id='word_1_19' title='bbox 337 869 372 920; x_wconf 92' lang='lat' dir='ltr'>et</span> <span class='ocrx_word' id='word_1_20' title='bbox 396 858 650 938; x_wconf 80' lang='lat' dir='ltr'>Imperatorem</span> <span class='ocrx_word' id='word_1_21' title='bbox 680 860 832 920; x_wconf 89' lang='lat' dir='ltr'>electum</span> <span class='ocrx_word' id='word_1_22' title='bbox 857 868 892 920; x_wconf 91' lang='lat' dir='ltr'>et</span> <span class='ocrx_word' id='word_1_23' title='bbox 917 855 1017 920; x_wconf 82' lang='lat' dir='ltr'>Sacri</span> <span class='ocrx_word' id='word_1_24' title='bbox 1043 857 1180 939; x_wconf 91' lang='lat' dir='ltr'>imperii</span> <span class='ocrx_word' id='word_1_25' title='bbox 1206 860 1380 922; x_wconf 84' lang='lat' dir='ltr'>electores</span> <span class='ocrx_word' id='word_1_26' title='bbox 1404 880 1481 923; x_wconf 90' lang='lat' dir='ltr'>cae·</span> 
     </span>
     <span class='ocr_line' id='line_1_5' title="bbox 197 960 1482 1047; baseline 0.001 -18"><span class='ocrx_word' id='word_1_27' title='bbox 197 977 366 1046; x_wconf 88' lang='lat' dir='ltr'>terosque</span> <span class='ocrx_word' id='word_1_28' title='bbox 401 963 614 1027; x_wconf 85' lang='lat' dir='ltr'>Germaniae</span> <span class='ocrx_word' id='word_1_29' title='bbox 649 960 742 1026; x_wconf 77' lang='lat' dir='ltr'>alta&#39;e</span> <span class='ocrx_word' id='word_1_30' title='bbox 777 973 812 1026; x_wconf 89' lang='lat' dir='ltr'>et</span> <span class='ocrx_word' id='word_1_31' title='bbox 846 966 973 1026; x_wconf 88' lang='lat' dir='ltr'>bassae</span> <span class='ocrx_word' id='word_1_32' title='bbox 1007 964 1195 1045; x_wconf 88' lang='lat' dir='ltr'>episcopos</span> <span class='ocrx_word' id='word_1_33' title='bbox 1230 966 1411 1047; x_wconf 85' lang='lat' dir='ltr'>principes</span> <span class='ocrx_word' id='word_1_34' title='bbox 1447 978 1482 1030; x_wconf 87' lang='lat' dir='ltr'>et</span> 
     </span>
     <span class='ocr_line' id='line_1_6' title="bbox 196 1069 1479 1152; baseline 0.001 -16"><span class='ocrx_word' id='word_1_35' title='bbox 196 1072 432 1136; x_wconf 89' lang='lat' dir='ltr'>comunitates</span> <span class='ocrx_word' id='word_1_36' title='bbox 456 1071 586 1133; x_wconf 87' lang='lat' dir='ltr'>Nostro</span> <span class='ocrx_word' id='word_1_37' title='bbox 612 1080 647 1133; x_wconf 91' lang='lat' dir='ltr'>et</span> <span class='ocrx_word' id='word_1_38' title='bbox 671 1071 903 1152; x_wconf 88' lang='lat' dir='ltr'>Apostolicae</span> <span class='ocrx_word' id='word_1_39' title='bbox 919 1069 1024 1133; x_wconf 88' lang='lat' dir='ltr'>Sedis</span> <span class='ocrx_word' id='word_1_40' title='bbox 1038 1071 1176 1134; x_wconf 79' lang='lat' dir='ltr'>Nuncio</span> <span class='ocrx_word' id='word_1_41' title='bbox 1202 1083 1237 1135; x_wconf 90' lang='lat' dir='ltr'>et</span> <span class='ocrx_word' id='word_1_42' title='bbox 1261 1074 1404 1152; x_wconf 90' lang='lat' dir='ltr'>oratori,</span> <span class='ocrx_word' id='word_1_43' title='bbox 1429 1095 1479 1137; x_wconf 93' lang='lat' dir='ltr'>sa-</span> 
     </span>
     <span class='ocr_line' id='line_1_7' title="bbox 195 1178 945 1260; baseline -0.005 -16"><span class='ocrx_word' id='word_1_44' title='bbox 195 1184 305 1245; x_wconf 89' lang='lat' dir='ltr'>lutem</span> <span class='ocrx_word' id='word_1_45' title='bbox 332 1189 367 1242; x_wconf 92' lang='lat' dir='ltr'>et</span> <span class='ocrx_word' id='word_1_46' title='bbox 391 1179 624 1260; x_wconf 88' lang='lat' dir='ltr'>apostolicam</span> <span class='ocrx_word' id='word_1_47' title='bbox 650 1178 945 1241; x_wconf 88' lang='lat' dir='ltr'>benedictionem.</span> 
     </span>
    </p>

    <p class='ocr_par' dir='ltr' id='par_1_3' title="bbox 188 1285 1481 4902">
     <span class='ocr_line' id='line_1_8' title="bbox 286 1285 1481 1367; baseline 0.001 -18"><span class='ocrx_word' id='word_1_48' title='bbox 286 1287 375 1350; x_wconf 85' lang='lat' dir='ltr'>Cum</span> <span class='ocrx_word' id='word_1_49' title='bbox 400 1287 444 1348; x_wconf 87' lang='lat' dir='ltr'>ad</span> <span class='ocrx_word' id='word_1_50' title='bbox 470 1285 556 1347; x_wconf 93' lang='lat' dir='ltr'>nihil</span> <span class='ocrx_word' id='word_1_51' title='bbox 580 1285 676 1347; x_wconf 89' lang='lat' dir='ltr'>aliud</span> <span class='ocrx_word' id='word_1_52' title='bbox 701 1294 823 1347; x_wconf 89' lang='lat' dir='ltr'>nostra</span> <span class='ocrx_word' id='word_1_53' title='bbox 847 1285 981 1366; x_wconf 89' lang='lat' dir='ltr'>aspiret</span> <span class='ocrx_word' id='word_1_54' title='bbox 1004 1285 1152 1349; x_wconf 90' lang='lat' dir='ltr'>intentio</span> <span class='ocrx_word' id='word_1_55' title='bbox 1176 1307 1280 1367; x_wconf 90' lang='lat' dir='ltr'>quam</span> <span class='ocrx_word' id='word_1_56' title='bbox 1297 1299 1334 1349; x_wconf 89' lang='lat' dir='ltr'>ut</span> <span class='ocrx_word' id='word_1_57' title='bbox 1351 1287 1481 1350; x_wconf 87' lang='lat' dir='ltr'>Christi</span> 
     </span>
     <span class='ocr_line' id='line_1_9' title="bbox 195 1390 1479 1474; baseline -0.001 -17"><span class='ocrx_word' id='word_1_58' title='bbox 195 1394 353 1457; x_wconf 86' lang='lat' dir='ltr'>fidelium</span> <span class='ocrx_word' id='word_1_59' title='bbox 379 1393 515 1455; x_wconf 88' lang='lat' dir='ltr'>animas</span> <span class='ocrx_word' id='word_1_60' title='bbox 539 1402 661 1454; x_wconf 90' lang='lat' dir='ltr'>nostra</span> <span class='ocrx_word' id='word_1_61' title='bbox 685 1390 870 1471; x_wconf 86' lang='lat' dir='ltr'>diligentia</span> <span class='ocrx_word' id='word_1_62' title='bbox 895 1392 972 1454; x_wconf 90' lang='lat' dir='ltr'>Deo</span> <span class='ocrx_word' id='word_1_63' title='bbox 996 1392 1205 1456; x_wconf 87' lang='lat' dir='ltr'>lucrifacere</span> <span class='ocrx_word' id='word_1_64' title='bbox 1230 1393 1415 1474; x_wconf 91' lang='lat' dir='ltr'>possimus,</span> <span class='ocrx_word' id='word_1_65' title='bbox 1443 1396 1479 1458; x_wconf 93' lang='lat' dir='ltr'>li-</span> 
     </span>
     <span class='ocr_line' id='line_1_10' title="bbox 194 1498 1480 1580; baseline 0.001 -17"><span class='ocrx_word' id='word_1_66' title='bbox 194 1505 326 1563; x_wconf 90' lang='lat' dir='ltr'>benter</span> <span class='ocrx_word' id='word_1_67' title='bbox 351 1500 446 1562; x_wconf 89' lang='lat' dir='ltr'>circa</span> <span class='ocrx_word' id='word_1_68' title='bbox 470 1501 538 1561; x_wconf 92' lang='lat' dir='ltr'>hoc</span> <span class='ocrx_word' id='word_1_69' title='bbox 559 1519 704 1580; x_wconf 90' lang='lat' dir='ltr'>operam</span> <span class='ocrx_word' id='word_1_70' title='bbox 721 1498 864 1580; x_wconf 90' lang='lat' dir='ltr'>vigilem</span> <span class='ocrx_word' id='word_1_71' title='bbox 883 1498 1092 1562; x_wconf 89' lang='lat' dir='ltr'>adhibemus</span> <span class='ocrx_word' id='word_1_72' title='bbox 1107 1511 1145 1562; x_wconf 93' lang='lat' dir='ltr'>ut</span> <span class='ocrx_word' id='word_1_73' title='bbox 1161 1500 1337 1564; x_wconf 88' lang='lat' dir='ltr'>diabolica</span> <span class='ocrx_word' id='word_1_74' title='bbox 1353 1501 1480 1565; x_wconf 87' lang='lat' dir='ltr'>fraude</span> 
     </span>
     <span class='ocr_line' id='line_1_11' title="bbox 193 1605 1480 1692; baseline 0.002 -22"><span class='ocrx_word' id='word_1_75' title='bbox 193 1607 338 1689; x_wconf 90' lang='lat' dir='ltr'>decepti</span> <span class='ocrx_word' id='word_1_76' title='bbox 369 1607 416 1668; x_wconf 90' lang='lat' dir='ltr'>ad</span> <span class='ocrx_word' id='word_1_77' title='bbox 450 1608 587 1668; x_wconf 88' lang='lat' dir='ltr'>caulam</span> <span class='ocrx_word' id='word_1_78' title='bbox 618 1606 872 1669; x_wconf 89' lang='lat' dir='ltr'>dominicarum</span> <span class='ocrx_word' id='word_1_79' title='bbox 898 1605 1015 1668; x_wconf 93' lang='lat' dir='ltr'>ovium</span> <span class='ocrx_word' id='word_1_80' title='bbox 1039 1619 1274 1687; x_wconf 88' lang='lat' dir='ltr'>revertantur,</span> <span class='ocrx_word' id='word_1_81' title='bbox 1306 1622 1341 1671; x_wconf 90' lang='lat' dir='ltr'>et</span> <span class='ocrx_word' id='word_1_82' title='bbox 1366 1610 1394 1671; x_wconf 92' lang='lat' dir='ltr'>si</span> <span class='ocrx_word' id='word_1_83' title='bbox 1421 1611 1480 1692; x_wconf 92' lang='lat' dir='ltr'>qui</span> 
     </span>
     <span class='ocr_line' id='line_1_12' title="bbox 193 1712 1478 1797; baseline 0.001 -20"><span class='ocrx_word' id='word_1_84' title='bbox 193 1716 392 1778; x_wconf 85' lang='lat' dir='ltr'>animorum</span> <span class='ocrx_word' id='word_1_85' title='bbox 416 1713 652 1794; x_wconf 89' lang='lat' dir='ltr'>perversitate</span> <span class='ocrx_word' id='word_1_86' title='bbox 676 1712 773 1776; x_wconf 92' lang='lat' dir='ltr'>ducti</span> <span class='ocrx_word' id='word_1_87' title='bbox 797 1713 832 1774; x_wconf 91' lang='lat' dir='ltr'>in</span> <span class='ocrx_word' id='word_1_88' title='bbox 865 1714 1032 1775; x_wconf 89' lang='lat' dir='ltr'>damnato</span> <span class='ocrx_word' id='word_1_89' title='bbox 1064 1734 1127 1776; x_wconf 93' lang='lat' dir='ltr'>suo</span> <span class='ocrx_word' id='word_1_90' title='bbox 1151 1715 1335 1797; x_wconf 89' lang='lat' dir='ltr'>proposito</span> <span class='ocrx_word' id='word_1_91' title='bbox 1360 1727 1478 1779; x_wconf 92' lang='lat' dir='ltr'>contu-</span> 
     </span>
     <span class='ocr_line' id='line_1_13' title="bbox 194 1819 1480 1902; baseline 0.001 -17"><span class='ocrx_word' id='word_1_92' title='bbox 194 1822 344 1885; x_wconf 88' lang='lat' dir='ltr'>maciter</span> <span class='ocrx_word' id='word_1_93' title='bbox 367 1821 559 1902; x_wconf 90' lang='lat' dir='ltr'>persistere</span> <span class='ocrx_word' id='word_1_94' title='bbox 584 1819 783 1898; x_wconf 84' lang='lat' dir='ltr'>maluerint,</span> <span class='ocrx_word' id='word_1_95' title='bbox 808 1819 928 1882; x_wconf 88' lang='lat' dir='ltr'>taliter</span> <span class='ocrx_word' id='word_1_96' title='bbox 951 1820 1255 1884; x_wconf 85' lang='lat' dir='ltr'>animadvertatur</span> <span class='ocrx_word' id='word_1_97' title='bbox 1278 1822 1313 1884; x_wconf 94' lang='lat' dir='ltr'>in</span> <span class='ocrx_word' id='word_1_98' title='bbox 1338 1822 1418 1886; x_wconf 89' lang='lat' dir='ltr'>illos</span> <span class='ocrx_word' id='word_1_99' title='bbox 1441 1836 1480 1886; x_wconf 92' lang='lat' dir='ltr'>ut</span> 
     </span>
     <span class='ocr_line' id='line_1_14' title="bbox 194 1926 1479 2008; baseline 0.002 -17"><span class='ocrx_word' id='word_1_100' title='bbox 194 1929 240 1992; x_wconf 92' lang='lat' dir='ltr'>sit</span> <span class='ocrx_word' id='word_1_101' title='bbox 274 1948 395 1991; x_wconf 91' lang='lat' dir='ltr'>eorum</span> <span class='ocrx_word' id='word_1_102' title='bbox 430 1947 546 2008; x_wconf 87' lang='lat' dir='ltr'>paena</span> <span class='ocrx_word' id='word_1_103' title='bbox 578 1926 730 1989; x_wconf 89' lang='lat' dir='ltr'>caeteris</span> <span class='ocrx_word' id='word_1_104' title='bbox 754 1926 789 1988; x_wconf 88' lang='lat' dir='ltr'>in</span> <span class='ocrx_word' id='word_1_105' title='bbox 815 1927 1028 2008; x_wconf 90' lang='lat' dir='ltr'>exemplum.</span> <span class='ocrx_word' id='word_1_106' title='bbox 1077 1927 1163 1989; x_wconf 90' lang='lat' dir='ltr'>Cum</span> <span class='ocrx_word' id='word_1_107' title='bbox 1188 1929 1296 1991; x_wconf 90' lang='lat' dir='ltr'>multa</span> <span class='ocrx_word' id='word_1_108' title='bbox 1321 1941 1356 1991; x_wconf 87' lang='lat' dir='ltr'>et</span> <span class='ocrx_word' id='word_1_109' title='bbox 1381 1931 1479 1993; x_wconf 89' lang='lat' dir='ltr'>varia</span> 
     </span>
     <span class='ocr_line' id='line_1_15' title="bbox 194 2033 1477 2116; baseline 0.002 -19"><span class='ocrx_word' id='word_1_110' title='bbox 194 2037 240 2098; x_wconf 90' lang='lat' dir='ltr'>de</span> <span class='ocrx_word' id='word_1_111' title='bbox 272 2034 431 2097; x_wconf 89' lang='lat' dir='ltr'>novitate</span> <span class='ocrx_word' id='word_1_112' title='bbox 461 2033 641 2116; x_wconf 82' lang='lat' dir='ltr'>dogmatis</span> <span class='ocrx_word' id='word_1_113' title='bbox 672 2042 707 2096; x_wconf 92' lang='lat' dir='ltr'>et</span> <span class='ocrx_word' id='word_1_114' title='bbox 740 2033 959 2095; x_wconf 90' lang='lat' dir='ltr'>scandalosis</span> <span class='ocrx_word' id='word_1_115' title='bbox 993 2033 1149 2096; x_wconf 90' lang='lat' dir='ltr'>articulis</span> <span class='ocrx_word' id='word_1_116' title='bbox 1182 2034 1303 2099; x_wconf 86' lang='lat' dir='ltr'>fratris</span> <span class='ocrx_word' id='word_1_117' title='bbox 1334 2036 1477 2100; x_wconf 90' lang='lat' dir='ltr'>Martini</span> 
     </span>
     <span class='ocr_line' id='line_1_16' title="bbox 196 2137 1476 2223; baseline 0.002 -19"><span class='ocrx_word' id='word_1_118' title='bbox 196 2144 340 2222; x_wconf 88' lang='lat' dir='ltr'>Luther,</span> <span class='ocrx_word' id='word_1_119' title='bbox 365 2141 500 2203; x_wconf 88' lang='lat' dir='ltr'>ordinis</span> <span class='ocrx_word' id='word_1_120' title='bbox 521 2139 668 2202; x_wconf 84' lang='lat' dir='ltr'>fratrum</span> <span class='ocrx_word' id='word_1_121' title='bbox 692 2139 944 2203; x_wconf 87' lang='lat' dir='ltr'>heremitarum</span> <span class='ocrx_word' id='word_1_122' title='bbox 969 2137 1091 2202; x_wconf 90' lang='lat' dir='ltr'>Sancti</span> <span class='ocrx_word' id='word_1_123' title='bbox 1117 2141 1307 2223; x_wconf 85' lang='lat' dir='ltr'>Augustini</span> <span class='ocrx_word' id='word_1_124' title='bbox 1331 2143 1367 2205; x_wconf 93' lang='lat' dir='ltr'>in</span> <span class='ocrx_word' id='word_1_125' title='bbox 1393 2143 1476 2207; x_wconf 88' lang='lat' dir='ltr'>Ger·</span> 
     </span>
     <span class='ocr_line' id='line_1_17' title="bbox 195 2247 1479 2328; baseline 0.002 -16"><span class='ocrx_word' id='word_1_126' title='bbox 195 2249 314 2312; x_wconf 89' lang='lat' dir='ltr'>mania</span> <span class='ocrx_word' id='word_1_127' title='bbox 338 2247 512 2328; x_wconf 76' lang='lat' dir='ltr'>degentiS,</span> <span class='ocrx_word' id='word_1_128' title='bbox 539 2247 641 2309; x_wconf 90' lang='lat' dir='ltr'>nobis</span> <span class='ocrx_word' id='word_1_129' title='bbox 660 2247 868 2310; x_wconf 88' lang='lat' dir='ltr'>renunciata</span> <span class='ocrx_word' id='word_1_130' title='bbox 885 2256 1005 2309; x_wconf 90' lang='lat' dir='ltr'>essent</span> <span class='ocrx_word' id='word_1_131' title='bbox 1026 2256 1061 2310; x_wconf 88' lang='lat' dir='ltr'>et</span> <span class='ocrx_word' id='word_1_132' title='bbox 1086 2249 1244 2328; x_wconf 89' lang='lat' dir='ltr'>quotidie</span> <span class='ocrx_word' id='word_1_133' title='bbox 1260 2249 1479 2314; x_wconf 87' lang='lat' dir='ltr'>referrentur</span> 
     </span>
     <span class='ocr_line' id='line_1_18' title="bbox 195 2355 1477 2439; baseline 0.002 -22"><span class='ocrx_word' id='word_1_134' title='bbox 195 2376 288 2438; x_wconf 88' lang='lat' dir='ltr'>quae</span> <span class='ocrx_word' id='word_1_135' title='bbox 305 2365 458 2418; x_wconf 90' lang='lat' dir='ltr'>mentem</span> <span class='ocrx_word' id='word_1_136' title='bbox 477 2365 633 2417; x_wconf 88' lang='lat' dir='ltr'>nostram</span> <span class='ocrx_word' id='word_1_137' title='bbox 651 2355 774 2416; x_wconf 89' lang='lat' dir='ltr'>mirum</span> <span class='ocrx_word' id='word_1_138' title='bbox 791 2355 827 2416; x_wconf 92' lang='lat' dir='ltr'>in</span> <span class='ocrx_word' id='word_1_139' title='bbox 843 2355 985 2416; x_wconf 90' lang='lat' dir='ltr'>modum</span> <span class='ocrx_word' id='word_1_140' title='bbox 1003 2358 1285 2434; x_wconf 89' lang='lat' dir='ltr'>commovebant,</span> <span class='ocrx_word' id='word_1_141' title='bbox 1309 2367 1477 2439; x_wconf 88' lang='lat' dir='ltr'>tanquam</span> 
     </span>
     <span class='ocr_line' id='line_1_19' title="bbox 194 2462 1478 2545; baseline 0.002 -20"><span class='ocrx_word' id='word_1_142' title='bbox 194 2486 214 2525; x_wconf 88' lang='lat' dir='ltr'>a</span> <span class='ocrx_word' id='word_1_143' title='bbox 240 2475 364 2525; x_wconf 81' lang='lat' dir='ltr'>nostra</span> <span class='ocrx_word' id='word_1_144' title='bbox 392 2463 566 2543; x_wconf 89' lang='lat' dir='ltr'>religione</span> <span class='ocrx_word' id='word_1_145' title='bbox 598 2463 739 2544; x_wconf 90' lang='lat' dir='ltr'>penitus</span> <span class='ocrx_word' id='word_1_146' title='bbox 773 2462 889 2525; x_wconf 88' lang='lat' dir='ltr'>aliena</span> <span class='ocrx_word' id='word_1_147' title='bbox 920 2462 1138 2543; x_wconf 87' lang='lat' dir='ltr'>diligentiori</span> <span class='ocrx_word' id='word_1_148' title='bbox 1171 2463 1334 2526; x_wconf 85' lang='lat' dir='ltr'>examine</span> <span class='ocrx_word' id='word_1_149' title='bbox 1368 2464 1478 2545; x_wconf 87' lang='lat' dir='ltr'>digna</span> 
     </span>
     <span class='ocr_line' id='line_1_20' title="bbox 194 2568 1477 2652; baseline 0.001 -19"><span class='ocrx_word' id='word_1_150' title='bbox 194 2591 273 2633; x_wconf 89' lang='lat' dir='ltr'>esse</span> <span class='ocrx_word' id='word_1_151' title='bbox 305 2578 551 2641; x_wconf 88' lang='lat' dir='ltr'>censerentur;</span> <span class='ocrx_word' id='word_1_152' title='bbox 585 2568 660 2631; x_wconf 92' lang='lat' dir='ltr'>Nos</span> <span class='ocrx_word' id='word_1_153' title='bbox 692 2589 737 2631; x_wconf 88' lang='lat' dir='ltr'>ne</span> <span class='ocrx_word' id='word_1_154' title='bbox 771 2569 910 2631; x_wconf 89' lang='lat' dir='ltr'>novitas</span> <span class='ocrx_word' id='word_1_155' title='bbox 942 2569 1151 2649; x_wconf 88' lang='lat' dir='ltr'>hujusmodi,</span> <span class='ocrx_word' id='word_1_156' title='bbox 1184 2580 1219 2632; x_wconf 91' lang='lat' dir='ltr'>et</span> <span class='ocrx_word' id='word_1_157' title='bbox 1244 2590 1286 2632; x_wconf 87' lang='lat' dir='ltr'>ea</span> <span class='ocrx_word' id='word_1_158' title='bbox 1311 2591 1402 2652; x_wconf 91' lang='lat' dir='ltr'>quae</span> <span class='ocrx_word' id='word_1_159' title='bbox 1431 2575 1477 2634; x_wconf 90' lang='lat' dir='ltr'>ab</span> 
     </span>
     <span class='ocr_line' id='line_1_21' title="bbox 193 2675 1477 2760; baseline 0.002 -20"><span class='ocrx_word' id='word_1_160' title='bbox 193 2679 274 2760; x_wconf 90' lang='lat' dir='ltr'>ipso</span> <span class='ocrx_word' id='word_1_161' title='bbox 299 2678 336 2739; x_wconf 90' lang='lat' dir='ltr'>in</span> <span class='ocrx_word' id='word_1_162' title='bbox 360 2677 541 2758; x_wconf 90' lang='lat' dir='ltr'>publicum</span> <span class='ocrx_word' id='word_1_163' title='bbox 566 2677 705 2756; x_wconf 86' lang='lat' dir='ltr'>prolata</span> <span class='ocrx_word' id='word_1_164' title='bbox 730 2675 824 2739; x_wconf 88' lang='lat' dir='ltr'>etin</span> <span class='ocrx_word' id='word_1_165' title='bbox 850 2676 990 2756; x_wconf 87' lang='lat' dir='ltr'>scriptis</span> <span class='ocrx_word' id='word_1_166' title='bbox 1015 2677 1121 2738; x_wconf 84' lang='lat' dir='ltr'>etiam</span> <span class='ocrx_word' id='word_1_167' title='bbox 1144 2677 1293 2740; x_wconf 88' lang='lat' dir='ltr'>reducta</span> <span class='ocrx_word' id='word_1_168' title='bbox 1314 2697 1384 2740; x_wconf 92' lang='lat' dir='ltr'>non</span> <span class='ocrx_word' id='word_1_169' title='bbox 1400 2680 1477 2742; x_wconf 89' lang='lat' dir='ltr'>sine</span> 
     </span>
     <span class='ocr_line' id='line_1_22' title="bbox 193 2782 1477 2867; baseline 0.002 -21"><span class='ocrx_word' id='word_1_170' title='bbox 193 2784 302 2847; x_wconf 88' lang='lat' dir='ltr'>animi</span> <span class='ocrx_word' id='word_1_171' title='bbox 326 2784 438 2846; x_wconf 90' lang='lat' dir='ltr'>nostri</span> <span class='ocrx_word' id='word_1_172' title='bbox 463 2782 686 2864; x_wconf 89' lang='lat' dir='ltr'>displicentia</span> <span class='ocrx_word' id='word_1_173' title='bbox 710 2782 861 2845; x_wconf 92' lang='lat' dir='ltr'>vidimus</span> <span class='ocrx_word' id='word_1_174' title='bbox 886 2795 922 2845; x_wconf 88' lang='lat' dir='ltr'>et</span> <span class='ocrx_word' id='word_1_175' title='bbox 945 2783 1106 2865; x_wconf 88' lang='lat' dir='ltr'>legimus,</span> <span class='ocrx_word' id='word_1_176' title='bbox 1130 2785 1336 2847; x_wconf 86' lang='lat' dir='ltr'>scandalum</span> <span class='ocrx_word' id='word_1_177' title='bbox 1357 2786 1391 2847; x_wconf 92' lang='lat' dir='ltr'>in</span> <span class='ocrx_word' id='word_1_178' title='bbox 1416 2806 1477 2867; x_wconf 92' lang='lat' dir='ltr'>po-</span> 
     </span>
     <span class='ocr_line' id='line_1_23' title="bbox 193 2889 1477 2974; baseline 0.001 -20"><span class='ocrx_word' id='word_1_179' title='bbox 193 2895 279 2974; x_wconf 91' lang='lat' dir='ltr'>pulo</span> <span class='ocrx_word' id='word_1_180' title='bbox 305 2890 497 2953; x_wconf 88' lang='lat' dir='ltr'>christiano</span> <span class='ocrx_word' id='word_1_181' title='bbox 522 2909 678 2971; x_wconf 88' lang='lat' dir='ltr'>suaeque</span> <span class='ocrx_word' id='word_1_182' title='bbox 702 2901 738 2951; x_wconf 88' lang='lat' dir='ltr'>et</span> <span class='ocrx_word' id='word_1_183' title='bbox 761 2890 910 2951; x_wconf 90' lang='lat' dir='ltr'>aliorum</span> <span class='ocrx_word' id='word_1_184' title='bbox 935 2889 1119 2952; x_wconf 88' lang='lat' dir='ltr'>animabus</span> <span class='ocrx_word' id='word_1_185' title='bbox 1143 2890 1321 2954; x_wconf 89' lang='lat' dir='ltr'>interitum</span> <span class='ocrx_word' id='word_1_186' title='bbox 1350 2913 1477 2974; x_wconf 92' lang='lat' dir='ltr'>provo·</span> 
     </span>
     <span class='ocr_line' id='line_1_24' title="bbox 193 2996 1475 3080; baseline 0.001 -19"><span class='ocrx_word' id='word_1_187' title='bbox 193 3008 336 3078; x_wconf 86' lang='lat' dir='ltr'>carent,</span> <span class='ocrx_word' id='word_1_188' title='bbox 371 3000 533 3060; x_wconf 87' lang='lat' dir='ltr'>volentes</span> <span class='ocrx_word' id='word_1_189' title='bbox 561 3017 628 3078; x_wconf 94' lang='lat' dir='ltr'>pro</span> <span class='ocrx_word' id='word_1_190' title='bbox 661 3007 782 3059; x_wconf 92' lang='lat' dir='ltr'>nostro</span> <span class='ocrx_word' id='word_1_191' title='bbox 806 2996 977 3077; x_wconf 85' lang='lat' dir='ltr'>pastorali</span> <span class='ocrx_word' id='word_1_192' title='bbox 1003 2996 1121 3059; x_wconf 90' lang='lat' dir='ltr'>officio</span> <span class='ocrx_word' id='word_1_193' title='bbox 1146 2997 1337 3061; x_wconf 90' lang='lat' dir='ltr'>salubriter</span> <span class='ocrx_word' id='word_1_194' title='bbox 1360 3000 1475 3080; x_wconf 92' lang='lat' dir='ltr'>provi·</span> 
     </span>
     <span class='ocr_line' id='line_1_25' title="bbox 194 3103 1476 3186; baseline 0.001 -18"><span class='ocrx_word' id='word_1_195' title='bbox 194 3107 290 3183; x_wconf 90' lang='lat' dir='ltr'>dere,</span> <span class='ocrx_word' id='word_1_196' title='bbox 315 3105 431 3186; x_wconf 92' lang='lat' dir='ltr'>ipsum</span> <span class='ocrx_word' id='word_1_197' title='bbox 452 3124 517 3185; x_wconf 90' lang='lat' dir='ltr'>per</span> <span class='ocrx_word' id='word_1_198' title='bbox 534 3103 621 3165; x_wconf 87' lang='lat' dir='ltr'>alias</span> <span class='ocrx_word' id='word_1_199' title='bbox 645 3114 785 3165; x_wconf 90' lang='lat' dir='ltr'>nostras</span> <span class='ocrx_word' id='word_1_200' title='bbox 808 3103 843 3165; x_wconf 89' lang='lat' dir='ltr'>in</span> <span class='ocrx_word' id='word_1_201' title='bbox 869 3103 983 3165; x_wconf 88' lang='lat' dir='ltr'>forma</span> <span class='ocrx_word' id='word_1_202' title='bbox 1006 3103 1107 3166; x_wconf 90' lang='lat' dir='ltr'>brevi</span> <span class='ocrx_word' id='word_1_203' title='bbox 1132 3104 1269 3167; x_wconf 87' lang='lat' dir='ltr'>litteras</span> <span class='ocrx_word' id='word_1_204' title='bbox 1294 3116 1331 3168; x_wconf 94' lang='lat' dir='ltr'>ut</span> <span class='ocrx_word' id='word_1_205' title='bbox 1348 3108 1393 3168; x_wconf 91' lang='lat' dir='ltr'>ad</span> <span class='ocrx_word' id='word_1_206' title='bbox 1412 3127 1476 3169; x_wconf 92' lang='lat' dir='ltr'>nos</span> 
     </span>
     <span class='ocr_line' id='line_1_26' title="bbox 194 3210 1474 3290; baseline 0.001 -16"><span class='ocrx_word' id='word_1_207' title='bbox 194 3212 348 3290; x_wconf 90' lang='lat' dir='ltr'>veniret,</span> <span class='ocrx_word' id='word_1_208' title='bbox 382 3213 427 3273; x_wconf 89' lang='lat' dir='ltr'>ad</span> <span class='ocrx_word' id='word_1_209' title='bbox 452 3213 540 3273; x_wconf 87' lang='lat' dir='ltr'>haec</span> <span class='ocrx_word' id='word_1_210' title='bbox 565 3221 603 3272; x_wconf 95' lang='lat' dir='ltr'>ut</span> <span class='ocrx_word' id='word_1_211' title='bbox 636 3231 681 3272; x_wconf 85' lang='lat' dir='ltr'>ex</span> <span class='ocrx_word' id='word_1_212' title='bbox 713 3230 774 3272; x_wconf 92' lang='lat' dir='ltr'>ore</span> <span class='ocrx_word' id='word_1_213' title='bbox 806 3229 870 3272; x_wconf 90' lang='lat' dir='ltr'>suo</span> <span class='ocrx_word' id='word_1_214' title='bbox 902 3210 1087 3273; x_wconf 87' lang='lat' dir='ltr'>veritatem</span> <span class='ocrx_word' id='word_1_215' title='bbox 1116 3221 1151 3272; x_wconf 90' lang='lat' dir='ltr'>et</span> <span class='ocrx_word' id='word_1_216' title='bbox 1185 3231 1328 3274; x_wconf 88' lang='lat' dir='ltr'>causam</span> <span class='ocrx_word' id='word_1_217' title='bbox 1354 3233 1474 3275; x_wconf 87' lang='lat' dir='ltr'>eorum</span> 
     </span>
     <span class='ocr_line' id='line_1_27' title="bbox 193 3317 1476 3401; baseline 0.001 -19"><span class='ocrx_word' id='word_1_218' title='bbox 193 3340 286 3401; x_wconf 88' lang='lat' dir='ltr'>quae</span> <span class='ocrx_word' id='word_1_219' title='bbox 310 3319 454 3400; x_wconf 89' lang='lat' dir='ltr'>publice</span> <span class='ocrx_word' id='word_1_220' title='bbox 479 3318 684 3398; x_wconf 89' lang='lat' dir='ltr'>disputabat</span> <span class='ocrx_word' id='word_1_221' title='bbox 709 3325 744 3379; x_wconf 90' lang='lat' dir='ltr'>et</span> <span class='ocrx_word' id='word_1_222' title='bbox 768 3317 802 3379; x_wconf 89' lang='lat' dir='ltr'>in</span> <span class='ocrx_word' id='word_1_223' title='bbox 828 3317 969 3398; x_wconf 88' lang='lat' dir='ltr'>scriptis</span> <span class='ocrx_word' id='word_1_224' title='bbox 992 3317 1181 3399; x_wconf 87' lang='lat' dir='ltr'>redigebat</span> <span class='ocrx_word' id='word_1_225' title='bbox 1195 3318 1476 3401; x_wconf 89' lang='lat' dir='ltr'>intelligeremus</span> 
     </span>
     <span class='ocr_line' id='line_1_28' title="bbox 192 3423 1475 3506; baseline 0 -17"><span class='ocrx_word' id='word_1_226' title='bbox 192 3426 402 3503; x_wconf 90' lang='lat' dir='ltr'>monuimus,</span> <span class='ocrx_word' id='word_1_227' title='bbox 428 3445 578 3506; x_wconf 91' lang='lat' dir='ltr'>cumque</span> <span class='ocrx_word' id='word_1_228' title='bbox 593 3424 629 3485; x_wconf 90' lang='lat' dir='ltr'>id</span> <span class='ocrx_word' id='word_1_229' title='bbox 646 3423 765 3486; x_wconf 89' lang='lat' dir='ltr'>facere</span> <span class='ocrx_word' id='word_1_230' title='bbox 790 3436 999 3505; x_wconf 89' lang='lat' dir='ltr'>recusasset,</span> <span class='ocrx_word' id='word_1_231' title='bbox 1024 3446 1065 3487; x_wconf 92' lang='lat' dir='ltr'>ac</span> <span class='ocrx_word' id='word_1_232' title='bbox 1091 3446 1170 3487; x_wconf 93' lang='lat' dir='ltr'>eum</span> <span class='ocrx_word' id='word_1_233' title='bbox 1196 3445 1265 3488; x_wconf 91' lang='lat' dir='ltr'>non</span> <span class='ocrx_word' id='word_1_234' title='bbox 1283 3429 1475 3490; x_wconf 90' lang='lat' dir='ltr'>secundum</span> 
     </span>
     <span class='ocr_line' id='line_1_29' title="bbox 192 3531 1475 3613; baseline 0.002 -18"><span class='ocrx_word' id='word_1_235' title='bbox 192 3533 262 3596; x_wconf 88' lang='lat' dir='ltr'>Dei</span> <span class='ocrx_word' id='word_1_236' title='bbox 294 3534 411 3613; x_wconf 88' lang='lat' dir='ltr'>legem</span> <span class='ocrx_word' id='word_1_237' title='bbox 445 3552 509 3613; x_wconf 89' lang='lat' dir='ltr'>per</span> <span class='ocrx_word' id='word_1_238' title='bbox 536 3552 641 3613; x_wconf 90' lang='lat' dir='ltr'>quam</span> <span class='ocrx_word' id='word_1_239' title='bbox 668 3531 872 3593; x_wconf 87' lang='lat' dir='ltr'>obedientia</span> <span class='ocrx_word' id='word_1_240' title='bbox 897 3542 932 3594; x_wconf 87' lang='lat' dir='ltr'>et</span> <span class='ocrx_word' id='word_1_241' title='bbox 956 3531 1134 3595; x_wconf 88' lang='lat' dir='ltr'>humilitas</span> <span class='ocrx_word' id='word_1_242' title='bbox 1158 3533 1354 3613; x_wconf 89' lang='lat' dir='ltr'>precipitur</span> <span class='ocrx_word' id='word_1_243' title='bbox 1384 3535 1475 3597; x_wconf 93' lang='lat' dir='ltr'>ince-</span> 
     </span>
     <span class='ocr_line' id='line_1_30' title="bbox 191 3630 1474 3721; baseline 0.002 -19"><span class='ocrx_word' id='word_1_244' title='bbox 191 3644 280 3704; x_wconf 90' lang='lat' dir='ltr'>dere</span> <span class='ocrx_word' id='word_1_245' title='bbox 311 3630 594 3702; x_wconf 84' lang='lat' dir='ltr'>manifestissime</span> <span class='ocrx_word' id='word_1_246' title='bbox 620 3648 813 3711; x_wconf 88' lang='lat' dir='ltr'>constaret;</span> <span class='ocrx_word' id='word_1_247' title='bbox 839 3639 982 3702; x_wconf 75' lang='lat' dir='ltr'>Nosne</span> <span class='ocrx_word' id='word_1_248' title='bbox 1007 3661 1106 3702; x_wconf 88' lang='lat' dir='ltr'>error</span> <span class='ocrx_word' id='word_1_249' title='bbox 1128 3640 1327 3721; x_wconf 87' lang='lat' dir='ltr'>hujusmodi</span> <span class='ocrx_word' id='word_1_250' title='bbox 1351 3641 1385 3703; x_wconf 94' lang='lat' dir='ltr'>in</span> <span class='ocrx_word' id='word_1_251' title='bbox 1412 3641 1474 3704; x_wconf 91' lang='lat' dir='ltr'>Ec·</span> 
     </span>
     <span class='ocr_line' id='line_1_31' title="bbox 191 3744 1474 3830; baseline 0 -21"><span class='ocrx_word' id='word_1_252' title='bbox 191 3748 305 3810; x_wconf 88' lang='lat' dir='ltr'>clesia</span> <span class='ocrx_word' id='word_1_253' title='bbox 329 3744 397 3809; x_wconf 87' lang='lat' dir='ltr'>Dei</span> <span class='ocrx_word' id='word_1_254' title='bbox 422 3749 488 3807; x_wconf 92' lang='lat' dir='ltr'>sub</span> <span class='ocrx_word' id='word_1_255' title='bbox 512 3745 791 3808; x_wconf 89' lang='lat' dir='ltr'>dissimulatione</span> <span class='ocrx_word' id='word_1_256' title='bbox 816 3757 851 3808; x_wconf 92' lang='lat' dir='ltr'>et</span> <span class='ocrx_word' id='word_1_257' title='bbox 875 3746 1104 3828; x_wconf 83' lang='lat' dir='ltr'>negligentia,</span> <span class='ocrx_word' id='word_1_258' title='bbox 1132 3757 1292 3829; x_wconf 82' lang='lat' dir='ltr'>tempore</span> <span class='ocrx_word' id='word_1_259' title='bbox 1317 3768 1474 3830; x_wconf 88' lang='lat' dir='ltr'>praeser-</span> 
     </span>
     <span class='ocr_line' id='line_1_32' title="bbox 191 3852 1476 3935; baseline 0 -18"><span class='ocrx_word' id='word_1_260' title='bbox 191 3855 255 3917; x_wconf 76' lang='lat' dir='ltr'>tim</span> <span class='ocrx_word' id='word_1_261' title='bbox 271 3865 406 3935; x_wconf 82' lang='lat' dir='ltr'>nostre,</span> <span class='ocrx_word' id='word_1_262' title='bbox 424 3854 640 3934; x_wconf 88' lang='lat' dir='ltr'>pertransire</span> <span class='ocrx_word' id='word_1_263' title='bbox 657 3854 848 3933; x_wconf 90' lang='lat' dir='ltr'>videretur,</span> <span class='ocrx_word' id='word_1_264' title='bbox 865 3854 1042 3916; x_wconf 89' lang='lat' dir='ltr'>nonnullis</span> <span class='ocrx_word' id='word_1_265' title='bbox 1060 3875 1105 3916; x_wconf 83' lang='lat' dir='ltr'>ex</span> <span class='ocrx_word' id='word_1_266' title='bbox 1120 3852 1273 3917; x_wconf 88' lang='lat' dir='ltr'>Sanctae</span> <span class='ocrx_word' id='word_1_267' title='bbox 1288 3855 1476 3917; x_wconf 89' lang='lat' dir='ltr'>Romanae</span> 
     </span>
     <span class='ocr_line' id='line_1_33' title="bbox 193 3961 1474 4042; baseline -0.001 -17"><span class='ocrx_word' id='word_1_268' title='bbox 193 3961 377 4025; x_wconf 87' lang='lat' dir='ltr'>Ecclesiae</span> <span class='ocrx_word' id='word_1_269' title='bbox 409 3961 656 4023; x_wconf 86' lang='lat' dir='ltr'>Cardinalibus</span> <span class='ocrx_word' id='word_1_270' title='bbox 689 3961 792 4023; x_wconf 88' lang='lat' dir='ltr'>vivae</span> <span class='ocrx_word' id='word_1_271' title='bbox 828 3961 927 4023; x_wconf 91' lang='lat' dir='ltr'>vocis</span> <span class='ocrx_word' id='word_1_272' title='bbox 960 3963 1104 4023; x_wconf 90' lang='lat' dir='ltr'>oraculo</span> <span class='ocrx_word' id='word_1_273' title='bbox 1138 3962 1391 4024; x_wconf 86' lang='lat' dir='ltr'>commissimus</span> <span class='ocrx_word' id='word_1_274' title='bbox 1427 3974 1474 4042; x_wconf 87' lang='lat' dir='ltr'>ut,</span> 
     </span>
     <span class='ocr_line' id='line_1_34' title="bbox 189 4067 1474 4151; baseline 0 -19"><span class='ocrx_word' id='word_1_275' title='bbox 189 4068 363 4132; x_wconf 88' lang='lat' dir='ltr'>adhibitis</span> <span class='ocrx_word' id='word_1_276' title='bbox 393 4068 429 4131; x_wconf 91' lang='lat' dir='ltr'>in</span> <span class='ocrx_word' id='word_1_277' title='bbox 455 4069 566 4130; x_wconf 85' lang='lat' dir='ltr'>Sacra</span> <span class='ocrx_word' id='word_1_278' title='bbox 589 4068 728 4150; x_wconf 88' lang='lat' dir='ltr'>Pagina</span> <span class='ocrx_word' id='word_1_279' title='bbox 760 4067 938 4150; x_wconf 90' lang='lat' dir='ltr'>magistris</span> <span class='ocrx_word' id='word_1_280' title='bbox 962 4078 997 4131; x_wconf 88' lang='lat' dir='ltr'>et</span> <span class='ocrx_word' id='word_1_281' title='bbox 1021 4068 1099 4130; x_wconf 90' lang='lat' dir='ltr'>aliis</span> <span class='ocrx_word' id='word_1_282' title='bbox 1123 4068 1207 4131; x_wconf 91' lang='lat' dir='ltr'>viris</span> <span class='ocrx_word' id='word_1_283' title='bbox 1232 4069 1356 4148; x_wconf 90' lang='lat' dir='ltr'>doctis,</span> <span class='ocrx_word' id='word_1_284' title='bbox 1388 4071 1474 4151; x_wconf 88' lang='lat' dir='ltr'>ejus-</span> 
     </span>
     <span class='ocr_line' id='line_1_35' title="bbox 190 4174 1474 4256; baseline 0.001 -18"><span class='ocrx_word' id='word_1_285' title='bbox 190 4179 274 4239; x_wconf 91' lang='lat' dir='ltr'>dem</span> <span class='ocrx_word' id='word_1_286' title='bbox 293 4175 440 4238; x_wconf 88' lang='lat' dir='ltr'>Martini</span> <span class='ocrx_word' id='word_1_287' title='bbox 465 4174 559 4237; x_wconf 90' lang='lat' dir='ltr'>dicta</span> <span class='ocrx_word' id='word_1_288' title='bbox 583 4184 618 4236; x_wconf 93' lang='lat' dir='ltr'>et</span> <span class='ocrx_word' id='word_1_289' title='bbox 643 4175 775 4256; x_wconf 88' lang='lat' dir='ltr'>scripta</span> <span class='ocrx_word' id='word_1_290' title='bbox 799 4175 991 4256; x_wconf 89' lang='lat' dir='ltr'>diligenter</span> <span class='ocrx_word' id='word_1_291' title='bbox 1016 4176 1261 4239; x_wconf 83' lang='lat' dir='ltr'>examinarent</span> <span class='ocrx_word' id='word_1_292' title='bbox 1285 4187 1320 4239; x_wconf 87' lang='lat' dir='ltr'>et</span> <span class='ocrx_word' id='word_1_293' title='bbox 1344 4177 1474 4240; x_wconf 89' lang='lat' dir='ltr'>deinde</span> 
     </span>
     <span class='ocr_line' id='line_1_36' title="bbox 189 4282 1474 4363; baseline 0 -17"><span class='ocrx_word' id='word_1_294' title='bbox 189 4285 225 4346; x_wconf 90' lang='lat' dir='ltr'>in</span> <span class='ocrx_word' id='word_1_295' title='bbox 252 4283 465 4346; x_wconf 89' lang='lat' dir='ltr'>consistorio</span> <span class='ocrx_word' id='word_1_296' title='bbox 489 4292 611 4344; x_wconf 90' lang='lat' dir='ltr'>nostro</span> <span class='ocrx_word' id='word_1_297' title='bbox 629 4292 767 4345; x_wconf 91' lang='lat' dir='ltr'>secreto</span> <span class='ocrx_word' id='word_1_298' title='bbox 785 4282 974 4356; x_wconf 89' lang='lat' dir='ltr'>referrent;</span> <span class='ocrx_word' id='word_1_299' title='bbox 999 4303 1146 4363; x_wconf 91' lang='lat' dir='ltr'>quorum</span> <span class='ocrx_word' id='word_1_300' title='bbox 1163 4285 1336 4346; x_wconf 90' lang='lat' dir='ltr'>relatione</span> <span class='ocrx_word' id='word_1_301' title='bbox 1354 4285 1474 4346; x_wconf 88' lang='lat' dir='ltr'>audita</span> 
     </span>
     <span class='ocr_line' id='line_1_37' title="bbox 190 4389 1474 4473; baseline 0.001 -20"><span class='ocrx_word' id='word_1_302' title='bbox 190 4403 227 4453; x_wconf 88' lang='lat' dir='ltr'>et</span> <span class='ocrx_word' id='word_1_303' title='bbox 253 4390 396 4473; x_wconf 90' lang='lat' dir='ltr'>saepius</span> <span class='ocrx_word' id='word_1_304' title='bbox 421 4401 556 4451; x_wconf 88' lang='lat' dir='ltr'>mature</span> <span class='ocrx_word' id='word_1_305' title='bbox 582 4389 750 4469; x_wconf 85' lang='lat' dir='ltr'>discussa,</span> <span class='ocrx_word' id='word_1_306' title='bbox 776 4391 975 4470; x_wconf 88' lang='lat' dir='ltr'>complures</span> <span class='ocrx_word' id='word_1_307' title='bbox 992 4390 1161 4452; x_wconf 91' lang='lat' dir='ltr'>articulos</span> <span class='ocrx_word' id='word_1_308' title='bbox 1178 4412 1223 4453; x_wconf 87' lang='lat' dir='ltr'>ex</span> <span class='ocrx_word' id='word_1_309' title='bbox 1243 4391 1317 4453; x_wconf 87' lang='lat' dir='ltr'>eius</span> <span class='ocrx_word' id='word_1_310' title='bbox 1333 4391 1474 4473; x_wconf 88' lang='lat' dir='ltr'>scriptis</span> 
     </span>
     <span class='ocr_line' id='line_1_38' title="bbox 190 4496 1472 4578; baseline 0 -17"><span class='ocrx_word' id='word_1_311' title='bbox 190 4508 375 4561; x_wconf 88' lang='lat' dir='ltr'>extractos</span> <span class='ocrx_word' id='word_1_312' title='bbox 400 4499 444 4559; x_wconf 92' lang='lat' dir='ltr'>de</span> <span class='ocrx_word' id='word_1_313' title='bbox 471 4498 663 4559; x_wconf 87' lang='lat' dir='ltr'>eorundem</span> <span class='ocrx_word' id='word_1_314' title='bbox 688 4496 927 4559; x_wconf 91' lang='lat' dir='ltr'>Cardinalium</span> <span class='ocrx_word' id='word_1_315' title='bbox 959 4497 1107 4559; x_wconf 89' lang='lat' dir='ltr'>consilio</span> <span class='ocrx_word' id='word_1_316' title='bbox 1140 4498 1399 4578; x_wconf 89' lang='lat' dir='ltr'>damnavimus,</span> <span class='ocrx_word' id='word_1_317' title='bbox 1431 4500 1472 4561; x_wconf 93' lang='lat' dir='ltr'>is·</span> 
     </span>
     <span class='ocr_line' id='line_1_39' title="bbox 189 4605 1474 4687; baseline 0 -19"><span class='ocrx_word' id='word_1_318' title='bbox 189 4618 337 4687; x_wconf 90' lang='lat' dir='ltr'>tumque</span> <span class='ocrx_word' id='word_1_319' title='bbox 354 4605 545 4667; x_wconf 89' lang='lat' dir='ltr'>Martinum</span> <span class='ocrx_word' id='word_1_320' title='bbox 567 4608 632 4667; x_wconf 90' lang='lat' dir='ltr'>sub</span> <span class='ocrx_word' id='word_1_321' title='bbox 648 4606 773 4687; x_wconf 91' lang='lat' dir='ltr'>poenis</span> <span class='ocrx_word' id='word_1_322' title='bbox 788 4617 871 4668; x_wconf 90' lang='lat' dir='ltr'>tunc</span> <span class='ocrx_word' id='word_1_323' title='bbox 894 4607 1071 4687; x_wconf 87' lang='lat' dir='ltr'>expressis</span> <span class='ocrx_word' id='word_1_324' title='bbox 1096 4607 1293 4669; x_wconf 91' lang='lat' dir='ltr'>monuimus</span> <span class='ocrx_word' id='word_1_325' title='bbox 1316 4618 1354 4668; x_wconf 92' lang='lat' dir='ltr'>ut</span> <span class='ocrx_word' id='word_1_326' title='bbox 1381 4605 1474 4668; x_wconf 88' lang='lat' dir='ltr'>infra</span> 
     </span>
     <span class='ocr_line' id='line_1_40' title="bbox 189 4722 1474 4794; baseline -0.002 -17"><span class='ocrx_word' id='word_1_327' title='bbox 189 4723 328 4778; x_wconf 83' lang='lat' dir='ltr'>certum</span> <span class='ocrx_word' id='word_1_328' title='bbox 362 4722 502 4794; x_wconf 89' lang='lat' dir='ltr'>tempus</span> <span class='ocrx_word' id='word_1_329' title='bbox 526 4724 609 4776; x_wconf 87' lang='lat' dir='ltr'>tunc</span> <span class='ocrx_word' id='word_1_330' title='bbox 638 4734 845 4794; x_wconf 84' lang='lat' dir='ltr'>expressum</span> <span class='ocrx_word' id='word_1_331' title='bbox 870 4734 1009 4776; x_wconf 89' lang='lat' dir='ltr'>errores</span> <span class='ocrx_word' id='word_1_332' title='bbox 1033 4735 1115 4776; x_wconf 90' lang='lat' dir='ltr'>suos</span> <span class='ocrx_word' id='word_1_333' title='bbox 1139 4724 1413 4794; x_wconf 86' lang='lat' dir='ltr'>recognosceret</span> <span class='ocrx_word' id='word_1_334' title='bbox 1438 4723 1474 4775; x_wconf 91' lang='lat' dir='ltr'>et</span> 
     </span>
     <span class='ocr_line' id='line_1_41' title="bbox 188 4819 1472 4902; baseline 0 -20"><span class='ocrx_word' id='word_1_335' title='bbox 188 4822 237 4882; x_wconf 88' lang='lat' dir='ltr'>ad</span> <span class='ocrx_word' id='word_1_336' title='bbox 270 4819 397 4882; x_wconf 89' lang='lat' dir='ltr'>solitae</span> <span class='ocrx_word' id='word_1_337' title='bbox 423 4819 583 4882; x_wconf 87' lang='lat' dir='ltr'>veritatis</span> <span class='ocrx_word' id='word_1_338' title='bbox 608 4820 700 4882; x_wconf 89' lang='lat' dir='ltr'>viam</span> <span class='ocrx_word' id='word_1_339' title='bbox 723 4831 972 4901; x_wconf 90' lang='lat' dir='ltr'>reverteretur,</span> <span class='ocrx_word' id='word_1_340' title='bbox 998 4833 1033 4884; x_wconf 92' lang='lat' dir='ltr'>et</span> <span class='ocrx_word' id='word_1_341' title='bbox 1057 4841 1148 4902; x_wconf 88' lang='lat' dir='ltr'>quae</span> <span class='ocrx_word' id='word_1_342' title='bbox 1172 4819 1208 4881; x_wconf 92' lang='lat' dir='ltr'>in</span> <span class='ocrx_word' id='word_1_343' title='bbox 1233 4820 1308 4882; x_wconf 89' lang='lat' dir='ltr'>eius</span> <span class='ocrx_word' id='word_1_344' title='bbox 1333 4820 1472 4902; x_wconf 88' lang='lat' dir='ltr'>scriptis</span> 
     </span>
    </p>
   </div>
   <div class='ocr_carea' id='block_1_3' title="bbox 0 0 1670 5580">
    <p class='ocr_par' dir='ltr' id='par_1_4' title="bbox 0 0 1670 5580">
     <span class='ocr_line' id='line_1_42' title="bbox 0 0 1670 5580; baseline 0 3"><span class='ocrx_word' id='word_1_345' title='bbox 0 0 1670 5580; x_wconf 95' lang='lat' dir='ltr'> </span> 
     </span>
    </p>
   </div>
  </div>
 </body>
</html>
