3330 5580
725 441 973 504 eolles-0

204 589 291 657 sima
315 590 426 657 Natio
449 591 604 656 invictae
629 591 842 657 Germaniae
867 595 974 659 tantis
999 595 1230 659 incommodis
1255 607 1290 660 et
1314 596 1490 660 calamita-

207 701 298 765 tibus
323 710 404 764 erat
425 710 568 764 vexata.
616 701 741 782 Itaque
765 710 848 764 tunc
872 712 1024 783 paterno
1048 701 1178 766 affectu
1202 704 1391 785 studioque
1406 704 1491 767 moti

208 807 453 871 mandavimus
485 807 616 870 dilecto
649 805 722 870 filio
758 818 880 870 nostro
905 809 1097 872 Laurentio
1131 811 1182 872 tit.
1218 809 1372 874 Sanctae
1397 812 1491 874 Ana·

208 914 338 978 stasiae
362 914 400 978 S.
424 915 472 978 R.
498 915 537 977 E.
562 915 686 978 Presb.
711 913 891 979 Cardinali
924 926 1045 979 nostro
1071 926 1106 979 et
1131 915 1235 979 Sedis
1260 917 1492 999 Apostolicae

207 1023 248 1087 de
273 1023 408 1085 Latere
433 1021 591 1103 Legat0,
616 1031 654 1083 ut
679 1022 765 1083 nihil
789 1042 895 1085 curae
919 1022 1124 1104 laborisque
1148 1023 1326 1086 omitteret
1349 1043 1416 1104 pro
1440 1045 1491 1086 re-

202 1128 382 1193 ducendis
406 1129 452 1191 ad
476 1148 598 1191 verum
623 1128 690 1191 Dei
716 1130 847 1191 cultum
875 1138 1105 1210 sanctamque
1130 1139 1165 1191 et
1189 1129 1363 1192 sinceram
1385 1129 1492 1192 fidem

199 1235 340 1300 Christi
364 1234 407 1297 iis
430 1235 490 1319 qui
514 1237 752 1314 aberrassent,
776 1255 817 1297 ac
836 1235 1143 1317 circumspectioni
1167 1255 1309 1318 quoque
1326 1248 1408 1299 tuae
1424 1258 1492 1300 om-

193 1364 286 1407 nem
313 1352 350 1406 et
374 1351 518 1405 nostrae
542 1341 763 1437 auctoritatis
788 1352 823 1404 et
847 1343 970 1404 auxilii
1003 1343 1211 1424 consiliique
1236 1344 1288 1405 sui
1314 1364 1418 1425 opem
1443 1345 1492 1406 of-

190 1451 319 1514 ferret
347 1460 456 1530 atque
480 1459 699 1529 praestaret,
735 1450 831 1530 quod
856 1458 892 1511 et
914 1447 1012 1510 illum
1042 1448 1171 1511 fecisse
1196 1449 1290 1511 omni
1315 1470 1394 1511 cum
1418 1450 1492 1511 dili-

189 1557 331 1639 gentia
362 1556 502 1619 scimus.
549 1554 636 1617 Cum
660 1563 778 1618 autem
812 1574 902 1617 nunc
927 1558 974 1618 ab
999 1556 1124 1618 eodem
1148 1555 1329 1619 Cardinali
1354 1557 1493 1637 Legato

187 1674 333 1729 nostro
365 1661 646 1724 intellexerimus
670 1660 782 1725 Cir¹¹⁰¹¹¹
805 1671 901 1725 tuam
933 1672 972 1726 ut
995 1664 1127 1726 bonum
1152 1673 1188 1725 et
1211 1663 1416 1745 religiosum
1442 1685 1492 1726 sa-

190 1772 411 1849 cerdotem,
436 1789 477 1832 ac
501 1768 766 1850 magnanimum
791 1779 826 1831 et
850 1789 1012 1833 severum
1036 1770 1238 1852 Principem
1264 1771 1385 1850 decet,
1411 1791 1494 1852 quo·

190 1879 360 1941 tundam
385 1875 577 1938 amicorum
601 1885 637 1938 et
661 1875 940 1938 necessariorum
966 1876 1171 1957 Principum
1195 1876 1328 1939 auxilio
1360 1897 1494 1959 speque

193 1984 401 2060 suffultam,
426 1981 618 2044 instituisse
644 1983 800 2064 experiri
824 1993 862 2043 ut
886 1983 964 2057 illa,
989 2003 1103 2064 pravo
1127 2004 1322 2065 paucorum
1346 1985 1494 2047 consilio

195 2114 227 2155 a
260 2090 334 2154 fide
367 2099 402 2152 et
427 2090 505 2151 Deo
536 2097 572 2149 et
596 2087 776 2170 Episcopo
805 2108 869 2151 suo
901 2091 1023 2151 debita
1058 2110 1202 2170 aversa,
1238 2091 1283 2152 ad
1318 2090 1494 2153 saniorem

196 2207 364 2262 mentem
389 2195 580 2258 reducatur
604 2195 747 2258 civitas:
782 2215 824 2258 ac
849 2195 878 2258 si
901 2207 1073 2276 paternae
1098 2197 1317 2259 hortationes
1343 2217 1411 2258 non
1436 2217 1494 2260 va-

199 2305 358 2384 luerint,
389 2304 574 2364 honestam
599 2301 649 2364 illi
674 2301 745 2363 vim
770 2301 874 2365 etiam
900 2313 936 2364 et
959 2303 1086 2365 iustam
1110 2302 1300 2378 adhibere;
1333 2303 1495 2386 profecto

204 2411 334 2476 laetati
359 2430 429 2472 non
455 2428 580 2490 parum
603 2409 671 2470 hoc
696 2409 825 2471 nuncio
850 2429 978 2488 sumuS,
1003 2418 1170 2491 tuamque
1191 2409 1226 2472 in
1248 2431 1291 2472 eo
1308 2409 1494 2491 plurimum

204 2529 246 2582 et
268 2519 435 2581 virtutem
452 2514 695 2578 collaudamus
717 2526 750 2576 et
772 2515 1011 2596 prudentiam
1037 2515 1149 2579 Cir¹¹⁰m
1173 2526 1268 2579 tuam
1288 2517 1322 2579 in
1341 2517 1494 2579 Domino

208 2625 318 2689 enixe
342 2625 538 2701 hortantes,
562 2633 599 2682 ut
624 2640 754 2702 capere
780 2633 815 2684 et
840 2622 969 2703 exequi
993 2622 1362 2686 huiusmodi‘consiiia
1387 2624 1497 2704 digna

206 2744 271 2796 tuo
303 2749 438 2814 genere
471 2740 505 2791 et
529 2729 589 2790 illa
614 2748 684 2809 qua
715 2750 753 2790 es
778 2729 961 2809 praeditus
986 2729 1161 2810 dignitate
1193 2749 1263 2791 non
1288 2739 1496 2812 postponas,

210 2858 429 2922 operamque
460 2856 600 2898 omnem
631 2836 735 2913 dare,
771 2848 809 2896 ut
840 2856 932 2916 quae
962 2835 1026 2897 tibi
1051 2836 1259 2899 commissae
1291 2837 1428 2899 animae
1460 2837 1496 2899 in

210 2946 391 3010 interitum
424 2946 558 3006 abeunt
592 2963 712 3005 errore
746 2963 809 3004 suo
844 2944 1113 3024 sempiternum,
1150 2954 1211 3006 tua
1242 2943 1428 3026 vigilantia
1462 2956 1496 3006 et

213 3054 404 3118 severitate
438 3052 482 3113 ad
508 3052 621 3113 lucem
652 3050 829 3130 vitamque
854 3063 1076 3113 revocentur.
1130 3051 1312 3113 Nollemus
1344 3052 1432 3131 vim,
1468 3051 1497 3114 si

213 3163 314 3225 aliter
338 3159 414 3222 fieri
439 3168 576 3240 posset:
609 3158 672 3219 sed
696 3156 725 3218 si
751 3177 822 3219 non
847 3168 985 3239 potest,
1017 3157 1129 3220 omnis
1153 3158 1207 3220 vis
1231 3178 1322 3239 quae
1347 3159 1496 3221 salutem

214 3268 315 3332 affert
338 3267 381 3329 iis
411 3265 539 3347 quibus
571 3264 732 3326 adhibita
756 3275 827 3341 est,
864 3264 958 3327 omni
984 3275 1037 3327 est
1060 3264 1285 3348 indulgentia
1312 3276 1348 3327 et
1377 3265 1495 3328 remis-

214 3377 311 3440 sione
335 3373 500 3451 sanctior,
526 3373 754 3452 quamobrem
780 3391 845 3433 nos
869 3371 1012 3452 quidem
1035 3380 1074 3434 ut
1098 3390 1228 3452 magno
1250 3372 1368 3434 animo
1392 3372 1438 3434 ad
1461 3371 1497 3433 id

213 3504 302 3566 opus
324 3479 529 3563 ingrediare
563 3478 627 3540 tibi
652 3488 817 3540 auctores
841 3498 977 3558 sumus,
1013 3498 1055 3540 ac
1080 3488 1118 3540 ut
1141 3496 1265 3540 omnes
1287 3477 1365 3541 vias
1389 3498 1496 3559 expe·

213 3591 304 3653 riare
335 3607 427 3669 quae
460 3586 632 3666 prodesse
657 3584 811 3664 possint,
846 3584 1075 3647 humanitatis
1108 3585 1250 3667 quidem
1274 3584 1425 3665 primum
1459 3595 1495 3647 et

213 3691 509 3771 mansuetudinis,
544 3712 587 3754 ac
618 3691 648 3752 si
671 3691 752 3753 illae
777 3711 848 3753 non
873 3690 1109 3772 profecerint,
1146 3691 1252 3754 etiarn
1283 3692 1496 3772 severitatis,

213 3803 355 3886 quando
391 3811 577 3881 utrumque
613 3797 756 3861 omnino
793 3808 846 3860 est
875 3798 1039 3860 charitas.
1087 3799 1142 3861 Ac
1175 3819 1241 3861 nos
1274 3798 1416 3880 quidem
1450 3800 1496 3860 ad

214 3910 374 3973 diversos
399 3907 585 3988 Principes
608 3903 823 3969 Germaniae
848 3905 980 3967 amicos
1005 3916 1084 3968 tuos
1109 3915 1144 3968 et
1168 3906 1390 3969 necessarios
1414 3907 1495 3969 scri-

212 4018 343 4097 bimus,
379 4016 564 4077 hortantes
597 4034 659 4075 eos
694 4023 729 4074 et
758 4020 1040 4092 commonentes,
1075 4022 1114 4074 ut
1147 4012 1212 4076 tibi
1236 4015 1363 4076 adesse
1395 4012 1496 4076 firmo

213 4123 345 4188 auxilio
370 4139 662 4201 communemque
679 4140 822 4181 causam
846 4118 937 4181 tueri
958 4130 1073 4181 tecum
1091 4119 1218 4182 velint:
1243 4139 1412 4201 suamque
1429 4120 1495 4182 vir-

213 4241 321 4296 tutem
352 4239 388 4292 et
419 4249 522 4310 opem
547 4225 783 4307 omnipotenti
809 4226 876 4288 Dei
909 4235 944 4287 et
967 4225 1071 4287 saluti
1096 4225 1235 4306 patriae
1260 4245 1345 4288 suae
1376 4226 1409 4288 in
1435 4227 1497 4288 illa

213 4338 456 4403 exscindenda
480 4336 666 4397 lutherana
690 4344 792 4415 peste
817 4331 910 4394 ferre
940 4352 982 4394 ac
1007 4342 1187 4413 prestare:
1219 4333 1315 4414 quod
1338 4331 1497 4395 facturos

213 4456 310 4511 certo
335 4443 528 4514 credimus;
562 4442 681 4523 agitur
705 4441 797 4502 enim
822 4438 1018 4501 nobilitatis
1042 4448 1078 4501 et
1101 4439 1292 4521 potestatis
1314 4449 1351 4502 et
1374 4439 1497 4502 salutis

214 4553 366 4616 onmium
391 4549 596 4630 Principum
621 4566 729 4610 causa
753 4545 963 4625 communis,
1000 4565 1092 4626 quae
1117 4545 1223 4609 etiam
1258 4565 1337 4608 cum
1359 4547 1496 4609 honore

214 4670 249 4722 et
279 4678 387 4723 causa
410 4657 535 4720 summi
559 4656 629 4719 Dei
652 4654 841 4717 coniuncta
865 4662 937 4717 est:
969 4672 1057 4734 quos
1082 4652 1187 4715 etiam
1216 4671 1427 4734 cuperemus
1449 4654 1496 4714 ad

218 4765 328 4832 simile
351 4765 479 4828 foedus
503 4783 643 4845 omnes,
676 4783 717 4825 ac
751 4761 786 4823 in
811 4757 1070 4842 Ratisponensi
1094 4768 1273 4822 conventu
1295 4758 1388 4821 inter
1416 4758 1498 4822 iilos

1279 4862 1330 4918 tt·
