3330 5580
802 774 856 838 33.

509 881 904 963 vicecancellarius
932 883 1149 962 nicandro.

592 1012 733 1081 (Nuntiat.
753 1011 879 1070 German.
898 1011 929 1071 1..
948 1011 1068 1071 29-32l

400 1114 450 1174 (Ex
469 1113 605 1162 Florentia
627 1124 652 1172 3.
673 1114 771 1163 Martii.
790 1140 825 1149 -
844 1115 976 1165 Wormat.
1000 1126 1038 1162 11.
1059 1115 1148 1163 hinrtii
1172 1111 1258 1180 1521.)

349 1239 568 1302 Reverende
593 1237 700 1300 Pater
724 1236 849 1298 Amice
874 1246 996 1300 noster
1020 1236 1221 1319 praecipue.

275 1362 439 1425 Havemo
469 1371 638 1425 recevuto
669 1370 811 1443 quattro
835 1361 963 1424 lettere
987 1371 1124 1441 vostre,
1150 1363 1219 1424 due
1244 1362 1289 1424 de
1314 1361 1412 1425 VIII.
1438 1363 1474 1424 la

186 1479 283 1532 terna
308 1469 342 1531 di
369 1470 451 1532 XII.
477 1477 513 1532 et
536 1469 557 1531 l’
571 1470 663 1530 altra
688 1468 722 1529 di
748 1467 841 1530 XIII
864 1469 922 1530 del
948 1488 1059 1549 mese,
1092 1489 1158 1550 per
1181 1471 1214 1530 le
1238 1468 1334 1550 quali
1359 1468 1389 1529 ci
1415 1488 1474 1531 av·

186 1576 300 1639 visate
325 1597 346 1638 a
376 1577 483 1658 pieno
515 1577 549 1640 le
582 1576 750 1658 publiche
782 1585 817 1639 et
850 1575 1055 1657 particulari
1086 1585 1207 1639 vostre
1242 1575 1474 1652 tribulationi,

186 1682 282 1764 quali
307 1692 475 1746 mostrate
499 1692 683 1745 sustenere
707 1693 742 1744 et
765 1683 938 1745 ributtare
962 1703 1027 1745 con
1054 1703 1188 1745 summa
1212 1681 1406 1764 pacientia,
1437 1693 1476 1744 et

187 1789 341 1852 fortezza
372 1800 407 1852 et
440 1788 558 1852 animo
590 1791 654 1852 che
687 1801 779 1853 tutto
811 1810 880 1852 non
913 1811 1039 1854 manco
1064 1811 1085 1852 a
1108 1790 1197 1870 Dio,
1223 1792 1258 1852 la
1281 1809 1389 1852 causa
1416 1791 1473 1851 del

188 1899 291 1977 quale
325 1897 525 1976 difendete,
559 1898 624 1959 che
655 1918 677 1960 a
700 1897 831 1960 Nostro
857 1894 1011 1979 Signore
1043 1908 1077 1959 et
1108 1897 1178 1960 alla
1211 1895 1413 1959 universale
1438 1905 1474 1958 et

187 2014 310 2066 sancta
339 2002 459 2066 chiesa
483 2004 501 2066 ὲ
526 2002 747 2085 gratissimo,
781 2014 816 2066 et
847 2025 868 2065 a
900 2003 959 2065 voi
991 2005 1036 2065 de
1069 2002 1267 2065 immortale
1300 2005 1406 2066 laude
1438 2014 1474 2064 et

187 2110 316 2193 gloria;
342 2119 432 2173 tutte
457 2111 490 2172 le
516 2129 625 2191 opere
649 2110 782 2173 fatiche
807 2121 843 2173 et
866 2111 1015 2192 periculi
1039 2110 1150 2173 vostri
1175 2131 1244 2173 non
1270 2111 1299 2173 si
1316 2132 1472 2193 possono

186 2219 363 2300 spendore
395 2219 438 2281 ne
463 2220 630 2281 tollerare
662 2218 722 2300 piu
746 2219 1072 2299 honorevolmente,
1098 2219 1141 2282 ne
1166 2218 1341 2301 maggiori
1367 2217 1474 2280 fructi

187 2335 222 2387 et
247 2325 371 2408 premii
389 2345 509 2407 ponno
535 2336 728 2406 expectare
752 2336 788 2387 et
812 2336 903 2387 tutto
929 2325 957 2388 si
982 2336 1067 2387 nota
1092 2336 1126 2388 et
1150 2326 1265 2388 scrive
1290 2326 1385 2387 nella
1404 2346 1470 2388 me·

186 2434 297 2496 moria
329 2433 365 2495 di
388 2432 520 2495 Nostro
545 2430 699 2513 Signore
733 2442 768 2495 et
795 2432 844 2494 dii
869 2453 971 2495 sacro
996 2433 1185 2515 colleggio
1235 2432 1286 2495 La
1310 2432 1472 2495 oratione

186 2550 307 2602 vostra
331 2539 427 2602 facta
451 2559 569 2601 coram
587 2538 741 2602 Caesare
766 2549 802 2602 et
826 2539 1052 2620 Principibus
1076 2540 1110 2602 in
1136 2539 1241 2619 dieta,
1272 2539 1418 2601 sicondo
1444 2539 1472 2602 si

186 2649 257 2728 pud
283 2646 539 2728 comprendere
563 2648 687 2727 peria
713 2649 911 2709 excellente
937 2646 1098 2709 doctriua
1122 2656 1242 2709 vostra
1266 2656 1302 2708 et
1318 2649 1432 2709 anche
1449 2647 1472 2725 il

188 2752 463 2817 Prothonotario
497 2752 680 2832 referisce‚
707 2754 725 2815 e
758 2764 836 2815 suta
861 2774 945 2816 cosa
978 2755 1122 2816 laudata
1155 2767 1190 2816 et
1221 2756 1254 2816 al
1288 2754 1473 2835 proposito

186 2863 278 2923 bene
294 2860 575 2933 accommodata;
601 2872 636 2921 et
653 2862 783 2942 perche
809 2861 851 2923 ne
878 2861 913 2922 di
938 2860 1020 2923 fede
1045 2862 1088 2924 ni·
1114 2861 1149 2923 di
1175 2860 1402 2923 suffittientia
1429 2862 1472 2924 nc

187 2968 222 3029 di
254 2965 440 3049 diligentia
469 2977 504 3029 et
536 2966 645 3029 fatica
672 2967 706 3029 iu
732 2978 858 3049 questa
882 2988 990 3030 causa
1015 2969 1166 3031 essendo
1192 2972 1278 3031 costi
1304 2968 1362 3030 voi
1389 2981 1424 3030 et
1449 2969 1472 3030 il

187 3073 473 3154 Prothonotario,
498 3073 529 3135 ci
554 3094 641 3155 pare
666 3073 695 3136 si
719 3094 827 3155 possa
851 3074 1057 3138 desiderare
1081 3075 1154 3158 piu,
1179 3073 1253 3137 Sua
1273 3073 1412 3137 Santita
1437 3075 1471 3137 vi
1515 3091 1519 3100 ·

187 3183 339 3243 exhorta
373 3190 408 3243 et
439 3181 576 3263 stringe
609 3193 741 3262 quanto
775 3182 845 3262 pul)
870 3203 890 3243 a
916 3182 1096 3264 segnitare
1120 3183 1319 3246 virilmente
1345 3184 1388 3246 ni·
1413 3184 1472 3245 du-

187 3287 301 3350 bitare
333 3298 427 3350 sotto
458 3288 482 3351 il
516 3298 615 3350 scuto
648 3287 683 3348 di
708 3288 776 3350 Dio
802 3299 837 3351 et
862 3289 896 3351 di
922 3290 1092 3367 Caesare,
1127 3289 1205 3352 anci
1229 3311 1348 3353 essere
1373 3301 1472 3354 certo

187 3395 282 3456 della
306 3394 455 3457 victoria
479 3404 514 3457 et
537 3395 726 3457 ricordarsi
752 3397 817 3458 che
841 3395 936 3458 mille
961 3399 1057 3458 volte
1083 3399 1117 3458 la
1141 3397 1261 3459 chiesa
1286 3397 1321 3459 di
1337 3397 1406 3459 Dio
1424 3399 1472 3460 ha

187 3501 300 3583 patito
334 3501 437 3563 simili
468 3501 735 3583 persequutioni
768 3511 803 3564 et
835 3522 974 3583 sempre
1008 3524 1074 3585 per
1097 3504 1218 3565 diuina
1242 3505 1429 3568 clementia
1454 3506 1472 3568 ὲ

187 3612 374 3690 prevalnta
398 3629 468 3671 non
492 3610 672 3691 possendo
698 3629 818 3672 errare
842 3612 877 3672 la
893 3610 1008 3672 verita
1026 3610 1245 3692 evangelica,
1272 3612 1376 3691 quale
1394 3611 1472 3674 dice

188 3737 252 3778 nec
277 3716 409 3779 Portae
432 3715 536 3778 Inferi
560 3719 819 3798 praevalebunt
844 3717 1015 3780 adversus
1040 3738 1127 3780 eam.
1166 3718 1280 3780 Resta
1305 3719 1381 3780 solo
1407 3720 1472 3781 che

186 3823 246 3885 voi
279 3824 522 3905 perseveriate
556 3824 957 3887 constantissImamente
991 3825 1226 3906 supplicando
1260 3837 1295 3888 et
1329 3845 1471 3906 persua·

188 3931 306 3992 dendo
331 3952 352 3993 a
376 3932 494 4013 quella
517 3930 657 3994 Maesta
682 3943 717 3994 et
741 3953 761 3993 a
786 3931 866 3993 tutti
891 3932 998 4012 quelli
1027 3932 1190 3995 catholici
1216 3931 1360 4012 SIgnori
1388 3935 1471 3996 elet·

188 4037 255 4099 tori
281 4048 315 4100 et
339 4037 420 4100 altri
444 4038 581 4119 grandi,
606 4039 759 4101 maxime
784 4038 927 4118 Cevers‚
955 4040 1117 4102 Palentia
1142 4052 1177 4101 et
1196 4041 1362 4102 Tudense
1387 4051 1423 4102 et
1448 4041 1472 4102 il

189 4146 406 4208 Reverendo
441 4145 646 4209 confessore
679 4147 714 4208 di
745 4146 819 4209 Sua
849 4146 988 4209 Maesta
1021 4149 1087 4210 cho
1122 4147 1267 4228 voglino
1301 4146 1471 4211 animosa·

189 4264 305 4315 mente
337 4273 436 4315 come
468 4255 586 4315 hanno
611 4253 894 4316 incomminciato
920 4254 1114 4317 defendere
1139 4258 1173 4318 la
1197 4275 1304 4316 causa
1330 4255 1472 4335 publica

188 4360 224 4421 di
249 4360 388 4422 Christo
421 4370 456 4423 et
484 4362 578 4423 della
602 4360 685 4423 fede
710 4371 745 4422 et
770 4361 889 4423 chiesa
913 4362 1088 4424 catholica
1112 4372 1148 4424 et
1171 4362 1393 4444 persuaderli
1417 4383 1470 4424 so·

187 4488 253 4548 pra
283 4477 374 4529 tutto
402 4469 467 4529 che
493 4467 607 4548 questi
632 4466 757 4549 perfidi
783 4467 929 4531 heretici
954 4489 1024 4530 non
1050 4471 1126 4532 solo
1152 4489 1302 4531 ceccano
1327 4468 1471 4531 ruinare

188 4574 222 4635 la
246 4573 437 4637 Germania
462 4577 520 4636 uel
544 4574 728 4656 spirituale
753 4597 809 4636 ma
833 4577 947 4637 anche
971 4577 1066 4637 nello
1093 4575 1245 4656 Imperio
1271 4585 1305 4637 et
1336 4587 1469 4656 tempo-

187 4681 291 4743 ralita
315 4691 408 4743 sotto
433 4691 593 4762 pretesto
619 4682 663 4743 de
688 4682 803 4744 uscire
828 4682 863 4743 di
888 4682 1018 4744 servitii
1045 4695 1080 4743 et
1104 4702 1169 4743 con
1197 4694 1323 4761 questo
1352 4683 1471 4744 colore

187 4787 263 4850 fare
289 4789 409 4850 levare
435 4789 444 4849 i
469 4788 592 4870 populi
618 4789 713 4851 dalla
737 4788 941 4851 obedientia
965 4788 1152 4872 imperiale
1178 4799 1212 4849 et
1238 4789 1282 4849 de
1307 4791 1383 4850 loro
1411 4811 1468 4852 na·
