3330 5580
715 436 963 493 ederae*

192 583 264 645 bus
288 581 408 645 verbis
432 582 644 666 explicabit,
677 584 734 647 cui
758 604 866 668 super
893 584 948 648 his
972 584 1132 668 cupimus
1156 607 1177 648 a
1201 585 1396 652 Nobilitate
1420 601 1481 653 tua

192 687 305 753 fidem
330 688 503 753 adhiberi.

285 816 416 879 Datum
442 825 508 879 etc.
536 837 586 894 24·
611 817 822 880 Decembris
851 838 930 897 ¹523
958 838 1051 880 anno
1077 818 1201 900 primo.

288 920 413 985 Simile
437 923 576 987 duobus
599 923 787 988 Nobilibus
811 923 847 988 in
872 924 972 1007 albis,
997 924 1127 989 omisso
1152 928 1318 990 electore.

288 1025 412 1093 Simile
435 1029 528 1093 Duci
552 1028 744 1096 Saxoniae.

733 1263 939 1278 mm

810 1531 884 1597 137.

472 1671 632 1754 01111111
660 1672 738 1755 VH.
766 1673 951 1775 Episcopo
977 1673 1203 1757 theutonicis

436 1820 1239 1895 ‹summarumueaarrumtai

667 1943 719 2004 (24.
739 1940 896 1990 Decembris
918 1940 1005 2007 1523.)

285 2072 513 2137 Venerabilis
542 2073 655 2137 frater
686 2083 754 2137 etc.
802 2072 890 2137 Cum
922 2075 967 2136 de
991 2073 1200 2138 Venerabili
1232 2075 1380 2139 fratrum
1419 2098 1478 2140 no·

188 2190 350 2246 strorum
366 2177 523 2244 Sanctae
538 2180 728 2244 Romanae
749 2180 931 2244 Ecclesiae
955 2180 1194 2245 Cardinalium
1219 2182 1367 2246 consilio
1385 2183 1477 2246 Nun·

189 2286 290 2353 cium
312 2287 561 2370 Apostolicum
585 2288 621 2351 in
644 2285 873 2351 Germaniam
904 2287 1162 2371 presertimque
1193 2290 1239 2353 ad
1263 2301 1477 2354 conventum

189 2394 535 2476 Norimbergensem
559 2394 771 2477 propediem
795 2394 954 2475 missuri,
988 2394 1129 2458 interim
1159 2395 1328 2460 dilectum
1366 2396 1476 2461 filiurn

190 2500 451 2585 Hieronymum
486 2501 680 2564 Rorarium
714 2500 944 2580 familiarem,
979 2512 1016 2565 et
1051 2503 1282 2567 camerarium
1319 2517 1476 2568 nostrum

190 2608 436 2693 praesentium
464 2608 701 2672 exhibitorem
725 2610 772 2672 ad
797 2607 928 2672 dictum
953 2620 1168 2673 conventum
1198 2611 1477 2693 praemittamus,

191 2718 259 2781 bas
282 2717 329 2779 ad
352 2716 612 2780 fraternitatem
636 2728 732 2779 tuam
756 2715 965 2780 scribendas
988 2717 1169 2798 duximus,
1203 2728 1370 2800 tanquam
1387 2740 1477 2799 eam,

191 2823 229 2888 in
250 2823 351 2887 cuius
374 2823 508 2906 pietate
532 2843 622 2906 erga
645 2825 772 2902 Deum,
795 2823 1049 2887 benevolentia
1071 2823 1107 2887 in
1125 2845 1201 2906 nos,
1224 2836 1332 2907 atque
1357 2827 1476 2889 obser·

193 2928 317 2993 vantia
340 2949 428 3011 erga
444 2930 537 2992 banc
560 2940 718 2994 sanctam
742 2927 874 2993 Sedem
891 2932 1037 2994 multum
1058 2931 1136 3015 spei
1153 2932 1375 3014 reponimus;
1399 2934 1476 2997 hor·

193 3046 312 3100 tantes
335 3036 449 3116 illam,
473 3047 511 3099 ut
534 3036 649 3119 ipsum
673 3037 931 3120 Hieronymum
956 3048 1077 3101 nostro
1101 3037 1228 3102 intuitu
1248 3038 1416 3122 dirigere,
1440 3053 1476 3104 et

194 3142 321 3207 fovere
345 3143 441 3224 velit,
466 3143 678 3224 ubicumque
702 3162 780 3206 esse
804 3154 1043 3226 apportunum
1067 3144 1211 3224 viderit,
1235 3148 1341 3209 immo
1367 3159 1403 3210 ut
1427 3152 1474 3209 ul·

192 3249 312 3331 terius,
336 3250 426 3312 sicut
449 3271 529 3313 earn
551 3252 724 3313 hactenus
747 3250 876 3315 fecisse
900 3252 1039 3332 scimus,
1064 3254 1110 3314 ad
1134 3254 1303 3317 decorem
1331 3253 1409 3333 Dei,
1439 3268 1475 3317 et

194 3354 291 3420 Suae
323 3354 479 3419 Sanctae
511 3356 695 3420 Ecclesiae
728 3356 882 3440 fideique
912 3360 1136 3422 orthodoxae
1170 3360 1476 3425 conservationem

194 3482 260 3546 pro
283 3461 404 3525 officio
427 3463 512 3525 boni
534 3464 690 3545 pastoris
714 3463 892 3546 invigilet,
926 3478 964 3527 ut
996 3468 1043 3528 ab
1067 3466 1146 3549 ipso
1171 3468 1248 3531 Deo
1281 3468 1475 3550 praemium

195 3578 232 3633 et
254 3590 276 3632 a
300 3568 405 3632 nobis
427 3580 534 3651 atque
554 3570 621 3633 hac
638 3570 772 3634 Sancta
788 3570 884 3635 Sede
908 3572 1264 3653 commendationem,
1281 3586 1317 3637 et
1333 3574 1478 3657 insuper

195 3695 299 3757 quam
315 3676 511 3758 poterimus
527 3676 794 3742 retributionem
812 3692 999 3763 reportare
1015 3682 1138 3763 possit,
1154 3684 1474 3764 quaemadmodum

195 3783 284 3846 baec
308 3782 415 3845 latius
437 3783 532 3846 idern
556 3783 783 3848 Hieronimus
816 3799 939 3851 nostro
969 3787 1112 3851 nomine
1143 3788 1356 3852 fraternitati
1391 3804 1475 3854 tuae

196 3889 404 3972 explicabit,
428 3891 485 3953 cui
509 3910 617 3972 super
639 3890 695 3955 his
718 3891 823 3956 fidem
847 3893 1009 3957 adhiberi
1033 3893 1204 3976 cupimus.

285 4014 366 4077 Dat
391 4035 442 4092 24·
469 4016 677 4079 Decembris
706 4038 786 4097 ¹523
813 4039 906 4082 anno
930 4019 1055 4101 primo.

283 4135 407 4202 Simile
428 4139 609 4223 Episcopo
632 4142 927 4227 Brambergensi3
952 4144 1131 4228 Episcopo
1155 4158 1222 4209 etc.
