3344 5564
721 108 967 163 &4218co

205 261 333 313 cuncta
356 251 390 314 in
417 252 674 334 confusionem,
707 265 742 316 et
770 254 907 316 ruinam
937 253 1101 316 celeriter
1125 274 1203 316 esse
1228 253 1378 315 abitura.
1428 255 1482 314 Ac

204 379 269 420 nos
293 359 352 440 qui
376 359 410 422 in
434 361 536 423 vobis
561 363 706 423 multum
740 361 817 442 spei
849 371 887 422 et
921 360 956 421 in
995 371 1113 423 vestra
1144 364 1317 441 prestanti
1353 361 1481 423 virtute

202 466 377 546 ponimus,
401 479 439 529 ut
462 467 663 550 aperiamus
680 468 891 531 sententiam
916 468 1202 550 desideriumque
1227 479 1385 531 nostrum
1410 468 1479 529 vel·

203 574 315 636 lemus
339 573 375 636 id
399 575 564 656 primum,
601 576 696 656 quod
720 584 755 637 et
779 574 883 636 facile
909 586 962 636 est
991 585 1026 636 et
1050 575 1198 637 aliorum
1222 576 1290 637 iam
1316 573 1481 655 exemplo

202 679 494 761 demonstratum,
519 692 557 743 ut
574 681 687 762 qualis
703 681 905 762 Ratispone
929 702 995 763 per
1017 681 1097 744 illos
1122 682 1344 759 clarissimos
1370 691 1407 741 et
1429 700 1479 741 re-

203 784 449 867 ligiosissimos
480 808 648 870 proceres
673 789 865 851 concordia
887 788 992 868 inita,
1029 798 1064 850 et
1098 789 1225 851 foedus
1249 788 1381 850 factum
1405 786 1480 864 fuit,

202 912 273 974 quo
298 913 440 957 causam
465 895 609 975 Christi,
636 904 671 957 et
694 895 800 976 patrii
824 895 969 957 honoris
995 897 1169 958 communi
1194 917 1263 978 ope
1288 904 1324 957 et
1347 894 1480 955 auxilio

202 998 465 1064 defendendam
490 1011 732 1083 susceperunt,
757 1002 837 1064 talis
864 1001 967 1064 fieret
990 1002 1081 1065 inter
1115 1014 1291 1082 coeteros,
1327 1002 1386 1083 qui
1421 1022 1480 1082 po-

202 1115 332 1169 testate
355 1108 554 1191 principum
578 1108 749 1190 praediti,
782 1121 817 1171 et
841 1119 993 1171 mentem
1018 1112 1168 1189 habent,
1203 1120 1238 1172 et
1262 1110 1480 1172 voluntatem

201 1213 246 1274 ad
282 1214 432 1277 honesta
473 1225 508 1277 et
542 1225 666 1278 sancta
707 1236 816 1297 opera
853 1227 1028 1297 paratam,
1068 1216 1104 1279 in
1139 1237 1287 1297 quorum
1323 1235 1480 1293 numero,

201 1339 279 1381 cum
304 1340 369 1383 vos
393 1342 463 1383 non
487 1322 657 1385 mediocri
681 1323 892 1386 auctoritate
915 1325 1095 1404 polleatis,
1131 1326 1313 1386 hortamur
1347 1322 1478 1383 Nobili-

200 1435 293 1488 tates
317 1439 455 1491 vestras
479 1428 513 1490 in
530 1429 695 1510 Domino,
719 1441 755 1492 et
771 1451 836 1512 per
852 1430 990 1493 viscera
1005 1430 1268 1493 misericordiae
1284 1429 1351 1491 Dei
1370 1429 1478 1490 nostri

200 1542 276 1596 toto
301 1533 407 1596 animi
432 1536 548 1598 studio
573 1536 782 1618 requirimus
807 1549 844 1599 ut
869 1538 1059 1601 convenire
1084 1559 1162 1600 cum
1196 1535 1359 1616 caeteris,
1391 1555 1479 1615 quos

200 1639 385 1702 vobiscum
420 1640 662 1707 iudicaveritis
696 1644 774 1707 fore
810 1644 1090 1723 consentientes,
1130 1663 1344 1725 operamque
1381 1643 1478 1721 dare,

198 1747 345 1829 hortari,
368 1767 530 1830 monere,
559 1750 692 1813 instare
717 1750 871 1832 denique
904 1751 1020 1814 velitis
1045 1760 1097 1829 ut,
1127 1751 1272 1812 foedere
1297 1749 1389 1811 inter
1413 1767 1478 1810 vos

197 1852 312 1934 facto,
347 1855 580 1938 popularibus
604 1856 775 1937 motibus,
800 1868 836 1919 et
859 1857 1080 1938 periculosae
1105 1856 1347 1936 imperitorum
1371 1856 1476 1917 licen·

196 1960 268 2023 tiae
281 1957 523 2025 communibus
533 1963 658 2027 studiis
670 1964 863 2043 resistatur,
875 1963 1160 2047 quandoquidem
1173 1963 1217 2023 ad
1230 1961 1326 2041 vulgi
1339 1972 1476 2023 mentes

196 2066 364 2130 seditioni
389 2071 560 2131 adversus
585 2070 764 2151 principes
788 2090 871 2134 suos
896 2072 1136 2143 concitandas
1168 2071 1256 2131 haec
1287 2068 1474 2149 plurimum

197 2174 450 2238 sumministret
473 2175 568 2257 ignis
600 2187 635 2238 et
668 2176 822 2240 incendii
847 2179 893 2239 ad
918 2178 1071 2241 omnium
1095 2176 1288 2257 perniciem
1314 2184 1350 2237 et
1374 2173 1478 2236 detri-

199 2290 354 2344 mentum
379 2291 505 2345 exorta
520 2284 706 2346 lutherana
722 2285 840 2348 factio.
874 2285 951 2346 Hoc
969 2305 1033 2347 nos
1050 2283 1263 2346 consulimus
1278 2281 1403 2344 Nobbus
1419 2301 1476 2342 ve·

197 2385 281 2449 stris
304 2388 453 2470 primum
479 2390 526 2450 ob
550 2390 721 2453 honorem
745 2391 828 2471 Dei,
857 2392 1122 2471 animarumque
1146 2389 1196 2452 illi
1220 2392 1477 2470 desponsatum

197 2494 366 2574 salutem,
402 2514 550 2576 quarum
577 2495 756 2559 interitum
781 2517 911 2578 magno
936 2519 1013 2560 cum
1039 2499 1162 2559 dolore
1187 2496 1346 2578 quotidie
1371 2494 1475 2557 senti-

195 2621 290 2675 mus;
326 2601 456 2665 deinde
491 2603 586 2682 quod
620 2603 720 2667 istius
761 2605 863 2667 nobis
903 2604 1150 2667 dilectissimae
1187 2603 1340 2665 nationis
1376 2603 1476 2682 quies

195 2717 231 2769 et
263 2728 336 2791 pax
372 2708 475 2771 nobis
511 2719 565 2771 est
600 2711 831 2791 optatissima.
892 2713 1077 2774 Postremo
1110 2711 1191 2792 quia
1225 2731 1303 2771 cum
1338 2718 1475 2769 vestras

196 2814 314 2877 Nob‘0·
338 2824 488 2897 paterna
511 2818 763 2880 benevolentia
786 2820 1057 2899 amplectamur,
1094 2818 1168 2879 sive
1197 2818 1231 2879 in
1263 2818 1330 2878 hoc
1365 2834 1473 2894 opere

195 2931 252 2985 est
288 2921 422 3004 gloria,
466 2922 540 2985 sive
587 2923 692 2986 etiam
732 2923 880 3004 utilitas,
919 2924 1100 3006 utriusque
1139 2925 1298 3005 cupimus
1336 2931 1474 2982 vestras

194 3027 316 3091 Nob‘0·
339 3027 510 3111 imprimis
534 3049 612 3091 esse
637 3030 839 3112 participes.
888 3031 1030 3093 Accidit
1064 3040 1180 3094 autem
1210 3030 1308 3111 quasi
1343 3027 1472 3090 occasi·

195 3155 300 3198 onem
323 3138 521 3219 praebente
544 3136 640 3216 Deo,
675 3148 713 3199 ut
748 3158 826 3199 cum
851 3138 1000 3200 dilectus
1030 3137 1122 3199 filius
1146 3148 1266 3199 noster
1291 3137 1347 3199 Al.
1374 3134 1472 3198 Car¹⁵⁸

195 3242 426 3325 Maguntinus
443 3251 509 3305 etc.
527 3241 706 3306 civitatem
722 3244 1072 3326 Magdeburgensem
1091 3245 1312 3325 quorundam
1336 3244 1472 3304 scelere

196 3357 232 3412 et
255 3347 439 3432 impietate
464 3370 594 3431 magno
619 3370 697 3412 cum
721 3354 871 3413 tumultu
895 3351 950 3413 his
974 3351 1153 3432 preteritis
1171 3352 1296 3411 diebus
1313 3349 1358 3410 ad
1374 3349 1472 3409 here·

195 3456 260 3519 sim
284 3457 499 3542 prolapsam,
524 3477 588 3538 pro
614 3457 698 3519 boni
722 3458 885 3539 pastoris,
911 3468 946 3519 et
970 3457 1167 3537 dignissimi
1193 3454 1390 3518 Cardinalis
1416 3453 1472 3514 de-

195 3564 271 3627 bito
295 3563 341 3626 ad
365 3583 473 3626 verae
497 3562 640 3644 pietatis
664 3572 700 3626 et
730 3565 956 3627 obedientiae
989 3565 1160 3646 pristinae
1192 3562 1346 3624 officium
1379 3559 1472 3621 insti-

194 3669 302 3733 tuerit
325 3688 507 3749 revocare,
531 3669 695 3732 videatur
717 3670 754 3731 id
777 3669 882 3734 facile
907 3671 1114 3751 effecturus,
1139 3671 1168 3732 si
1192 3679 1313 3731 vestra
1337 3677 1373 3728 et
1397 3686 1471 3728 cae·

193 3786 351 3841 terorum
375 3786 472 3840 recte
493 3776 717 3840 sentientium
742 3779 873 3840 auxilia
897 3778 946 3841 illi
970 3799 1041 3841 non
1066 3776 1255 3853 defuerint,
1280 3775 1316 3836 in
1340 3794 1409 3855 qua
1434 3793 1472 3833 re

196 3904 262 3948 nos
285 3883 415 3964 etiam,
451 3882 479 3944 si
503 3886 595 3946 bene
620 3893 784 3967 coeptam
819 3906 896 3947 eam
920 3885 1129 3963 viderimus,
1165 3881 1379 3945 intendimus
1404 3898 1472 3959 ope

194 4000 317 4055 nostra
340 3989 573 4063 intervenire;
610 3992 673 4053 sed
709 4000 747 4053 ut
776 3991 811 4052 id
842 4001 1006 4074 prompte
1036 4000 1072 4053 et
1101 3990 1258 4052 animose
1286 3988 1364 4066 fiat,
1395 3989 1471 4048 hor-

194 4106 310 4161 tamur
333 4098 453 4159 denuo
475 4095 568 4159 Notlt
591 4096 750 4178 Vestras,
775 4110 812 4160 ut
836 4100 1064 4180 interponere
1088 4106 1210 4180 partes
1238 4117 1319 4159 suas
1351 4093 1471 4156 velint.

195 4203 378 4269 Nollemus
402 4203 473 4267 vim
497 4224 563 4267 nos
586 4205 740 4285 quidem,
765 4207 827 4268 sed
852 4216 890 4267 ut
913 4205 1190 4267 mansuetudinis
1220 4215 1254 4266 et
1277 4201 1471 4265 humanita-

193 4312 238 4375 tis
261 4311 382 4396 potius
406 4311 464 4373 via
487 4310 729 4394 proficeretur.
777 4310 850 4374 Sed
875 4312 903 4374 si
927 4312 963 4373 id
987 4333 1056 4375 non
1083 4324 1218 4393 potest,
1244 4311 1356 4373 omnis
1380 4310 1472 4371 iusta

191 4417 258 4501 vis,
281 4427 337 4482 est
359 4416 490 4481 iniusta
520 4418 752 4500 permissione
781 4429 816 4481 et
845 4418 1067 4502 negligentia
1099 4419 1273 4498 sanctior,
1305 4439 1345 4481 ac
1377 4417 1471 4481 dum-
