3330 5580
705 459 764 512 Η]
802 461 854 513 222
893 458 951 512 spo

187 605 355 685 effecerit,
380 605 470 667 sicut
491 626 569 666 cum
590 627 632 666 eo
651 604 755 666 latius
772 604 888 666 nuncii
913 603 1019 665 iidem
1044 605 1154 666 nostri
1179 613 1302 667 nostro
1328 605 1469 668 nomine

186 721 312 794 agent;
343 712 471 793 quibus
495 710 601 776 fidem
629 712 785 774 habebit.
840 713 922 776 Dat.
954 711 1132 777 Malianae
1166 711 1218 775 IV
1249 710 1338 775 Maii
1378 732 1468 792 ¹521·

187 819 295 882 Anno
320 839 424 881 nono.

802 1285 854 1351 87.

547 1403 613 1482 Leo
642 1403 684 1482 X.
715 1401 906 1482 confessori
934 1401 1103 1483 caesaris,

628 1549 766 1613 (Nuntiat.
786 1549 910 1607 German
930 1549 961 1607 1..
981 1550 1031 1620 et)

591 1662 666 1726 (Cum
693 1661 786 1708 litteris
817 1674 854 1722 14.
882 1661 946 1708 hlaii
977 1660 1061 1722 1521.)

277 1784 348 1845 Dil.
374 1783 450 1846 Fili.
498 1783 645 1846 (iratum
680 1794 734 1846 est
764 1785 866 1847 nobis
899 1787 1030 1847 debere
1064 1785 1128 1846 tibi
1167 1786 1326 1866 quotidie
1359 1807 1467 1850 novas

188 1890 342 1971 gratiae,
374 1901 411 1954 ut
436 1893 541 1953 etiam
566 1891 700 1953 referre
732 1892 925 1973 possimus;
956 1892 1005 1955 sic
1030 1891 1123 1954 enim
1147 1903 1208 1955 tua
1235 1892 1349 1955 virtus
1381 1892 1466 1956 fides

188 1977 385 2079 religioque
410 2009 573 2061 meretur.
621 1999 710 2061 Nam
735 2000 831 2080 quod
857 1999 991 2080 optimo
1016 1999 1149 2079 animo,
1180 2001 1274 2080 quod
1309 2012 1465 2081 prestan-

189 2105 322 2167 tissima
346 2105 490 2187 pietate,
516 2107 611 2187 quod
635 2105 806 2188 singulari
831 2106 865 2167 in
892 2105 1101 2168 catholicam
1126 2105 1230 2169 fidem
1248 2117 1284 2168 et
1299 2105 1466 2170 Sanctam

189 2211 318 2274 Sedem
344 2213 588 2293 Apostolicam
614 2216 797 2276 voluntate
822 2222 875 2276 est
900 2213 1047 2294 Caesar,
1079 2213 1244 2294 provenit
1269 2213 1305 2274 id
1328 2214 1467 2295 quidem

189 2341 234 2382 ex
259 2321 337 2381 Deo
370 2319 588 2400 potissimum
621 2330 656 2382 et
687 2322 733 2382 ab
762 2320 855 2382 illius
884 2321 1018 2401 optima
1048 2320 1387 2402 religiosissimeque
1412 2344 1467 2385 na·

188 2439 277 2506 tura,
303 2428 365 2489 sed
388 2436 423 2488 et
440 2437 521 2489 tuae
547 2436 667 2507 partes
690 2426 725 2488 in
743 2448 785 2489 eo
810 2429 1029 2489 cohortando
1048 2447 1117 2489 non
1143 2427 1297 2508 exiguae
1314 2428 1465 2492 fuerunt.

189 2534 313 2614 Itaque
342 2543 479 2596 tantum
512 2534 572 2596 ille
602 2533 815 2597 christianae
845 2533 1063 2614 reipublicae
1096 2535 1297 2596 damnanda
1323 2535 1468 2598 Lutheri

189 2639 370 2720 impietate
387 2640 574 2721 praestitit,
600 2651 669 2703 tam
686 2639 872 2721 magnifice
898 2650 1004 2721 atque
1019 2643 1204 2722 praeclare
1221 2641 1468 2705 auctoritatem

189 2768 286 2809 suam
316 2748 466 2810 caeteris
500 2751 665 2830 exemplo
691 2770 768 2812 esse
793 2749 924 2829 voluit,
948 2759 987 2810 ut
1010 2749 1097 2811 nihil
1121 2748 1233 2811 maius
1257 2748 1302 2811 sit
1326 2751 1469 2830 quoda

189 2853 340 2917 maximo
365 2855 525 2937 principe
550 2867 744 2938 expectare
773 2856 947 2937 possimus
1005 2855 1155 2937 Agimus
1186 2854 1294 2936 igitur
1319 2854 1469 2918 sublatis

189 2961 352 3023 manibus
387 2960 422 3024 in
459 2966 595 3025 coelum
633 2974 668 3025 et
692 2964 770 3025 Deo
796 2973 830 3024 et
854 2963 904 3024 illi
930 2973 964 3025 et
990 2961 1171 3024 devotioni
1195 2973 1277 3024 tuae
1301 2961 1469 3043 ingentes

188 3068 323 3149 gratias
347 3090 435 3150 quas
458 3069 591 3132 referet
615 3069 679 3131 tibi
704 3069 845 3150 quidem
871 3070 968 3132 Deus
993 3070 1056 3131 sed
1082 3080 1117 3131 et
1140 3090 1204 3132 nos
1228 3078 1367 3131 tuorum
1395 3069 1470 3132 offr-

191 3175 324 3237 ciorum
349 3196 436 3258 erga
457 3196 525 3261 ,nos
550 3176 753 3238 memoriam
778 3196 896 3238 sumus
912 3184 1123 3256 perpetuam
1146 3174 1181 3237 in
1202 3174 1320 3237 animo
1346 3185 1470 3239 nostro

189 3281 451 3354 conservaturi;
485 3282 659 3345 cernimus
685 3283 777 3345 enim
803 3293 837 3344 et
862 3283 1109 3364 cognoscimus
1134 3292 1303 3363 quantum
1337 3291 1375 3344 tu
1401 3285 1470 3346 ela·

188 3389 383 3471 boraveris,
420 3411 490 3471 qua
515 3411 617 3471 cura,
658 3411 727 3471 quo
752 3390 884 3470 studio,
910 3398 1043 3471 quanta
1068 3388 1252 3470 diligentia
1276 3387 1387 3451 fueris
1411 3391 1470 3452 ad·

189 3496 294 3559 nixus
318 3508 356 3559 ut
379 3496 506 3579 ingens
530 3499 659 3559 malum
684 3496 906 3578 perniciosae
931 3496 1089 3558 haeresis
1113 3516 1204 3577 quae
1229 3495 1357 3558 sensim
1385 3495 1472 3560 Ger·

189 3604 341 3667 maniam
365 3625 505 3667 omnem
529 3613 695 3686 tanquam
725 3603 928 3685 pestilentia
953 3604 1126 3685 quaedam
1159 3601 1356 3683 inficiebat,
1392 3604 1472 3685 ipso

190 3721 335 3774 auctore
354 3713 532 3792 damnato,
549 3711 850 3793 comprimeretur,
867 3711 1119 3790 Sathenaeque
1137 3730 1201 3791 per
1217 3711 1310 3771 hunc
1328 3712 1471 3773 modum

189 3818 225 3880 in
250 3817 405 3881 fidelium
429 3837 561 3901 greges
585 3818 757 3880 crassanti
781 3819 1013 3898 pessimorum
1038 3817 1215 3879 hominum
1241 3815 1472 3880 ministerium

190 3926 436 4007 surriperetur.
484 3925 584 4006 Quae
609 3925 774 4007 quoniam
799 3947 820 3987 a
844 3936 879 3987 te
897 3925 974 3986 Deo
999 3923 1144 4004 auspice
1161 3932 1266 4003 cepta
1287 3931 1324 3985 et
1340 3943 1473 4006 magna

191 4054 236 4094 ex
271 4042 373 4114 parte
410 4032 573 4095 confecta
604 4042 699 4112 sunt,
736 4033 781 4093 de
812 4031 948 4112 reliquo
982 4030 1048 4093 etsi
1087 4051 1156 4092 non
1191 4050 1229 4092 es
1262 4031 1472 4111 hortandus,

190 4140 276 4202 satis
301 4140 392 4204 enim
424 4151 459 4202 te
485 4141 609 4202 eadem
633 4139 745 4202 virtus
775 4149 836 4200 tua
860 4137 1057 4220 religioque
1090 4138 1315 4208 adhortatur;
1351 4146 1471 4200 tamen

190 4247 417 4310 devotionem
441 4256 537 4311 tuam
561 4248 742 4309 hortamur
767 4245 802 4307 in
825 4244 976 4307 Domino
1000 4254 1038 4307 ut
1062 4264 1215 4328 pergere
1237 4245 1364 4306 eadem
1390 4265 1468 4308 con·

190 4353 321 4416 stantia
353 4356 577 4434 palmamque
602 4352 737 4415 fractae
772 4363 807 4414 et
831 4351 971 4432 penitus
997 4351 1252 4414 exterminatae
1276 4350 1471 4432 impietatis

191 4481 363 4543 quaerere
387 4460 451 4522 tibi
476 4462 570 4541 apud
595 4461 708 4522 Deum
735 4471 769 4521 et
794 4459 994 4520 universum
1019 4461 1187 4539 populum
1207 4457 1274 4520 Dei
1289 4478 1361 4520 non
1376 4468 1470 4540 post-

191 4590 314 4652 ponaS,
339 4568 374 4631 in
399 4588 468 4649 quo
490 4567 575 4648 quid
600 4574 661 4628 tua
684 4566 796 4627 virtus
816 4565 959 4628 efficere
984 4565 1097 4646 possit
1114 4565 1251 4644 scimus,
1276 4566 1321 4626 de
1336 4563 1472 4646 optima

191 4679 376 4739 voluntate
408 4695 476 4738 non
518 4674 730 4736 dubitamus
780 4674 901 4750 Certe,
937 4672 971 4734 id
1006 4673 1100 4753 quod
1132 4671 1333 4753 intelligere
1368 4684 1472 4752 potes

193 4785 280 4870 ipse,
307 4786 373 4849 erit
397 4786 464 4848 hoc
489 4792 586 4846 tuum
612 4781 675 4846 tibi
701 4779 855 4845 officium
881 4789 916 4842 et
940 4781 1035 4864 apud
1052 4780 1165 4843 Deum
1191 4779 1412 4844 fructuosum
1437 4789 1471 4842 et
