3330 5580
702 465 949 522 *Obhhffl

188 606 220 669 in
244 607 300 671 his
323 610 485 690 partibus
510 611 712 676 iamdudum
745 635 791 676 ne
822 612 1011 696 vestigium
1045 612 1185 694 quidem
1211 613 1303 677 sorte
1328 623 1466 676 extaret

189 715 413 780 Lutberanae
437 720 644 790 haereseos:
669 741 747 782 cum
772 720 841 783 iam
867 720 985 783 multis
1008 720 1043 782 in
1061 720 1148 783 locis
1162 723 1243 802 plus
1265 718 1468 783 infectionis

188 821 231 884 sit
263 843 369 904 quam
401 823 553 888 fortasse
584 838 745 908 putetur,
778 828 931 891 maxime
955 828 989 889 in
1016 827 1175 909 emporio
1213 826 1466 909 Antverpiensi

188 938 222 991 et
250 951 317 1013 per
342 931 491 995 insulam
523 935 798 1016 comitatumque
823 935 1049 1011 Hollandiae,
1074 934 1134 997 ubi
1162 946 1279 997 tamen
1307 933 1468 1017 proximo

190 1037 274 1099 satis
298 1038 390 1101 acris
415 1048 451 1102 et
475 1041 627 1103 celebris
652 1042 816 1104 executio
842 1043 886 1104 de
910 1043 1078 1105 mandato
1104 1052 1240 1104 etcum
1266 1039 1468 1103 assistentia

188 1143 303 1206 dictae
327 1144 418 1206 ill¹¹¹⁸⁰
442 1166 508 1228 per
532 1167 594 1209 eos
619 1147 678 1228 qui
703 1168 794 1211 nunc
820 1157 901 1210 sunt
924 1148 1162 1230 inquisitores,
1187 1147 1282 1211 facta
1297 1157 1360 1212 est.
1394 1146 1466 1208 Sed

188 1270 255 1312 non
280 1262 430 1333 potuere
454 1253 614 1334 perversi
639 1264 675 1316 et
698 1255 766 1316 sibi
792 1255 924 1317 conscii
949 1265 1019 1317 tarn
1052 1274 1169 1317 acrem
1204 1263 1239 1317 et
1272 1253 1467 1317 animosum

188 1358 442 1421 haereticorum
468 1370 749 1441 persecutorem,
789 1361 848 1442 qui
879 1363 923 1424 ad
956 1361 1174 1425 moriendum
1208 1381 1273 1443 pro
1305 1361 1375 1423 tide
1408 1358 1467 1423 ubi

187 1484 242 1527 res
266 1476 433 1546 posceret
457 1467 731 1530 resolutissimus
756 1478 842 1546 erat,
867 1468 997 1531 diutius
1021 1467 1135 1540 ferre;
1167 1468 1229 1531 sed
1255 1466 1393 1545 magnis
1418 1470 1466 1547 (ut

189 1571 305 1650 timeo)
330 1573 579 1654 largitionibus
607 1575 926 1652 intervenientibus
951 1596 1029 1638 eum
1055 1573 1196 1637 destitui
1223 1584 1467 1656 procurarunt.

190 1679 292 1742 Unde
306 1680 365 1743 ille
384 1680 525 1762 quidem
542 1684 649 1763 (quod
660 1684 704 1744 ad
716 1682 829 1764 ipsum
847 1682 1033 1762 attinebat)
1048 1681 1194 1764 gavisus
1205 1692 1274 1751 est;
1291 1681 1366 1744 illml
1381 1701 1466 1743 vero

189 1787 330 1849 domina
346 1797 382 1849 et
395 1788 446 1849 illi
459 1788 527 1870 ipsi
549 1789 607 1869 qui
625 1789 700 1851 eius
717 1791 953 1852 excellentiae
974 1799 1011 1851 ut
1030 1789 1125 1852 illurn
1142 1787 1282 1851 destitui
1301 1807 1465 1870 procura·

190 1904 242 1956 ret
255 1895 378 1956 dolose
388 1906 652 1976 persuaserant,
661 1895 824 1958 videntes
837 1895 872 1957 in
884 1907 1050 1977 quantam
1061 1894 1234 1959 flammam
1250 1894 1408 1959 modicus
1422 1896 1467 1957 ah

189 2000 285 2062 initio
301 1999 393 2081 ignis
404 2002 439 2063 in
453 2001 509 2063 his
523 2002 684 2084 partibus
698 2002 880 2080 evasisset,
894 2022 963 2065 non
977 2004 1084 2065 semel
1099 2003 1233 2084 (credo)
1248 2000 1467 2086 poenitentia

190 2107 282 2169 ducti
299 2119 396 2182 sunt;
413 2118 449 2171 et
464 2110 634 2171 hactenus
648 2109 790 2190 quidem
807 2110 851 2170 de
865 2108 1112 2189 EgmondanO.
1137 2109 1268 2172 Restat
1284 2119 1321 2171 ut
1338 2109 1382 2171 do
1399 2128 1466 2171 nnt-

189 2214 299 2297 gistro
324 2215 515 2278 Vincentio
548 2216 781 2279 Dominicano
819 2226 853 2278 et
884 2215 967 2296 quid
1002 2235 1079 2278 cum
1105 2238 1147 2281 eo
1173 2216 1318 2295 egerim,
1343 2215 1465 2280 (lisoio.

189 2322 221 2384 Is
251 2321 360 2403 igitur
384 2324 433 2402 (ut
458 2323 544 2401 dixi)
570 2325 651 2385 dum
677 2343 747 2405 ego
772 2321 922 2384 Lovanii
947 2342 1078 2401 essem,
1112 2322 1193 2385 inde
1221 2325 1361 2401 aberat,
1390 2342 1466 2405 pro

188 2427 302 2491 fectus
319 2429 440 2491 nescio
458 2450 528 2510 quo
535 2479 543 2508 ,
558 2429 641 2492 fidei
657 2450 773 2493 causa.
805 2429 917 2510 Quem
932 2439 1064 2511 'postea
1085 2429 1266 2511 aliquanto
1284 2427 1468 2491 interiecto

189 2548 348 2619 tempore
387 2536 609 2617 Antverpiae
644 2558 714 2598 non
753 2535 960 2618 requisitum
996 2535 1140 2615 offendi,
1177 2536 1280 2618 eique
1304 2536 1469 2598 mandata

189 2641 274 2705 SSmi
302 2644 346 2705 l).
371 2643 414 2708 N.
440 2643 608 2724 exposui;
645 2644 772 2725 quibus
802 2643 862 2706 ille
892 2643 1036 2724 auditiS,
1072 2643 1166 2706 illico
1191 2643 1373 2725 respondit
1399 2662 1467 2705 non

188 2771 265 2813 esse
290 2772 328 2812 se
360 2751 419 2831 qui
454 2751 584 2812 Vicarii
616 2751 745 2813 Christi
777 2750 991 2813 iussionibus
1024 2750 1197 2813 obsistere
1230 2751 1354 2820 vellet:
1390 2767 1466 2811 cum

188 2857 355 2938 quicquid
381 2857 414 2918 in
441 2857 593 2938 negocio
616 2855 699 2919 fidei
725 2858 860 2939 egisset
884 2877 925 2919 ac
951 2857 1099 2920 dixisset
1123 2875 1254 2935 magna
1284 2876 1327 2917 ex
1366 2867 1467 2937 parte

187 2985 253 3046 pro
277 2966 412 3027 tuenda
436 2975 471 3026 et
496 2965 690 3026 asserenda
721 2964 896 3046 dignitate
923 2964 1154 3045 Apostolicae
1179 2963 1283 3027 Sedis
1323 2974 1357 3026 et
1389 2984 1454 3025 auc

189 3071 341 3134 toritatis
366 3092 470 3153 quam
495 3071 597 3134 nimis
621 3070 851 3153 contemptim
869 3092 890 3133 a
906 3070 1118 3134 Lutheranis
1143 3070 1294 3134 convelli
1321 3069 1469 3133 dixisset

188 3189 223 3241 et
247 3179 391 3261 egisset.
439 3176 511 3240 Sed
537 3180 637 3240 salva
661 3199 801 3260 semper
825 3199 934 3261 pace,
968 3190 1002 3240 et
1033 3181 1129 3241 bona
1161 3178 1264 3241 venia
1286 3177 1344 3238 8¹⁰¹
1367 3178 1407 3241 l),
1428 3176 1467 3240 N.

188 3285 305 3348 mirari
331 3306 369 3346 se
393 3285 442 3347 ait
466 3295 600 3347 tantum
625 3287 720 3366 apud
752 3285 827 3348 eius
857 3285 1089 3347 sanctitatem
1122 3284 1273 3347 valuisse
1305 3286 1469 3368 querelas

188 3391 343 3469 Erasmi,
377 3412 481 3473 quem
513 3412 634 3453 omnes
668 3392 799 3454 scirent
834 3392 1012 3473 quomodo
1043 3390 1185 3474 scriptis
1209 3390 1281 3453 suis
1306 3391 1349 3452 de
1375 3391 1469 3453 Sede

190 3499 399 3583 Apostolica
423 3510 458 3561 et
482 3499 656 3579 religione
682 3499 825 3561 meritus
851 3510 955 3575 esset,
982 3511 1018 3561 ut
1042 3499 1088 3561 ad
1113 3497 1144 3561 ei
1178 3498 1468 3581 complacendum

189 3609 313 3670 eadem
338 3606 508 3668 sanctitas
531 3605 612 3668 fidei
639 3617 673 3667 et
697 3605 880 3687 religionis
904 3606 1115 3687 dictaequae
1140 3605 1244 3667 Sredis
1269 3625 1468 3688 propugnas

189 3715 326 3777 toribus
349 3712 524 3774 silentium
550 3712 801 3794 imponendum
826 3711 1035 3787 censuisset,
1067 3734 1131 3777 nec
1157 3712 1279 3776 videre
1303 3711 1469 3795 quidnam

189 3821 296 3884 animi
321 3821 367 3882 de
392 3830 512 3881 cetero
546 3818 700 3880 habituri
734 3830 852 3880 essent
886 3819 1010 3900 reliqui
1046 3819 1204 3901 theologi
1230 3830 1265 3882 et
1289 3819 1467 3903 praedica·

190 3941 286 3990 tores
311 3925 423 3989 Verbi
450 3925 515 3988 Dei
540 3926 586 3987 ad
620 3925 871 4006 exponendum
903 3946 942 3989 se
974 3925 1068 3989 mille
1100 3926 1405 4009 indignationibus
1435 3940 1471 3989 et

191 4033 360 4118 periculis
384 4052 450 4113 pro
474 4031 605 4093 Chrlsti
629 4030 699 4093 fide
723 4032 873 4093 tutanda
898 4044 933 4093 et
957 4035 1004 4095 ab
1019 4033 1278 4097 haereticorum
1294 4035 1470 4097 termento

191 4141 417 4215 vindicanda,
441 4138 470 4199 si
495 4139 547 4200 eis
571 4139 630 4219 qui
664 4159 729 4220 pro
753 4139 956 4221 praecipuis
979 4140 1061 4203 tirtei
1087 4140 1198 4223 ipsius
1220 4140 1471 4205 ‹leienmribus

189 4264 226 4312 et
250 4246 509 4310 haereticorum
534 4246 822 4327 persecutoribus
847 4246 978 4329 ubique
1006 4259 1255 4329 reputarentur
1291 4270 1330 4311 ac
1364 4247 1468 4311 nomi

189 4367 369 4431 narentur,
392 4373 415 4414 a
437 4352 567 4415 Christi
591 4352 725 4415 vicario
749 4354 926 4417 silentium
952 4354 1083 4437 imponi
1108 4354 1360 4431 intelligerent,
1400 4354 1469 4419 Aet

190 4462 280 4524 didit
304 4474 422 4522 tamen
448 4480 486 4522 se
510 4458 715 4541 diligentius
748 4461 793 4523 de
826 4462 946 4524 dando
971 4460 1052 4525 mibi
1079 4463 1134 4523 vel
1160 4462 1226 4521 SM
1254 4462 1316 4524 ΙΝ
1341 4458 1471 4525 Nostro

190 4590 254 4652 per
289 4567 425 4630 ordinis
460 4567 512 4629 sui
556 4567 826 4630 Procuratorem
865 4568 961 4631 finali
999 4588 1192 4650 responsi,
1233 4568 1471 4649 cogitatorum

189 4678 327 4739 interea
355 4677 438 4737 dum
474 4695 545 4755 ego
578 4674 771 4736 lovanium
809 4675 978 4751 redirem,
1011 4695 1082 4757 quo
1114 4688 1195 4756 poco
1224 4675 1363 4756 aliquos
1393 4675 1471 4739 dies

188 4783 385 4846 rediturum
420 4802 476 4843 me
512 4779 709 4864 spedondi:
743 4781 826 4843 licet
859 4796 984 4864 protea
1015 4784 1062 4844 ob
1094 4794 1192 4845 certa
1216 4782 1472 4865 impedimenta
