3330 5580
710 490 958 549 ⁶434le

184 646 354 699 menzato
384 639 520 700 anchor
550 648 675 719 questo
708 638 832 701 Paese.
886 639 928 701 EI
960 639 1073 722 primo
1108 639 1236 721 giorno
1268 638 1398 721 partite
1429 615 1475 702 de

185 749 249 825 qui
275 743 488 825 Monsignor
511 745 556 807 de
580 744 714 808 Trento
738 744 762 806 li
786 744 824 806 fu
849 744 962 827 piliati
997 746 1020 807 1ἰ
1044 745 1127 808 muli
1153 746 1198 807 da
1221 745 1330 807 vilani
1355 755 1392 806 et
1415 746 1475 827 poi

186 851 369 932 restituiti,
394 862 429 914 et
453 872 475 914 a
498 850 547 914 lui
570 851 594 914 li
620 851 657 914 Iu
682 851 778 915 dicto
803 854 870 915 che
893 853 915 914 l'
933 854 1075 915 andava
1099 873 1166 914 con
1190 852 1280 915 tanti
1300 852 1414 914 cavali
1440 863 1475 914 et

186 967 292 1022 tanta
320 957 490 1051 superbia
520 967 556 1020 et
585 960 652 1021 che
676 957 747 1022 San
772 958 893 1023 Pietro
924 960 1041 1021 havea
1072 960 1116 1020 de
1140 959 1256 1040 gratia
1288 961 1475 1022 cavalcare

187 1087 237 1128 un
261 1067 380 1135 anno:
405 1064 465 1149 poi
489 1085 554 1147 per
578 1067 612 1128 la
637 1068 758 1128 strada
782 1065 806 1129 li
831 1066 868 1129 fu
885 1066 972 1129 facti
994 1066 1125 1129 dirersi
1140 1066 1271 1129 Insulti.
1309 1067 1350 1129 Li
1365 1067 1475 1129 vilani

187 1175 236 1235 de
257 1172 407 1236 Brixina
431 1172 584 1235 essendo
608 1182 750 1236 menato
776 1193 845 1236 uno
870 1175 928 1236 ala
951 1173 1084 1236 iustitia
1107 1193 1153 1255 ge
1178 1175 1213 1235 lo
1237 1175 1387 1237 levorno
1411 1195 1476 1256 per

187 1279 301 1357 sorza,
324 1280 372 1341 da
395 1278 455 1361 poi
478 1298 567 1342 sono
592 1279 722 1342 entrati
746 1299 792 1343 ne
815 1281 850 1343 la
874 1290 970 1344 terra
995 1289 1031 1342 et
1051 1281 1146 1343 bano
1162 1281 1367 1362 sachegiate
1384 1291 1475 1344 tutte

186 1388 224 1449 le
249 1405 333 1449 cose
357 1385 414 1449 de'
438 1385 600 1449 canonici
625 1395 661 1449 et
684 1386 787 1469 preti,
813 1387 922 1468 dopoi
945 1388 1031 1449 data
1055 1389 1089 1449 la
1113 1387 1246 1448 batalia
1270 1389 1302 1449 al
1328 1389 1475 1450 castello

187 1504 226 1556 et
249 1491 401 1556 amazati
432 1493 491 1555 dui
521 1493 566 1555 de
592 1492 700 1574 quelli
732 1494 790 1556 del
814 1492 970 1557 Castello
1003 1505 1038 1556 et
1062 1495 1219 1556 anchora
1249 1496 1284 1557 lo
1316 1504 1476 1576 tengono

186 1599 389 1664 obsediato.
436 1598 541 1662 Hano
572 1600 741 1662 mandato
772 1621 794 1662 a
825 1601 1031 1664 dimandare
1063 1601 1095 1663 el
1119 1620 1292 1681 vescovo,
1328 1603 1361 1664 el
1395 1604 1477 1683 qual

188 1718 318 1790 questa
341 1717 448 1770 nocte
482 1726 548 1769 con
582 1706 711 1788 cinque
743 1707 857 1770 cavali
890 1707 915 1769 Ii
939 1706 960 1769 ὲ
984 1708 1117 1770 andato
1150 1726 1215 1789 per
1246 1708 1357 1771 veder
1390 1728 1429 1771 se
1453 1709 1477 1771 Ii

187 1815 273 1897 pole
296 1812 497 1896 acquietar;
521 1813 639 1877 sicche
663 1834 761 1877 semo
785 1817 820 1878 al
843 1824 1010 1897 presente
1034 1816 1080 1878 da
1103 1835 1168 1897 per
1187 1824 1280 1878 tutto
1296 1815 1478 1878 attorniati

186 1930 227 1982 et
250 1919 377 1983 dubito
408 1940 455 1985 un
479 1919 605 2000 giorno
638 1921 683 1984 de
707 1941 754 1983 un
778 1921 1015 2002 grandissimo
1040 1923 1228 2000 scandalo,
1263 1932 1299 1984 et
1322 1922 1477 1985 maxime

186 2047 256 2108 per
277 2027 392 2090 naver
415 2028 448 2090 el
465 2046 574 2108 paese
592 2026 688 2090 Iacto
705 2027 891 2090 intendere
908 2029 942 2090 al
959 2027 1126 2111 Principe
1150 2028 1229 2091 chel
1249 2027 1356 2090 debia
1371 2047 1476 2091 cazar

187 2135 239 2197 da
265 2154 305 2196 se
330 2130 585 2214 Salamancha,
622 2144 657 2197 et
687 2135 734 2197 Iui
761 2155 805 2197 va
829 2135 1102 2217 tergiversando
1133 2133 1179 2197 fin
1204 2136 1283 2197 chel
1315 2134 1382 2196 tire
1407 2154 1478 2197 una

187 2240 294 2304 ruina
324 2241 455 2303 adosso
479 2240 524 2304 de
548 2260 587 2304 se
618 2241 724 2304 etde
756 2243 779 2303 li
804 2241 883 2304 altri
916 2253 952 2304 et
975 2241 1009 2303 io
1034 2243 1069 2305 Ia
1092 2243 1186 2304 vedo
1219 2243 1264 2303 de
1288 2242 1337 2302 tal
1362 2252 1476 2314 sorte;

189 2352 283 2411 cussi
308 2347 379 2410 Dio
412 2346 507 2410 sacia
538 2349 604 2410 che
638 2348 672 2410 io
696 2348 885 2420 mentisca;
921 2349 987 2411 che
1021 2349 1072 2411 sel
1106 2369 1175 2410 non
1209 2347 1306 2410 fusse
1340 2349 1406 2410 che
1429 2350 1477 2411 ho

190 2455 392 2518 deliberato
416 2453 530 2517 servit
554 2453 595 2516 N.
621 2451 658 2516 S.
683 2453 730 2517 fin
755 2474 777 2516 a
801 2456 834 2516 la
858 2464 987 2535 morte,
1012 2454 1070 2536 gia
1095 2475 1150 2518 me
1175 2454 1269 2517 saria
1292 2454 1431 2517 ritirato
1455 2475 1477 2517 a

190 2562 326 2625 Trento
350 2572 386 2625 et
410 2561 435 2624 li
459 2561 568 2624 staria
591 2562 636 2623 ad
662 2572 833 2642 expectar
857 2563 936 2624 chel
961 2562 1064 2624 desse
1089 2563 1121 2623 el
1146 2560 1330 2643 schioppo.

281 2647 312 2731 Ii.
335 2668 539 2732 necessario
562 2671 628 2731 che
653 2669 771 2732 avanti
797 2680 923 2750 quatro
944 2669 1061 2751 giorni
1082 2670 1114 2732 el
1130 2669 1292 2750 principe
1310 2670 1368 2731 dia
1383 2690 1476 2732 reso·

194 2777 265 2838 luta
289 2786 455 2857 resposta
479 2797 500 2838 a
524 2775 633 2858 quelli
657 2796 720 2838 son
744 2795 811 2857 per
834 2775 857 2838 li
882 2776 990 2838 vilani
1014 2777 1072 2839 del
1098 2796 1206 2857 paese
1231 2782 1289 2858 qui
1314 2775 1348 2838 in
1370 2777 1476 2839 Dicta

197 2903 302 2965 sopra
325 2880 549 2946 Salamanca.
597 2883 649 2945 La
679 2885 733 2946 lor
766 2893 937 2964 proposta
963 2883 982 2944 ὲ
1007 2893 1099 2945 stata
1132 2884 1210 2945 chel
1244 2883 1351 2945 debia
1373 2904 1476 2946 cazar

198 2990 251 3052 dal
275 3009 340 3053 suo
366 2989 522 3053 conselio
544 2988 626 3051 tutti
649 2988 673 3051 Ii
690 2988 920 3051 ecclesiastici
944 3001 979 3051 et
996 2987 1218 3068 Salamanca,
1243 2991 1277 3051 la
1293 2992 1374 3070 qual
1393 3010 1477 3052 cosa

199 3095 347 3159 iacendo
371 3096 395 3158 li
419 3116 547 3159 sarano
571 3096 657 3158 boni
683 3095 814 3158 subditi
839 3106 874 3159 et
898 3117 1038 3177 sempre
1061 3097 1305 3177 apparechiati
1328 3096 1363 3159 in
1391 3098 1475 3178 ogni

200 3222 257 3267 sua
279 3202 456 3267 necessita
481 3222 643 3284 exponer
667 3205 702 3265 la
726 3205 815 3265 roba
840 3214 874 3265 et
899 3204 933 3264 la
958 3203 1077 3283 roba¹)
1102 3212 1137 3264 ct
1155 3205 1211 3265 nol
1238 3203 1391 3265 iacendo
1415 3224 1474 3286 po-

203 3310 283 3374 nera
304 3311 337 3374 el
362 3317 455 3373 stato
479 3331 543 3373 suo
568 3310 603 3372 in
629 3309 748 3372 dubio,

282 3436 323 3498 In
348 3434 553 3516 Hinspruch
578 3434 636 3497 die
661 3434 753 3497 XIII
776 3433 863 3497 Maii
888 3431 1090 3496 MDXXV.

280 3598 408 3605 -—---

230 3684 313 3749 oste
333 3687 360 3734 in
380 3684 504 3747 originali
523 3686 698 3740 documento;
719 3685 830 3732 sortasse
848 3681 1005 3744 legendum:
1026 3682 1069 3745 „Ia
1088 3682 1154 3730 roba
1172 3690 1198 3729 et
1217 3682 1244 3730 Ia
1263 3682 1332 3730 vicar
