3330 5580
714 434 960 494 043316ῢο

195 597 266 641 non
291 599 488 660 possumus.
537 582 652 663 Quum
677 595 793 648 autem
817 587 863 648 de
878 585 1086 650 Venerabili
1105 585 1253 650 fratrum
1279 597 1474 654 nostrorum

194 684 349 750 Sanctae
384 687 573 753 Romanae
611 691 793 754 Ecclesiae
835 693 1073 757 Cardinalium
1110 694 1261 759 consilio
1303 695 1477 761 Nuncium

193 793 441 874 Apostoiieum
473 816 544 858 non
569 797 683 860 minus
707 800 752 861 ad
776 808 887 863 totam
911 801 1013 864 istam
1030 802 1210 865 nationem
1234 802 1342 866 nobis
1362 805 1478 884 valde,

193 921 234 963 ac
259 922 401 986 semper
426 903 608 984 dilectam,
640 925 744 986 quam
777 907 823 968 ad
848 907 953 969 istum
977 909 1237 973 ornatissimum
1262 920 1478 974 conventum

193 1008 330 1071 missuri
354 1010 581 1093 propediem,
615 1012 755 1075 interim
789 1014 957 1080 dilectum
988 1014 1096 1078 filium
1120 1015 1384 1100 Hieronymum
1408 1017 1478 1083 Ro

192 1115 322 1178 tarium
347 1116 567 1196 familiarem,
593 1128 629 1182 et
653 1116 894 1184 Camerarium
917 1131 1075 1185 nostrum
1089 1122 1178 1186 istuc
1193 1123 1388 1204 mittamus,
1412 1124 1476 1189 ius·

192 1223 411 1305 serimusque
437 1244 515 1286 eum
540 1224 639 1288 adire
663 1233 770 1307 atque
786 1227 921 1309 alloqui
936 1227 1196 1293 fraternitatem
1211 1241 1321 1309 tuam,
1348 1231 1479 1295 eteius

192 1329 348 1393 consiliis
371 1329 488 1409 inniti,
513 1341 653 1413 gratum
685 1332 789 1396 nobis
823 1333 884 1396 illa
918 1333 1041 1417 faciet,
1076 1335 1106 1398 si
1139 1356 1239 1399 suam
1274 1336 1312 1400 in
1345 1334 1479 1402 Sedem

192 1437 438 1520 Apostolicam
462 1438 651 1520 pietatem,
685 1460 727 1502 ac
755 1440 940 1522 pristinam
974 1461 1062 1525 erga
1090 1462 1156 1505 nos
1184 1444 1479 1509 benevolentiam

191 1547 258 1606 hae
283 1565 425 1627 quoque
449 1543 485 1608 in
499 1566 538 1608 re
555 1547 762 1626 ostenderit,
779 1547 894 1630 ipsum
911 1548 1176 1632 Hieronymum,
1201 1549 1320 1633 siquid
1336 1553 1385 1614 ad
1404 1551 1478 1616 Nos

191 1660 361 1735 spectans
386 1651 567 1730 acciderit,
590 1652 747 1735 benigne
760 1653 917 1718 fovendo
934 1665 969 1718 et
984 1655 1043 1738 pie
1058 1656 1257 1739 dirigendo.
1298 1657 1477 1739 Quemad-

190 1759 333 1821 modum
358 1758 435 1841 ipse
459 1757 620 1840 pluribus
643 1760 733 1823 haec
755 1762 877 1824 verbis
902 1762 996 1826 dicet
1020 1783 1127 1845 super
1158 1763 1288 1844 quibus
1320 1765 1356 1829 ei
1380 1766 1477 1847 cupi·

191 1886 267 1929 mus
291 1865 398 1929 fidem
422 1886 489 1949 per
511 1865 771 1930 fraternitatem
795 1878 890 1931 tuam
916 1869 1089 1934 adhiberi.

280 1992 361 2054 Dat.
386 1991 528 2054 Romae
553 2000 618 2056 etc.
643 1990 788 2057 XXIV.
812 1994 1023 2057 Decembris
1052 2014 1145 2074 15²3·
1191 1995 1301 2059 Anno
1324 1996 1454 2079 prime.

279 2097 402 2161 Simile
427 2097 712 2180 Archiepiscopo
737 2098 950 2164 Coloniensi.

280 2202 402 2267 Simile
438 2204 566 2267 Comiti
602 2205 786 2287 Palatino,
829 2219 865 2272 et
897 2207 1115 2289 Lantgravio
1150 2206 1301 2288 Assiae,
1337 2220 1477 2275 mutato

193 2310 302 2376 irater
325 2310 360 2373 in
386 2309 531 2376 Nobilis.

730 2485 829 2498 *VWMWV'
836 2485 875 2496 *m
879 2485 934 2497 MN

794 2663 855 2727 141

503 2777 658 2860 loannes
686 2715 1049 2860 Hanerusclenenti
1075 2778 1153 2861 VH.

627 2915 726 2991 (aput
743 2917 903 2994 Principum
921 2919 958 2977 11.
974 2918 1045 2992 1³0.)

687 3031 723 3095 (s.
743 3033 864 3097 Januarii
887 3030 973 3099 1524.)

278 3152 510 3217 Conflictatur
552 3155 621 3217 iam
670 3176 761 3218 nunc
800 3155 993 3219 Germania
1028 3163 1150 3217 nostra
1188 3175 1251 3217 sex
1288 3157 1473 3238 perpetuis

188 3261 291 3324 annis
315 3282 422 3345 super
447 3262 603 3343 Christo,
629 3284 735 3344 super
760 3261 968 3344 Evangeli0,
994 3270 1029 3324 et
1053 3271 1185 3342 quanto
1209 3259 1388 3325 fecithoc
1413 3285 1472 3328 an·

190 3368 308 3432 nixius
333 3389 375 3432 eo
400 3368 514 3432 minus
539 3369 623 3432 mihi
648 3379 684 3432 et
708 3370 837 3433 Christi
874 3378 909 3432 et
940 3367 1129 3450 Evangelii
1161 3369 1294 3431 habere
1317 3368 1470 3436 videtur.

189 3476 323 3540 Caussa
348 3487 401 3539 est
426 3478 521 3559 quod
546 3497 612 3560 per
636 3476 826 3557 invidiam,
859 3487 896 3538 ut
920 3476 1117 3560 Apostolus
1141 3474 1207 3555 ait,
1239 3485 1275 3539 et
1299 3479 1470 3542 contenti-

189 3604 292 3646 onem
317 3605 374 3647 res
399 3584 528 3665 agitur,
553 3605 623 3647 non
648 3605 733 3648 vere
766 3583 846 3647 huic
879 3585 1003 3646 morbo
1028 3603 1105 3645 cum
1136 3582 1204 3646 iam
1235 3583 1295 3645 diu
1324 3583 1471 3649 circum·

188 3691 337 3774 spicitur
380 3703 414 3753 et
451 3690 650 3754 differendo
684 3691 797 3754 crevit
838 3700 874 3753 et
906 3691 1127 3772 quorundam
1159 3689 1242 3753 item
1273 3692 1471 3756 morosiore

189 3818 298 3881 opere
323 3798 517 3860 etiamnum
541 3799 643 3881 peius
668 3801 800 3861 habere
825 3796 936 3879 cepit;
969 3817 1091 3859 verum
1116 3817 1161 3859 ne
1184 3817 1242 3860 res
1265 3799 1412 3862 tandem
1437 3799 1472 3863 in

187 3904 315 3985 ingens
337 3903 550 3968 christianae
563 3905 782 3986 reipublicae
807 3903 995 3966 discrimen
1020 3906 1138 3982 abeat,
1155 3907 1367 3967 maturanda
1391 3927 1472 3970 con·

187 4012 265 4074 silia
290 4021 376 4093 puto
402 4023 436 4074 et
460 4031 567 4092 super
594 4022 797 4094 opportuno
818 4010 975 4074 remedio
993 4009 1232 4093 cogitandum,
1248 4011 1358 4093 idque
1375 4024 1473 4094 post-

187 4118 313 4200 positis
338 4118 444 4180 etiam
468 4117 613 4200 reliquis
637 4117 800 4181 omnibus
824 4129 896 4181 tum
928 4117 1020 4180 curis
1050 4127 1123 4180 tum
1156 4117 1325 4200 negociis,
1379 4120 1475 4191 Nam

188 4245 259 4288 non
285 4235 420 4288 tantum
446 4224 639 4289 christiano
663 4225 759 4306 orbi,
790 4245 870 4288 mea
892 4224 1084 4306 sententia,
1109 4245 1156 4288 ex
1179 4225 1296 4288 Turca
1318 4227 1475 4308 periculi

188 4332 365 4409 imminet,
397 4341 569 4412 quantum
600 4351 646 4394 ex
678 4333 744 4394 hac
773 4352 843 4395 una
875 4331 1066 4414 impietatis
1094 4331 1267 4405 factione;
1292 4333 1476 4401 cantilena

188 4438 280 4501 enim
303 4439 413 4520 vulgo
440 4437 587 4518 canitur,
614 4447 779 4502 nontam
810 4459 982 4502 novarum
1011 4459 1129 4503 rerum
1157 4459 1261 4521 quam
1291 4439 1475 4515 libertatis

188 4545 330 4629 cupide,
357 4546 600 4608 accenduntur
615 4555 651 4608 et
673 4545 874 4628 principum
895 4547 1115 4627 quorundam
1139 4545 1266 4627 studia,
1290 4549 1387 4628 quod
1410 4553 1475 4615 vel

188 4652 338 4715 nominis
352 4653 436 4715 inde
451 4652 730 4735 perpetuitatem
745 4652 928 4715 vindicare
952 4652 1018 4716 sibi
1042 4653 1200 4735 cupiunt,
1223 4661 1286 4715 aut
1308 4663 1407 4725 certe
1431 4675 1473 4721 se

189 4761 299 4822 ultum
329 4757 371 4821 iri
404 4759 575 4821 adversus
612 4779 674 4822 eos
705 4779 794 4842 quos
827 4758 1044 4841 implacabili
1076 4758 1158 4822 odio
1194 4775 1473 4841 prosequuntur.
