3330 5580
724 452 934 510 (ΗΠΒ-ΓΗ

814 708 844 774 4.

367 834 562 914 instructio
591 855 653 934 pro
681 832 830 913 Domino
857 831 1074 928 Hieronymo
1102 828 1290 909 Aleundro.

649 973 735 1041 (Aeta
753 971 888 1029 wormac.
907 969 952 1027 lul
971 968 1005 1035 7.)

278 1091 396 1154 Primo
422 1090 618 1153 advertatis
634 1111 679 1152 ne
696 1090 788 1152 inter
804 1111 869 1152 vos
885 1099 920 1151 et
937 1088 1117 1150 dominum
1132 1088 1307 1167 Joannem
1323 1086 1469 1149 Echium

189 1198 371 1261 exoriatur
396 1197 515 1278 aliqua
539 1197 733 1275 discordia,
765 1216 835 1277 qua
858 1198 926 1257 hoc
951 1204 1111 1257 sanctum
1136 1213 1225 1274 opus
1249 1193 1351 1255 vobis
1378 1213 1468 1255 com·

189 1307 330 1368 missum
356 1307 599 1386 perturbetur,
633 1313 693 1364 aut
718 1304 836 1384 aliquo
862 1302 967 1364 modo
995 1300 1228 1382 impediatur;
1264 1321 1342 1362 cum
1371 1321 1468 1362 sanc·

189 1411 322 1474 tissima
347 1411 519 1474 charitate
544 1430 585 1471 ac
610 1408 860 1471 benevolentia
884 1408 1002 1470 omnia
1027 1407 1289 1470 accuratissime
1314 1416 1468 1487 pertrac-

187 1518 321 1580 tabitis:
369 1518 459 1579 Nam
485 1515 561 1578 S¹¹¹¹¹⁸
591 1517 632 1579 D.
665 1514 708 1578 N.
741 1527 926 1597 utrumque
958 1514 1155 1595 aequaliter
1186 1514 1316 1596 diligit,
1350 1523 1386 1576 et
1416 1536 1466 1576 re·

188 1645 373 1688 munerare
398 1634 543 1705 paratus
568 1633 632 1686 est.

279 1749 445 1811 Secundo
470 1769 615 1811 necesse
641 1758 704 1821 est,
736 1758 774 1809 ut
797 1746 959 1808 habeatis
984 1747 1123 1808 Bullam
1147 1746 1182 1808 in
1208 1767 1277 1827 qua
1301 1747 1467 1808 creemini

189 1856 483 1918 Prothonotarius
507 1854 658 1917 Nuntius
692 1853 909 1935 apostolicus
944 1863 979 1915 et
1011 1854 1176 1935 specialis
1204 1854 1390 1935 inquisitor
1423 1857 1467 1916 ad

189 1963 450 2044 reprimendum
466 1962 656 2024 Martinum
678 1982 718 2023 ac
740 1962 813 2042 ejus
830 1981 1001 2041 sequaces
1015 1980 1093 2022 curn
1110 1972 1287 2041 potestate
1304 1961 1469 2024 inventos

189 2069 396 2151 culpabiles
421 2080 482 2132 aut
507 2090 645 2132 errores
670 2069 704 2130 in
729 2070 827 2130 bulla
852 2068 1039 2130 damnatos
1062 2068 1239 2149 quomodo
1257 2068 1344 2130 libet
1367 2089 1466 2149 prae·

189 2176 349 2239 dicantes
383 2188 583 2239 asserentes
615 2197 677 2237 seu
711 2174 946 2237 defendentes
978 2195 1038 2235 seu
1071 2175 1292 2257 disputantes
1326 2175 1469 2255 publice

190 2285 246 2346 vel
278 2287 432 2356 occulte,
474 2284 695 2362 carcerandi,
743 2280 912 2363 puniendi
946 2281 1050 2343 etiam
1081 2281 1204 2344 ultimo
1234 2281 1409 2364 supplicio
1435 2294 1470 2344 et

189 2391 354 2453 tradendi
370 2390 497 2452 Curiae
522 2390 705 2469 saeculari,
730 2409 772 2451 ac
796 2388 987 2450 invocandi
1007 2388 1190 2451 brachium
1208 2388 1283 2451 sive
1300 2388 1470 2451 auxilium

189 2498 375 2579 cujuslibet
398 2497 574 2578 Principis
606 2498 661 2557 vel
694 2494 825 2557 domini
859 2505 930 2556 tam
962 2496 1193 2558 ecclesiastici
1219 2517 1324 2577 quam
1349 2517 1469 2559 saecu·

189 2605 286 2683 lariS,
318 2614 354 2667 et
383 2624 461 2666 cum
486 2602 654 2665 facultate
680 2601 886 2665 declarandi
911 2622 972 2664 eos
996 2602 1163 2666 incidisse
1188 2604 1222 2665 in
1248 2605 1402 2683 Bullam,
1434 2615 1470 2666 et

189 2714 276 2773 haec
302 2709 419 2772 omnia
443 2719 524 2791 post
548 2709 824 2790 publicationem
849 2709 969 2770 bullae
994 2719 1029 2771 et
1053 2711 1191 2791 lapsum
1215 2711 1355 2774 termini
1375 2712 1410 2773 in
1427 2733 1469 2774 ea

188 2816 356 2880 contenti.

278 2944 408 3025 Tertio,
434 2943 515 3026 quia
540 2942 726 3024 negocium
751 2945 950 3025 hujusmodi
967 2956 1020 3008 est
1037 2943 1174 3028 grande
1192 2952 1227 3004 et
1242 2943 1469 3024 laboriosum,

189 3063 224 3115 et
247 3054 356 3114 multa
380 3050 586 3112 incumbunt
602 3049 636 3112 in
655 3050 805 3112 diversis
821 3051 909 3114 locis
926 3053 1144 3134 peragenda,
1166 3071 1313 3113 necesse
1330 3050 1470 3113 videtur

188 3174 226 3222 ut
250 3158 453 3241 partiamini
478 3159 523 3220 ad
548 3158 698 3220 invicem
723 3160 866 3220 labores
890 3168 1045 3221 vestros:
1087 3158 1162 3220 Vos
1186 3158 1294 3240 igitur
1318 3157 1469 3220 Domine

191 3266 407 3347 llieronyme
431 3265 526 3327 ibitis
551 3266 596 3326 ad
622 3264 762 3327 Curiam
780 3264 942 3326 Caesaris
958 3277 1055 3327 recto
1072 3265 1222 3343 tramite,
1248 3275 1283 3327 et
1298 3264 1346 3326 ibi
1369 3285 1468 3346 prae-

189 3373 374 3436 sentabitis
404 3374 537 3434 bullam
572 3374 791 3453 plumbatam
825 3373 899 3453 ejus
923 3373 998 3453 Ml,
1024 3372 1290 3454 suadebitisque
1325 3382 1364 3433 ut
1397 3383 1468 3435 tam

189 3479 404 3560 pernitiosae
435 3479 527 3560 pesti
557 3479 703 3541 obviare
729 3478 813 3541 velit
839 3479 1048 3559 praesertim
1073 3481 1107 3542 in
1131 3479 1230 3542 initio
1256 3501 1340 3542 suae
1363 3481 1468 3543 advo·

190 3586 338 3648 cationis
362 3598 397 3648 et
422 3597 609 3667 susceptae
634 3585 850 3649 defensionis
874 3607 940 3667 pro
972 3598 1094 3649 sancta
1118 3586 1285 3649 Romana
1308 3586 1469 3650 Ecclesia

189 3713 258 3774 quo
284 3692 366 3754 nihil
394 3692 584 3774 gloriosius
607 3704 729 3774 posset
747 3694 877 3772 facere,
903 3695 1124 3756 ostendendo
1141 3694 1197 3755 Me
1216 3715 1300 3757 suae
1317 3694 1469 3775 qualiter

189 3798 266 3861 S¹¹¹¹¹⁵
293 3802 336 3862 1).
362 3801 404 3863 Ν.
430 3812 464 3863 et
489 3802 592 3863 sedes
618 3801 828 3881 Apostolica
852 3821 923 3862 non
949 3800 993 3861 ad
1019 3802 1194 3863 fovendas
1221 3801 1468 3864 contentiones

188 3929 254 3969 nec
283 3908 397 3973 rixas.
431 3910 495 3970 scd
520 3909 564 3969 ad
589 3908 766 3969 sedandas
792 3918 828 3969 et
853 3907 1114 3987 extinguendas
1139 3911 1306 3971 haereses
1331 3920 1468 3973 mature

188 4015 379 4094 processit,
415 4025 450 4077 et
482 4015 746 4077 communicatis
774 4014 937 4076 omnibus
962 4015 1141 4078 erroribus
1166 4037 1228 4079 seu
1252 4017 1408 4079 articulis
1432 4017 1468 4079 in

188 4123 285 4183 bulla
317 4121 492 4184 contentis
524 4142 602 4183 cum
627 4126 672 4183 s¹¹⁰
696 4121 766 4183 Ro.
791 4120 887 4183 Eccl.
913 4120 1160 4184 Cardinalibus
1183 4143 1224 4184 ac
1250 4123 1366 4184 multis
1390 4124 1469 4186 aliis

189 4228 400 4291 doctissimis
424 4229 508 4290 viris
532 4229 603 4291 Ro.
630 4228 755 4291 Curiae
779 4228 859 4290 illos
884 4229 1082 4308 damnavit,
1114 4240 1148 4291 et
1173 4240 1364 4310 propterea
1389 4252 1467 4293 cum

188 4336 314 4398 fecerit
339 4337 433 4417 quod
460 4336 512 4398 sui
543 4335 651 4398 officii
676 4346 739 4415 est,
765 4335 853 4416 petit
878 4336 1061 4398 brachium
1086 4336 1266 4416 potentiae
1290 4336 1358 4397 Mlis
1383 4358 1467 4400 suae

188 4444 286 4524 cujus
310 4442 465 4505 officium
490 4455 543 4505 est
567 4443 767 4504 haereticos
791 4454 873 4504 ante
900 4443 1015 4505 omnia
1040 4443 1231 4524 extirpare,
1256 4453 1363 4523 atque
1387 4444 1467 4506 ideo

185 4550 285 4630 juxta
310 4550 544 4631 apostolicum
570 4549 728 4631 gladium
752 4558 888 4629 portat,
922 4561 960 4610 ut
984 4551 1085 4612 malis
1108 4550 1309 4612 hominibus
1338 4562 1468 4633 purget

189 4655 384 4718 Ecclesiam
402 4656 470 4718 Dei
495 4667 530 4719 et
554 4656 714 4718 nitamini
737 4655 929 4736 impetrare
947 4656 1082 4719 litteras
1099 4659 1144 4719 ab
1166 4658 1239 4737 ejus
1255 4658 1316 4719 Μιθ
1336 4659 1381 4719 ad
1398 4680 1466 4720 om-

189 4782 253 4823 nes
284 4761 496 4826 Germaniae
530 4763 714 4845 Principes
748 4773 818 4824 tam
843 4767 1044 4827 saeculares
1069 4786 1172 4846 quam
1198 4765 1468 4845 ecclesiasticos.
