3330 5580
700 461 850 517 0<3452
889 457 948 515 ΕΗ

787 715 851 779 208

318 829 541 930 Margherita
568 829 824 911 Archiducissa
851 766 1019 912 lustriae
1047 831 1219 914 clementi
1247 833 1329 916 vn.

257 976 325 1046 (Sub
341 976 481 1034 memento
496 975 557 1033 vu.
575 976 694 1034 uertere
711 976 740 1035 dl
759 977 865 1036 diverti
876 977 1002 1053 Prlndpl
1020 980 1051 1037 et
1065 978 1144 1038 altri.
1163 980 1236 1040 tttt.
1253 981 1321 1054 nrt
1336 981 1404 1050 11⁷.)

691 1095 745 1162 (18.
776 1097 840 1146 Maii
874 1096 961 1164 1525.)

275 1219 484 1282 Beatissimo
500 1241 541 1282 ac
553 1217 782 1283 Sanctissime
793 1221 902 1284 Pater
914 1231 997 1303 post
1009 1222 1239 1288 humillimam
1251 1234 1288 1289 et
1301 1226 1475 1290 devotam

187 1349 297 1409 usque
325 1329 370 1389 ad
391 1337 588 1389 vestrorum
610 1347 790 1389 sacrorum
816 1329 947 1411 pedum
970 1330 1091 1392 oscula
1115 1333 1478 1398 commendationem.

276 1453 487 1516 Beatissime
512 1453 620 1514 Pater
651 1452 772 1515 literas
804 1451 1011 1516 Sanctitatis
1036 1453 1167 1518 Vestre
1191 1455 1226 1519 in
1251 1456 1365 1521 forma
1393 1460 1475 1522 bre·

187 1563 240 1624 vis
276 1563 341 1622 sub
373 1559 470 1621 XXI
500 1580 614 1640 nuper
646 1559 736 1640 lapsi
761 1559 897 1641 Aprilis
928 1561 974 1623 ad
1003 1581 1059 1624 me
1093 1562 1232 1626 delatas
1262 1574 1478 1629 reverenter
1522 1580 1526 1584 ’

188 1667 556 1749 recepi‚‘illarumque
581 1677 771 1748 perspecto
795 1677 920 1729 tenore
944 1687 1015 1728 non
1040 1687 1185 1749 possum
1217 1689 1289 1732 non
1321 1671 1391 1734 nisi
1417 1693 1476 1737 ve·

187 1777 372 1837 hementer
395 1772 572 1853 admirari,
596 1774 692 1852 quod
717 1774 842 1836 eadem
866 1771 1047 1836 Sanctitas
1070 1775 1203 1838 Vestra
1226 1796 1283 1839 me
1306 1779 1478 1842 adhorte-

188 1895 244 1944 tur
268 1893 306 1942 ut
330 1890 461 1943 sectam
478 1878 710 1942 lucterianam
734 1880 769 1943 in
795 1881 962 1943 comitatu
988 1881 1195 1964 Hollandie,
1223 1886 1330 1948 valde
1353 1888 1478 1966 valde,

188 2000 226 2052 ut
261 1988 403 2068 asserit,
441 1989 689 2069 pullulantem,
722 1987 870 2068 aliisque
900 1988 933 2050 in
966 1989 1159 2071 provinciis
1190 1992 1368 2072 gubernio
1393 2014 1480 2059 meo

189 2096 342 2174 credrtis,
368 2095 550 2176 extirpare
568 2115 765 2176 procurem,
789 2094 823 2157 in
838 2097 977 2177 hocque
994 2095 1134 2159 faveam
1151 2097 1480 2166 Reverendissimo

188 2205 223 2266 in
250 2204 390 2265 Christo
416 2203 512 2265 Patri
540 2202 691 2265 Domino
717 2203 896 2266 Cardinali
922 2203 1123 2284 Leodiensi‚
1147 2204 1200 2266 cui
1227 2207 1352 2268 eadem
1373 2229 1479 2272 sanc·

189 2313 271 2374 titas
295 2311 426 2373 Vestra
451 2311 496 2372 de
521 2331 564 2372 eo
589 2310 731 2372 uberius
755 2310 915 2393 scripsit;
941 2331 1019 2373 cum
1047 2311 1224 2374 neminem
1252 2332 1478 2394 cognoscam

189 2418 407 2499 Principem,
432 2418 491 2498 qui
516 2437 622 2498 super
648 2417 866 2480 extinctione
891 2418 985 2479 dicte
1010 2427 1107 2480 secte
1132 2417 1328 2482 ferventius
1353 2441 1411 2484 me
1439 2444 1479 2485 re

191 2536 227 2588 et
259 2525 388 2587 effectu
423 2523 672 2586 elaboraverit.
726 2523 772 2585 Et
807 2535 845 2585 ut
875 2523 911 2585 id
947 2524 1165 2587 commodius
1199 2523 1300 2588 fieret
1333 2526 1480 2592 iusticia

190 2632 380 2710 mediante,
405 2629 665 2692 commissarios
680 2639 753 2693 tres
768 2630 969 2711 spirituales
987 2629 1082 2692 omni
1098 2631 1301 2712 exceptioni
1318 2633 1480 2698 maiores

191 2762 210 2801 a
236 2736 553 2802 Reverendissimo
579 2737 732 2798 Domino
758 2736 936 2799 Cardinali
967 2737 1011 2797 de
1036 2735 1250 2820 Campegio,
1281 2741 1404 2821 legato
1431 2744 1480 2806 de

191 2848 302 2908 latere
328 2843 534 2907 Sanctitatis
559 2843 711 2906 Vestrae
726 2843 761 2906 in
779 2843 981 2923 Germania,
1005 2844 1191 2924 impetravi
1209 2846 1288 2908 loco
1305 2847 1479 2929 Magistri

191 2951 372 3015 lirancisci
409 2952 453 3012 de
489 2950 596 3013 Hulst
631 2950 725 3031 layci
768 2971 872 3031 quem
907 2971 972 3032 pro
1009 2950 1184 3014 seditione
1220 2953 1390 3017 evitanda
1429 2960 1479 3020 ab

191 3058 364 3123 exercitio
390 3057 495 3136 diete,
521 3077 641 3135 eorum
664 3057 899 3120 commissioni
926 3077 1056 3119 vacare
1081 3077 1150 3119 non
1169 3071 1364 3141 cessarunt,
1388 3060 1478 3127 item

193 3169 289 3248 quod
314 3186 406 3246 equo
432 3175 557 3245 sponte
582 3164 737 3226 currenti
766 3165 919 3227 calcaria
954 3165 1157 3226 necessaria
1184 3184 1257 3228 non
1287 3167 1374 3247 sint,
1409 3172 1479 3234 sed

192 3274 341 3336 forsitan
382 3282 418 3334 et
453 3271 632 3334 Sanctitas
667 3271 797 3333 Vestra
833 3273 940 3353 longe
983 3292 1004 3333 a
1034 3270 1186 3333 veritate
1216 3274 1333 3354 potuit
1363 3275 1478 3340 infor-

192 3381 289 3461 mari,
314 3400 379 3442 nec
405 3378 633 3442 Hollandiam
658 3379 770 3460 magis
795 3379 923 3441 ceteris
947 3377 1139 3460 provinciis
1170 3399 1214 3442 co
1249 3380 1396 3445 crimine
1425 3383 1476 3447 in·

192 3488 321 3550 factam
364 3489 495 3549 latrare
536 3486 700 3567 expedit,
752 3487 812 3547 ubi
851 3487 941 3566 proh
978 3488 1081 3547 dolor
1115 3488 1247 3548 nullam
1283 3487 1477 3555 immunem

192 3596 359 3666 sentiam3
387 3614 508 3656 verum
534 3602 633 3654 tanta
658 3613 702 3654 ex
729 3591 921 3655 Germania
945 3595 1122 3654 excitatur
1145 3591 1307 3656 confusio
1341 3605 1379 3657 ut
1404 3597 1477 3661 nisi

192 3704 291 3764 Deus
327 3701 402 3783 ipse
437 3700 610 3762 maximus
642 3699 830 3779 provideat
861 3708 968 3762 totam
1002 3698 1107 3761 fidem
1132 3708 1289 3761 nostram
1314 3701 1475 3767 christia-

193 3831 271 3872 nam
297 3810 540 3871 conculcatam
557 3818 593 3869 et
611 3806 807 3870 nuiusmodi
831 3817 1056 3888 prostratam,
1081 3807 1210 3869 nedum
1227 3806 1332 3870 video
1356 3809 1477 3891 primo

191 3916 270 3979 illos
301 3914 481 3978 veneficos
513 3914 731 3976 Lucteristas
755 3914 906 3996 grandia
942 3913 1084 3995 agmina
1116 3912 1268 3977 invicem
1298 3912 1479 3982 facientes

192 4025 325 4104 patrias
351 4043 473 4084 omnes
497 4021 680 4101 invadere,
705 4023 843 4084 nobiles
868 4021 1043 4099 occidere,
1068 4029 1103 4083 et
1127 4020 1233 4082 armis
1250 4040 1291 4082 ac
1311 4023 1478 4102 potentia

192 4141 276 4193 voto
302 4150 422 4193 eorum
448 4128 629 4207 subicere,
659 4129 863 4210 templaque
898 4137 1095 4190 conventus
1127 4137 1162 4188 et
1193 4137 1310 4189 castra
1343 4149 1476 4210 rapere

193 4237 347 4318 spoliare
373 4247 408 4297 et
441 4237 517 4297 solo
548 4255 689 4316 equare.
754 4236 856 4297 Adeo
890 4236 984 4316 quod
1021 4234 1222 4296 necessario
1255 4235 1405 4315 expedit
1435 4233 1475 4301 S.

192 4344 235 4406 V.
261 4343 358 4405 vices
383 4342 511 4403 Christi
536 4342 571 4404 in
597 4341 699 4404 terris
724 4352 909 4423 gerentem
941 4341 1127 4423 Principes
1159 4360 1281 4402 omnes
1313 4341 1474 4406 christia·

193 4471 257 4512 nos
281 4450 315 4512 in
341 4470 446 4511 unum
473 4468 673 4510 convocare
698 4458 733 4510 et
757 4449 802 4510 de
826 4447 983 4510 remedio
1009 4441 1406 4528 oportuno'consnlere
1437 4459 1474 4514 et

192 4557 394 4637 providere.
442 4556 519 4636 Ego
551 4555 642 4617 enim
676 4555 864 4617 Cesaream
888 4554 1114 4616 Maiestatem
1143 4573 1208 4634 pro
1233 4554 1356 4616 debito
1393 4576 1473 4620 meo

192 4667 237 4726 de
261 4662 328 4725 hiis
353 4663 539 4725 certiorem
563 4662 643 4741 feci,
669 4683 806 4725 necnon
831 4663 1126 4745 quemadmodum
1151 4658 1188 4723 S.
1213 4660 1257 4723 V.
1282 4661 1471 4744 superiori·

191 4774 258 4832 bus
283 4772 408 4832 diebus
432 4791 496 4851 per
521 4769 640 4831 literas
665 4791 746 4832 suas
770 4769 804 4832 in
830 4770 944 4832 forma
975 4768 1094 4832 brevis
1119 4767 1472 4834 Reverendissimum
