<?xml version="1.0" encoding="UTF-8"?>
<!DOCTYPE html PUBLIC "-//W3C//DTD XHTML 1.0 Transitional//EN"
    "http://www.w3.org/TR/xhtml1/DTD/xhtml1-transitional.dtd">
<html xmlns="http://www.w3.org/1999/xhtml" xml:lang="en" lang="en">
 <head>
  <title>
</title>
<meta http-equiv="Content-Type" content="text/html;charset=utf-8" />
  <meta name='ocr-system' content='tesseract 3.04.00' />
  <meta name='ocr-capabilities' content='ocr_page ocr_carea ocr_par ocr_line ocrx_word'/>
</head>
<body>
  <div class='ocr_page' id='page_1' title='image "./monumentareform00vatigoog_0091.png"; bbox 0 0 3330 5580; ppageno 0'>
   <div class='ocr_carea' id='block_1_1' title="bbox 718 469 946 526">
    <p class='ocr_par' dir='ltr' id='par_1_1' title="bbox 718 469 946 526">
     <span class='ocr_line' id='line_1_1' title="bbox 718 469 946 526; baseline 0 0"><span class='ocrx_word' id='word_1_1' title='bbox 718 469 946 526; x_wconf 42' lang='lat' dir='ltr'>o4350&amp;-o</span> 
     </span>
    </p>
   </div>
   <div class='ocr_carea' id='block_1_2' title="bbox 803 722 855 787">
    <p class='ocr_par' dir='ltr' id='par_1_2' title="bbox 803 722 855 787">
     <span class='ocr_line' id='line_1_2' title="bbox 803 722 855 787; baseline 0.019 -1"><span class='ocrx_word' id='word_1_2' title='bbox 803 722 855 787; x_wconf 83' lang='lat'>20.</span> 
     </span>
    </p>
   </div>
   <div class='ocr_carea' id='block_1_3' title="bbox 137 827 1491 4876">
    <p class='ocr_par' dir='ltr' id='par_1_3' title="bbox 405 827 1254 1124">
     <span class='ocr_line' id='line_1_3' title="bbox 405 827 1254 931; baseline 0.002 -23"><span class='ocrx_word' id='word_1_3' title='bbox 405 827 597 910; x_wconf 75' lang='lat' dir='ltr'><strong>Cuiusdam</strong></span> <span class='ocrx_word' id='word_1_4' title='bbox 626 829 779 931; x_wconf 79' lang='lat' dir='ltr'>epistola</span> <span class='ocrx_word' id='word_1_5' title='bbox 807 830 848 910; x_wconf 82' lang='lat' dir='ltr'>de</span> <span class='ocrx_word' id='word_1_6' title='bbox 877 830 995 909; x_wconf 81' lang='lat' dir='ltr'>Rebus</span> <span class='ocrx_word' id='word_1_7' title='bbox 1024 827 1254 910; x_wconf 75' lang='lat' dir='ltr'>Germanicis.</span> 
     </span>
     <span class='ocr_line' id='line_1_4' title="bbox 633 959 1029 1033; baseline 0.003 -16"><span class='ocrx_word' id='word_1_8' title='bbox 633 959 718 1029; x_wconf 75' lang='lat' dir='ltr'>(dm</span> <span class='ocrx_word' id='word_1_9' title='bbox 736 959 773 1018; x_wconf 83' lang='grc' dir='ltr'>Π,</span> <span class='ocrx_word' id='word_1_10' title='bbox 792 959 867 1033; x_wconf 72' lang='lat' dir='ltr'>dape.</span> <span class='ocrx_word' id='word_1_11' title='bbox 885 959 907 1016; x_wconf 75' lang='lat' dir='ltr'>L</span> <span class='ocrx_word' id='word_1_12' title='bbox 926 959 960 1016; x_wconf 85' lang='grc'>11.</span> <span class='ocrx_word' id='word_1_13' title='bbox 979 959 1029 1030; x_wconf 80' lang='grc'><strong>81.)</strong></span> 
     </span>
     <span class='ocr_line' id='line_1_5' title="bbox 682 1062 980 1124; baseline 0.003 -16"><span class='ocrx_word' id='word_1_14' title='bbox 682 1063 715 1124; x_wconf 83' lang='grc'>(7,</span> <span class='ocrx_word' id='word_1_15' title='bbox 737 1062 873 1110; x_wconf 84' lang='lat' dir='ltr'><strong>Februarii</strong></span> <span class='ocrx_word' id='word_1_16' title='bbox 896 1065 980 1122; x_wconf 80' lang='lat'>1521.)</span> 
     </span>
    </p>

    <p class='ocr_par' dir='ltr' id='par_1_4' title="bbox 137 1157 1491 4876">
     <span class='ocr_line' id='line_1_6' title="bbox 299 1157 1474 1241; baseline 0.003 -22"><span class='ocrx_word' id='word_1_17' title='bbox 299 1157 615 1221; x_wconf 85' lang='lat' dir='ltr'>Reverendissimo</span> <span class='ocrx_word' id='word_1_18' title='bbox 631 1158 841 1241; x_wconf 85' lang='lat' dir='ltr'>Monsignor</span> <span class='ocrx_word' id='word_1_19' title='bbox 857 1159 925 1221; x_wconf 91' lang='lat' dir='ltr'>mio</span> <span class='ocrx_word' id='word_1_20' title='bbox 941 1159 1276 1223; x_wconf 89' lang='lat' dir='ltr'>observandissimo.</span> <span class='ocrx_word' id='word_1_21' title='bbox 1314 1159 1437 1241; x_wconf 83' lang='lat' dir='ltr'>Hoggi</span> <span class='ocrx_word' id='word_1_22' title='bbox 1455 1162 1474 1222; x_wconf 76' lang='lat' dir='ltr'>e</span> 
     </span>
     <span class='ocr_line' id='line_1_7' title="bbox 192 1265 1474 1347; baseline 0.002 -21"><span class='ocrx_word' id='word_1_23' title='bbox 192 1265 321 1327; x_wconf 90' lang='lat' dir='ltr'>intrato</span> <span class='ocrx_word' id='word_1_24' title='bbox 353 1265 376 1327; x_wconf 92' lang='lat' dir='ltr'>il</span> <span class='ocrx_word' id='word_1_25' title='bbox 402 1266 589 1328; x_wconf 89' lang='lat' dir='ltr'>Marchese</span> <span class='ocrx_word' id='word_1_26' title='bbox 614 1265 939 1347; x_wconf 89' lang='lat' dir='ltr'>Brandeburgense</span> <span class='ocrx_word' id='word_1_27' title='bbox 971 1268 1080 1328; x_wconf 91' lang='lat' dir='ltr'>molto</span> <span class='ocrx_word' id='word_1_28' title='bbox 1114 1270 1207 1328; x_wconf 90' lang='lat' dir='ltr'>bene</span> <span class='ocrx_word' id='word_1_29' title='bbox 1236 1288 1257 1328; x_wconf 88' lang='lat' dir='ltr'>a</span> <span class='ocrx_word' id='word_1_30' title='bbox 1281 1267 1407 1329; x_wconf 83' lang='lat' dir='ltr'>ordine</span> <span class='ocrx_word' id='word_1_31' title='bbox 1439 1279 1474 1328; x_wconf 89' lang='lat' dir='ltr'>et</span> 
     </span>
     <span class='ocr_line' id='line_1_8' title="bbox 191 1372 1475 1454; baseline 0.002 -22"><span class='ocrx_word' id='word_1_32' title='bbox 191 1392 269 1432; x_wconf 89' lang='lat' dir='ltr'>cum</span> <span class='ocrx_word' id='word_1_33' title='bbox 295 1392 364 1434; x_wconf 88' lang='lat' dir='ltr'>una</span> <span class='ocrx_word' id='word_1_34' title='bbox 388 1374 483 1434; x_wconf 87' lang='lat' dir='ltr'>bella</span> <span class='ocrx_word' id='word_1_35' title='bbox 507 1372 737 1454; x_wconf 84' lang='lat' dir='ltr'>compagnia;</span> <span class='ocrx_word' id='word_1_36' title='bbox 765 1375 854 1436; x_wconf 89' lang='lat' dir='ltr'>hora</span> <span class='ocrx_word' id='word_1_37' title='bbox 878 1393 919 1435; x_wconf 92' lang='lat' dir='ltr'>ce</span> <span class='ocrx_word' id='word_1_38' title='bbox 944 1393 1056 1435; x_wconf 92' lang='lat' dir='ltr'>sonno</span> <span class='ocrx_word' id='word_1_39' title='bbox 1081 1373 1161 1436; x_wconf 85' lang='lat' dir='ltr'>tutti</span> <span class='ocrx_word' id='word_1_40' title='bbox 1186 1372 1210 1435; x_wconf 91' lang='lat' dir='ltr'>li</span> <span class='ocrx_word' id='word_1_41' title='bbox 1235 1374 1392 1454; x_wconf 84' lang='lat' dir='ltr'>electori,</span> <span class='ocrx_word' id='word_1_42' title='bbox 1418 1394 1475 1435; x_wconf 82' lang='lat' dir='ltr'>ma</span> 
     </span>
     <span class='ocr_line' id='line_1_9' title="bbox 191 1479 1474 1561; baseline 0.002 -21"><span class='ocrx_word' id='word_1_43' title='bbox 191 1479 305 1560; x_wconf 89' lang='lat' dir='ltr'>prima</span> <span class='ocrx_word' id='word_1_44' title='bbox 336 1481 402 1541; x_wconf 90' lang='lat' dir='ltr'>che</span> <span class='ocrx_word' id='word_1_45' title='bbox 435 1480 483 1542; x_wconf 91' lang='lat' dir='ltr'>lui</span> <span class='ocrx_word' id='word_1_46' title='bbox 509 1479 606 1542; x_wconf 81' lang='lat' dir='ltr'>fusse</span> <span class='ocrx_word' id='word_1_47' title='bbox 630 1489 781 1558; x_wconf 88' lang='lat' dir='ltr'>venuto,</span> <span class='ocrx_word' id='word_1_48' title='bbox 814 1480 872 1561; x_wconf 74' lang='lat' dir='ltr'>gia</span> <span class='ocrx_word' id='word_1_49' title='bbox 898 1491 952 1541; x_wconf 89' lang='lat' dir='ltr'>tre</span> <span class='ocrx_word' id='word_1_50' title='bbox 977 1481 1074 1542; x_wconf 90' lang='lat' dir='ltr'>volte</span> <span class='ocrx_word' id='word_1_51' title='bbox 1098 1482 1132 1541; x_wconf 92' lang='lat' dir='ltr'>la</span> <span class='ocrx_word' id='word_1_52' title='bbox 1156 1480 1294 1543; x_wconf 70' lang='lat' dir='ltr'>Maesta</span> <span class='ocrx_word' id='word_1_53' title='bbox 1319 1479 1474 1542; x_wconf 80' lang='lat' dir='ltr'><strong>Cesarea</strong></span> 
     </span>
     <span class='ocr_line' id='line_1_10' title="bbox 162 1568 1475 1669; baseline 0.002 -22"><span class='ocrx_word' id='word_1_54' title='bbox 162 1568 166 1584; x_wconf 79' lang='grc'><strong>’</strong></span> <span class='ocrx_word' id='word_1_55' title='bbox 191 1607 270 1648; x_wconf 91' lang='lat' dir='ltr'>cum</span> <span class='ocrx_word' id='word_1_56' title='bbox 287 1587 310 1647; x_wconf 94' lang='lat' dir='ltr'>li</span> <span class='ocrx_word' id='word_1_57' title='bbox 328 1587 408 1648; x_wconf 82' lang='lat' dir='ltr'>altri</span> <span class='ocrx_word' id='word_1_58' title='bbox 425 1586 571 1649; x_wconf 80' lang='lat' dir='ltr'><strong>electori</strong></span> <span class='ocrx_word' id='word_1_59' title='bbox 596 1596 631 1650; x_wconf 90' lang='lat' dir='ltr'>et</span> <span class='ocrx_word' id='word_1_60' title='bbox 655 1587 782 1668; x_wconf 89' lang='lat' dir='ltr'>grandi</span> <span class='ocrx_word' id='word_1_61' title='bbox 807 1608 846 1650; x_wconf 89' lang='lat' dir='ltr'>se</span> <span class='ocrx_word' id='word_1_62' title='bbox 871 1608 979 1650; x_wconf 90' lang='lat' dir='ltr'>erano</span> <span class='ocrx_word' id='word_1_63' title='bbox 1004 1587 1151 1650; x_wconf 90' lang='lat' dir='ltr'>adunati</span> <span class='ocrx_word' id='word_1_64' title='bbox 1174 1587 1320 1650; x_wconf 82' lang='lat' dir='ltr'>insieme</span> <span class='ocrx_word' id='word_1_65' title='bbox 1346 1598 1381 1649; x_wconf 91' lang='lat' dir='ltr'>et</span> <span class='ocrx_word' id='word_1_66' title='bbox 1409 1608 1475 1669; x_wconf 88' lang='lat' dir='ltr'>per</span> 
     </span>
     <span class='ocr_line' id='line_1_11' title="bbox 191 1693 1475 1776; baseline 0.002 -22"><span class='ocrx_word' id='word_1_67' title='bbox 191 1695 347 1757; x_wconf 82' lang='lat' dir='ltr'>anchora</span> <span class='ocrx_word' id='word_1_68' title='bbox 372 1714 441 1755; x_wconf 91' lang='lat' dir='ltr'>non</span> <span class='ocrx_word' id='word_1_69' title='bbox 466 1694 529 1756; x_wconf 79' lang='lat' dir='ltr'>s&#39;d</span> <span class='ocrx_word' id='word_1_70' title='bbox 554 1703 679 1776; x_wconf 89' lang='lat' dir='ltr'>potuto</span> <span class='ocrx_word' id='word_1_71' title='bbox 703 1693 889 1757; x_wconf 87' lang='lat' dir='ltr'>intendere</span> <span class='ocrx_word' id='word_1_72' title='bbox 911 1714 995 1757; x_wconf 91' lang='lat' dir='ltr'>cosa</span> <span class='ocrx_word' id='word_1_73' title='bbox 1011 1706 1110 1757; x_wconf 88' lang='lat' dir='ltr'>certa</span> <span class='ocrx_word' id='word_1_74' title='bbox 1126 1694 1162 1756; x_wconf 92' lang='lat' dir='ltr'>di</span> <span class='ocrx_word' id='word_1_75' title='bbox 1179 1697 1297 1775; x_wconf 93' lang='lat' dir='ltr'>quello</span> <span class='ocrx_word' id='word_1_76' title='bbox 1315 1695 1475 1758; x_wconf 86' lang='lat' dir='ltr'>habbino</span> 
     </span>
     <span class='ocr_line' id='line_1_12' title="bbox 191 1798 1473 1882; baseline 0.002 -21"><span class='ocrx_word' id='word_1_77' title='bbox 191 1811 373 1882; x_wconf 91' lang='lat' dir='ltr'>proposto.</span> <span class='ocrx_word' id='word_1_78' title='bbox 421 1801 554 1864; x_wconf 82' lang='lat' dir='ltr'>Tamen</span> <span class='ocrx_word' id='word_1_79' title='bbox 579 1821 617 1864; x_wconf 89' lang='lat' dir='ltr'>se</span> <span class='ocrx_word' id='word_1_80' title='bbox 643 1800 721 1863; x_wconf 90' lang='lat' dir='ltr'>dice</span> <span class='ocrx_word' id='word_1_81' title='bbox 746 1812 842 1864; x_wconf 90' lang='lat' dir='ltr'>certe</span> <span class='ocrx_word' id='word_1_82' title='bbox 867 1821 950 1864; x_wconf 89' lang='lat' dir='ltr'>cose</span> <span class='ocrx_word' id='word_1_83' title='bbox 975 1804 1155 1882; x_wconf 87' lang='lat' dir='ltr'>generale,</span> <span class='ocrx_word' id='word_1_84' title='bbox 1182 1801 1257 1863; x_wconf 76' lang='lat' dir='ltr'>cioe</span> <span class='ocrx_word' id='word_1_85' title='bbox 1283 1803 1348 1863; x_wconf 91' lang='lat' dir='ltr'>che</span> <span class='ocrx_word' id='word_1_86' title='bbox 1372 1798 1408 1864; x_wconf 89' lang='lat' dir='ltr'>S.</span> <span class='ocrx_word' id='word_1_87' title='bbox 1425 1800 1473 1865; x_wconf 92' lang='lat' dir='ltr'>M.</span> 
     </span>
     <span class='ocr_line' id='line_1_13' title="bbox 190 1906 1474 1989; baseline 0 -21"><span class='ocrx_word' id='word_1_88' title='bbox 190 1907 213 1968; x_wconf 92' lang='lat' dir='ltr'>li</span> <span class='ocrx_word' id='word_1_89' title='bbox 245 1908 291 1968; x_wconf 88' lang='lat' dir='ltr'>ha</span> <span class='ocrx_word' id='word_1_90' title='bbox 323 1906 508 1988; x_wconf 82' lang='lat' dir='ltr'>regratiati</span> <span class='ocrx_word' id='word_1_91' title='bbox 540 1907 585 1969; x_wconf 91' lang='lat' dir='ltr'>de</span> <span class='ocrx_word' id='word_1_92' title='bbox 617 1908 651 1968; x_wconf 87' lang='lat' dir='ltr'>la</span> <span class='ocrx_word' id='word_1_93' title='bbox 684 1908 836 1971; x_wconf 90' lang='lat' dir='ltr'>election</span> <span class='ocrx_word' id='word_1_94' title='bbox 867 1910 944 1971; x_wconf 93' lang='lat' dir='ltr'>loro</span> <span class='ocrx_word' id='word_1_95' title='bbox 973 1907 1069 1971; x_wconf 85' lang='lat' dir='ltr'>facta</span> <span class='ocrx_word' id='word_1_96' title='bbox 1093 1909 1127 1970; x_wconf 91' lang='lat' dir='ltr'>in</span> <span class='ocrx_word' id='word_1_97' title='bbox 1153 1927 1309 1989; x_wconf 91' lang='lat' dir='ltr'>persona</span> <span class='ocrx_word' id='word_1_98' title='bbox 1333 1927 1413 1985; x_wconf 89' lang='lat' dir='ltr'>sua,</span> <span class='ocrx_word' id='word_1_99' title='bbox 1439 1918 1474 1969; x_wconf 89' lang='lat' dir='ltr'>et</span> 
     </span>
     <span class='ocr_line' id='line_1_14' title="bbox 191 2013 1475 2096; baseline 0 -20"><span class='ocrx_word' id='word_1_100' title='bbox 191 2015 257 2077; x_wconf 88' lang='lat' dir='ltr'>che</span> <span class='ocrx_word' id='word_1_101' title='bbox 288 2035 353 2095; x_wconf 91' lang='lat' dir='ltr'>per</span> <span class='ocrx_word' id='word_1_102' title='bbox 385 2034 456 2077; x_wconf 93' lang='lat' dir='ltr'>non</span> <span class='ocrx_word' id='word_1_103' title='bbox 484 2017 596 2078; x_wconf 86' lang='lat' dir='ltr'>haver</span> <span class='ocrx_word' id='word_1_104' title='bbox 620 2017 752 2078; x_wconf 89' lang='lat' dir='ltr'>havuto</span> <span class='ocrx_word' id='word_1_105' title='bbox 777 2025 896 2095; x_wconf 86' lang='lat' dir='ltr'>tempo</span> <span class='ocrx_word' id='word_1_106' title='bbox 921 2014 969 2076; x_wconf 89' lang='lat' dir='ltr'>lui</span> <span class='ocrx_word' id='word_1_107' title='bbox 994 2015 1038 2078; x_wconf 90' lang='lat' dir='ltr'>de</span> <span class='ocrx_word' id='word_1_108' title='bbox 1063 2015 1207 2078; x_wconf 87' lang='lat' dir='ltr'>visitare</span> <span class='ocrx_word' id='word_1_109' title='bbox 1232 2013 1256 2076; x_wconf 92' lang='lat' dir='ltr'>li</span> <span class='ocrx_word' id='word_1_110' title='bbox 1280 2014 1404 2096; x_wconf 91' lang='lat' dir='ltr'>populi</span> <span class='ocrx_word' id='word_1_111' title='bbox 1427 2015 1475 2076; x_wconf 91' lang='lat' dir='ltr'>de</span> 
     </span>
     <span class='ocr_line' id='line_1_15' title="bbox 137 2120 1474 2203; baseline 0.001 -22"><span class='ocrx_word' id='word_1_112' title='bbox 137 2144 140 2151; x_wconf 91' lang='lat'>·</span> <span class='ocrx_word' id='word_1_113' title='bbox 191 2120 339 2202; x_wconf 78' lang='lat' dir='ltr'>Spagna</span> <span class='ocrx_word' id='word_1_114' title='bbox 362 2121 537 2185; x_wconf 87' lang='lat' dir='ltr'>facevano</span> <span class='ocrx_word' id='word_1_115' title='bbox 562 2141 650 2203; x_wconf 89' lang='lat' dir='ltr'>gran</span> <span class='ocrx_word' id='word_1_116' title='bbox 676 2121 797 2184; x_wconf 65' lang='lat' dir='ltr'>noviti</span> <span class='ocrx_word' id='word_1_117' title='bbox 823 2133 857 2184; x_wconf 87' lang='lat' dir='ltr'>et</span> <span class='ocrx_word' id='word_1_118' title='bbox 881 2124 946 2184; x_wconf 88' lang='lat' dir='ltr'>che</span> <span class='ocrx_word' id='word_1_119' title='bbox 971 2142 1035 2202; x_wconf 91' lang='lat' dir='ltr'>per</span> <span class='ocrx_word' id='word_1_120' title='bbox 1050 2132 1176 2202; x_wconf 88' lang='lat' dir='ltr'>questo</span> <span class='ocrx_word' id='word_1_121' title='bbox 1191 2132 1357 2201; x_wconf 88' lang='lat' dir='ltr'>respecto</span> <span class='ocrx_word' id='word_1_122' title='bbox 1375 2121 1397 2182; x_wconf 89' lang='lat' dir='ltr'>l&#39;</span> <span class='ocrx_word' id='word_1_123' title='bbox 1412 2142 1474 2183; x_wconf 89' lang='lat' dir='ltr'>era</span> 
     </span>
     <span class='ocr_line' id='line_1_16' title="bbox 189 2228 1472 2310; baseline 0 -21"><span class='ocrx_word' id='word_1_124' title='bbox 189 2228 339 2291; x_wconf 83' lang='lat' dir='ltr'>forciato</span> <span class='ocrx_word' id='word_1_125' title='bbox 370 2239 554 2292; x_wconf 89' lang='lat' dir='ltr'>retornare</span> <span class='ocrx_word' id='word_1_126' title='bbox 578 2250 643 2310; x_wconf 89' lang='lat' dir='ltr'>per</span> <span class='ocrx_word' id='word_1_127' title='bbox 666 2228 904 2309; x_wconf 85' lang='lat' dir='ltr'>remediargli,</span> <span class='ocrx_word' id='word_1_128' title='bbox 929 2238 965 2290; x_wconf 91' lang='lat' dir='ltr'>et</span> <span class='ocrx_word' id='word_1_129' title='bbox 988 2231 1054 2291; x_wconf 92' lang='lat' dir='ltr'>che</span> <span class='ocrx_word' id='word_1_130' title='bbox 1080 2229 1101 2289; x_wconf 90' lang='lat' dir='ltr'>’l</span> <span class='ocrx_word' id='word_1_131' title='bbox 1126 2228 1150 2290; x_wconf 94' lang='lat' dir='ltr'>li</span> <span class='ocrx_word' id='word_1_132' title='bbox 1174 2248 1336 2310; x_wconf 89' lang='lat' dir='ltr'>pregava</span> <span class='ocrx_word' id='word_1_133' title='bbox 1359 2230 1472 2290; x_wconf 90' lang='lat' dir='ltr'>voles·</span> 
     </span>
     <span class='ocr_line' id='line_1_17' title="bbox 190 2334 1475 2417; baseline 0 -21"><span class='ocrx_word' id='word_1_134' title='bbox 190 2356 271 2397; x_wconf 91' lang='lat' dir='ltr'>sero</span> <span class='ocrx_word' id='word_1_135' title='bbox 301 2335 381 2398; x_wconf 91' lang='lat' dir='ltr'>finir</span> <span class='ocrx_word' id='word_1_136' title='bbox 408 2346 533 2417; x_wconf 88' lang='lat' dir='ltr'>questa</span> <span class='ocrx_word' id='word_1_137' title='bbox 558 2336 653 2399; x_wconf 89' lang='lat' dir='ltr'>dieta</span> <span class='ocrx_word' id='word_1_138' title='bbox 678 2347 713 2398; x_wconf 91' lang='lat' dir='ltr'>et</span> <span class='ocrx_word' id='word_1_139' title='bbox 736 2336 813 2398; x_wconf 84' lang='lat' dir='ltr'>fare</span> <span class='ocrx_word' id='word_1_140' title='bbox 838 2335 1012 2397; x_wconf 89' lang='lat' dir='ltr'>electione</span> <span class='ocrx_word' id='word_1_141' title='bbox 1038 2335 1083 2397; x_wconf 90' lang='lat' dir='ltr'>de</span> <span class='ocrx_word' id='word_1_142' title='bbox 1108 2354 1260 2416; x_wconf 88' lang='lat' dir='ltr'>persone</span> <span class='ocrx_word' id='word_1_143' title='bbox 1285 2334 1413 2397; x_wconf 89' lang='lat' dir='ltr'>idonee</span> <span class='ocrx_word' id='word_1_144' title='bbox 1438 2343 1475 2396; x_wconf 88' lang='lat' dir='ltr'>et</span> 
     </span>
     <span class='ocr_line' id='line_1_18' title="bbox 190 2440 1473 2524; baseline -0.001 -22"><span class='ocrx_word' id='word_1_145' title='bbox 190 2442 280 2504; x_wconf 85' lang='lat' dir='ltr'>iuste</span> <span class='ocrx_word' id='word_1_146' title='bbox 313 2463 378 2523; x_wconf 89' lang='lat' dir='ltr'>per</span> <span class='ocrx_word' id='word_1_147' title='bbox 410 2462 610 2524; x_wconf 87' lang='lat' dir='ltr'>governare</span> <span class='ocrx_word' id='word_1_148' title='bbox 642 2442 677 2505; x_wconf 90' lang='lat' dir='ltr'>in</span> <span class='ocrx_word' id='word_1_149' title='bbox 710 2442 872 2505; x_wconf 88' lang='lat' dir='ltr'>absentia</span> <span class='ocrx_word' id='word_1_150' title='bbox 906 2462 969 2503; x_wconf 90' lang='lat' dir='ltr'>sua</span> <span class='ocrx_word' id='word_1_151' title='bbox 992 2443 1027 2503; x_wconf 98' lang='grc'>13</span> <span class='ocrx_word' id='word_1_152' title='bbox 1053 2440 1244 2504; x_wconf 85' lang='lat' dir='ltr'>Germania</span> <span class='ocrx_word' id='word_1_153' title='bbox 1269 2451 1304 2503; x_wconf 93' lang='lat' dir='ltr'>et</span> <span class='ocrx_word' id='word_1_154' title='bbox 1328 2440 1473 2502; x_wconf 89' lang='lat' dir='ltr'>admini-</span> 
     </span>
     <span class='ocr_line' id='line_1_19' title="bbox 190 2547 1473 2629; baseline -0.003 -18"><span class='ocrx_word' id='word_1_155' title='bbox 190 2548 332 2629; x_wconf 87' lang='lat' dir='ltr'>strargli</span> <span class='ocrx_word' id='word_1_156' title='bbox 363 2549 512 2628; x_wconf 90' lang='lat' dir='ltr'>iustitia,</span> <span class='ocrx_word' id='word_1_157' title='bbox 547 2560 582 2612; x_wconf 93' lang='lat' dir='ltr'>et</span> <span class='ocrx_word' id='word_1_158' title='bbox 615 2550 680 2611; x_wconf 93' lang='lat' dir='ltr'>che</span> <span class='ocrx_word' id='word_1_159' title='bbox 712 2549 929 2611; x_wconf 89' lang='lat' dir='ltr'>concordato</span> <span class='ocrx_word' id='word_1_160' title='bbox 957 2549 1023 2610; x_wconf 89' lang='lat' dir='ltr'>che</span> <span class='ocrx_word' id='word_1_161' title='bbox 1049 2548 1238 2611; x_wconf 88' lang='lat' dir='ltr'>l&#39;havesse</span> <span class='ocrx_word' id='word_1_162' title='bbox 1263 2549 1295 2609; x_wconf 90' lang='lat' dir='ltr'>le</span> <span class='ocrx_word' id='word_1_163' title='bbox 1320 2567 1402 2610; x_wconf 90' lang='lat' dir='ltr'>cose</span> <span class='ocrx_word' id='word_1_164' title='bbox 1428 2547 1473 2608; x_wconf 90' lang='lat' dir='ltr'>de</span> 
     </span>
     <span class='ocr_line' id='line_1_20' title="bbox 191 2654 1473 2739; baseline 0 -23"><span class='ocrx_word' id='word_1_165' title='bbox 191 2654 356 2735; x_wconf 86' lang='lat' dir='ltr'>Spagna,</span> <span class='ocrx_word' id='word_1_166' title='bbox 390 2655 487 2736; x_wconf 90' lang='lat' dir='ltr'>dipoi</span> <span class='ocrx_word' id='word_1_167' title='bbox 517 2655 615 2717; x_wconf 87' lang='lat' dir='ltr'>daria</span> <span class='ocrx_word' id='word_1_168' title='bbox 648 2655 823 2739; x_wconf 94' lang='lat' dir='ltr'>principio</span> <span class='ocrx_word' id='word_1_169' title='bbox 855 2658 925 2718; x_wconf 89' lang='lat' dir='ltr'>alla</span> <span class='ocrx_word' id='word_1_170' title='bbox 950 2655 1180 2737; x_wconf 82' lang='lat' dir='ltr'>expeditione</span> <span class='ocrx_word' id='word_1_171' title='bbox 1206 2656 1250 2718; x_wconf 88' lang='lat' dir='ltr'>de</span> <span class='ocrx_word' id='word_1_172' title='bbox 1277 2655 1392 2729; x_wconf 86' lang='lat' dir='ltr'>[talia;</span> <span class='ocrx_word' id='word_1_173' title='bbox 1427 2654 1473 2716; x_wconf 88' lang='lat' dir='ltr'>de</span> 
     </span>
     <span class='ocr_line' id='line_1_21' title="bbox 190 2759 1472 2844; baseline 0 -21"><span class='ocrx_word' id='word_1_174' title='bbox 190 2776 284 2824; x_wconf 88' lang='lat' dir='ltr'>sorte</span> <span class='ocrx_word' id='word_1_175' title='bbox 316 2764 382 2824; x_wconf 90' lang='lat' dir='ltr'>che</span> <span class='ocrx_word' id='word_1_176' title='bbox 415 2762 472 2843; x_wconf 92' lang='lat' dir='ltr'>qui</span> <span class='ocrx_word' id='word_1_177' title='bbox 498 2784 536 2825; x_wconf 91' lang='lat' dir='ltr'>se</span> <span class='ocrx_word' id='word_1_178' title='bbox 560 2773 620 2825; x_wconf 93' lang='lat' dir='ltr'>ten</span> <span class='ocrx_word' id='word_1_179' title='bbox 645 2784 710 2844; x_wconf 89' lang='lat' dir='ltr'>per</span> <span class='ocrx_word' id='word_1_180' title='bbox 735 2763 847 2825; x_wconf 86' lang='lat' dir='ltr'>fermo</span> <span class='ocrx_word' id='word_1_181' title='bbox 872 2764 937 2824; x_wconf 91' lang='lat' dir='ltr'>che</span> <span class='ocrx_word' id='word_1_182' title='bbox 961 2761 1017 2823; x_wconf 89' lang='lat' dir='ltr'>fra</span> <span class='ocrx_word' id='word_1_183' title='bbox 1042 2762 1100 2823; x_wconf 90' lang='lat' dir='ltr'>dui</span> <span class='ocrx_word' id='word_1_184' title='bbox 1125 2761 1212 2823; x_wconf 89' lang='lat' dir='ltr'>mesi</span> <span class='ocrx_word' id='word_1_185' title='bbox 1237 2759 1310 2823; x_wconf 86' lang='lat' dir='ltr'>Sua</span> <span class='ocrx_word' id='word_1_186' title='bbox 1334 2761 1472 2823; x_wconf 80' lang='lat' dir='ltr'>Maesta</span> 
     </span>
     <span class='ocr_line' id='line_1_22' title="bbox 189 2866 1472 2951; baseline -0.002 -20"><span class='ocrx_word' id='word_1_187' title='bbox 189 2869 324 2931; x_wconf 77' lang='lat' dir='ltr'>andara</span> <span class='ocrx_word' id='word_1_188' title='bbox 348 2869 382 2931; x_wconf 88' lang='lat' dir='ltr'>in</span> <span class='ocrx_word' id='word_1_189' title='bbox 401 2869 555 2932; x_wconf 89' lang='lat' dir='ltr'>Fiandra</span> <span class='ocrx_word' id='word_1_190' title='bbox 579 2881 615 2932; x_wconf 91' lang='lat' dir='ltr'>et</span> <span class='ocrx_word' id='word_1_191' title='bbox 639 2872 673 2932; x_wconf 91' lang='lat' dir='ltr'>al</span> <span class='ocrx_word' id='word_1_192' title='bbox 697 2873 768 2932; x_wconf 92' lang='lat' dir='ltr'>bon</span> <span class='ocrx_word' id='word_1_193' title='bbox 793 2880 913 2951; x_wconf 90' lang='lat' dir='ltr'>tempo</span> <span class='ocrx_word' id='word_1_194' title='bbox 936 2890 973 2931; x_wconf 88' lang='lat' dir='ltr'>se</span> <span class='ocrx_word' id='word_1_195' title='bbox 991 2868 1212 2931; x_wconf 67' lang='lat' dir='ltr'>imbarchar‘a</span> <span class='ocrx_word' id='word_1_196' title='bbox 1230 2888 1296 2948; x_wconf 91' lang='lat' dir='ltr'>per</span> <span class='ocrx_word' id='word_1_197' title='bbox 1312 2866 1472 2950; x_wconf 84' lang='lat' dir='ltr'>Spagna‚</span> 
     </span>
     <span class='ocr_line' id='line_1_23' title="bbox 190 2974 1471 3055; baseline -0.001 -18"><span class='ocrx_word' id='word_1_198' title='bbox 190 2988 224 3037; x_wconf 85' lang='lat' dir='ltr'>et</span> <span class='ocrx_word' id='word_1_199' title='bbox 249 2977 328 3038; x_wconf 92' lang='lat' dir='ltr'>chel</span> <span class='ocrx_word' id='word_1_200' title='bbox 352 2976 404 3038; x_wconf 92' lang='lat' dir='ltr'>sia</span> <span class='ocrx_word' id='word_1_201' title='bbox 427 2996 514 3038; x_wconf 88' lang='lat' dir='ltr'>vero</span> <span class='ocrx_word' id='word_1_202' title='bbox 539 2977 646 3038; x_wconf 90' lang='lat' dir='ltr'>credo</span> <span class='ocrx_word' id='word_1_203' title='bbox 672 2979 737 3038; x_wconf 89' lang='lat' dir='ltr'>che</span> <span class='ocrx_word' id='word_1_204' title='bbox 762 2976 783 3037; x_wconf 91' lang='lat' dir='ltr'>l&#39;</span> <span class='ocrx_word' id='word_1_205' title='bbox 800 2978 932 3039; x_wconf 89' lang='lat' dir='ltr'>andata</span> <span class='ocrx_word' id='word_1_206' title='bbox 956 2977 1013 3038; x_wconf 89' lang='lat' dir='ltr'>del</span> <span class='ocrx_word' id='word_1_207' title='bbox 1033 2994 1122 3055; x_wconf 86' lang='lat' dir='ltr'>gran</span> <span class='ocrx_word' id='word_1_208' title='bbox 1140 2974 1300 3037; x_wconf 89' lang='lat' dir='ltr'>Scudero</span> <span class='ocrx_word' id='word_1_209' title='bbox 1317 2974 1353 3037; x_wconf 89' lang='lat' dir='ltr'>in</span> <span class='ocrx_word' id='word_1_210' title='bbox 1369 2974 1471 3036; x_wconf 85' lang='lat' dir='ltr'>Fian—</span> 
     </span>
     <span class='ocr_line' id='line_1_24' title="bbox 189 3081 1472 3163; baseline 0.001 -20"><span class='ocrx_word' id='word_1_211' title='bbox 189 3082 253 3144; x_wconf 89' lang='lat' dir='ltr'>dra</span> <span class='ocrx_word' id='word_1_212' title='bbox 285 3103 355 3144; x_wconf 91' lang='lat' dir='ltr'>non</span> <span class='ocrx_word' id='word_1_213' title='bbox 387 3082 484 3145; x_wconf 87' lang='lat' dir='ltr'>fosse</span> <span class='ocrx_word' id='word_1_214' title='bbox 515 3103 580 3163; x_wconf 91' lang='lat' dir='ltr'>per</span> <span class='ocrx_word' id='word_1_215' title='bbox 604 3085 713 3162; x_wconf 89' lang='lat' dir='ltr'>altro,</span> <span class='ocrx_word' id='word_1_216' title='bbox 747 3104 784 3145; x_wconf 87' lang='lat' dir='ltr'>se</span> <span class='ocrx_word' id='word_1_217' title='bbox 809 3103 877 3145; x_wconf 91' lang='lat' dir='ltr'>non</span> <span class='ocrx_word' id='word_1_218' title='bbox 903 3103 968 3162; x_wconf 90' lang='lat' dir='ltr'>per</span> <span class='ocrx_word' id='word_1_219' title='bbox 992 3082 1069 3144; x_wconf 84' lang='lat' dir='ltr'>fare</span> <span class='ocrx_word' id='word_1_220' title='bbox 1094 3084 1159 3144; x_wconf 90' lang='lat' dir='ltr'>che</span> <span class='ocrx_word' id='word_1_221' title='bbox 1184 3081 1298 3162; x_wconf 88' lang='lat' dir='ltr'>questi</span> <span class='ocrx_word' id='word_1_222' title='bbox 1326 3082 1472 3144; x_wconf 86' lang='lat' dir='ltr'>electori</span> 
     </span>
     <span class='ocr_line' id='line_1_25' title="bbox 188 3187 1471 3271; baseline 0.002 -21"><span class='ocrx_word' id='word_1_223' title='bbox 188 3191 450 3252; x_wconf 85' lang='lat' dir='ltr'>accelerassero</span> <span class='ocrx_word' id='word_1_224' title='bbox 483 3191 517 3253; x_wconf 90' lang='lat' dir='ltr'>la</span> <span class='ocrx_word' id='word_1_225' title='bbox 550 3189 646 3252; x_wconf 87' lang='lat' dir='ltr'>dieta</span> <span class='ocrx_word' id='word_1_226' title='bbox 678 3202 712 3252; x_wconf 89' lang='lat' dir='ltr'>et</span> <span class='ocrx_word' id='word_1_227' title='bbox 737 3210 801 3271; x_wconf 91' lang='lat' dir='ltr'>per</span> <span class='ocrx_word' id='word_1_228' title='bbox 826 3190 1071 3252; x_wconf 89' lang='lat' dir='ltr'>demonstrare</span> <span class='ocrx_word' id='word_1_229' title='bbox 1096 3210 1117 3251; x_wconf 89' lang='lat' dir='ltr'>a</span> <span class='ocrx_word' id='word_1_230' title='bbox 1142 3187 1317 3271; x_wconf 87' lang='lat' dir='ltr'>Spagnoli</span> <span class='ocrx_word' id='word_1_231' title='bbox 1342 3190 1407 3251; x_wconf 92' lang='lat' dir='ltr'>che</span> <span class='ocrx_word' id='word_1_232' title='bbox 1433 3189 1471 3252; x_wconf 75' lang='lat' dir='ltr'>S.</span> 
     </span>
     <span class='ocr_line' id='line_1_26' title="bbox 188 3296 1471 3378; baseline 0.001 -21"><span class='ocrx_word' id='word_1_233' title='bbox 188 3296 326 3359; x_wconf 80' lang='lat' dir='ltr'>Maesta</span> <span class='ocrx_word' id='word_1_234' title='bbox 350 3298 464 3359; x_wconf 88' lang='lat' dir='ltr'>havea</span> <span class='ocrx_word' id='word_1_235' title='bbox 489 3297 707 3360; x_wconf 89' lang='lat' dir='ltr'>comenciato</span> <span class='ocrx_word' id='word_1_236' title='bbox 732 3319 753 3359; x_wconf 89' lang='lat' dir='ltr'>a</span> <span class='ocrx_word' id='word_1_237' title='bbox 778 3299 863 3360; x_wconf 90' lang='lat' dir='ltr'>dare</span> <span class='ocrx_word' id='word_1_238' title='bbox 888 3296 1063 3378; x_wconf 90' lang='lat' dir='ltr'>principio</span> <span class='ocrx_word' id='word_1_239' title='bbox 1081 3316 1102 3357; x_wconf 94' lang='lat' dir='ltr'>a</span> <span class='ocrx_word' id='word_1_240' title='bbox 1122 3296 1144 3358; x_wconf 85' lang='lat' dir='ltr'>l&#39;</span> <span class='ocrx_word' id='word_1_241' title='bbox 1162 3306 1299 3359; x_wconf 87' lang='lat' dir='ltr'>armata</span> <span class='ocrx_word' id='word_1_242' title='bbox 1323 3316 1388 3378; x_wconf 91' lang='lat' dir='ltr'>per</span> <span class='ocrx_word' id='word_1_243' title='bbox 1412 3316 1471 3358; x_wconf 92' lang='lat' dir='ltr'>vo-</span> 
     </span>
     <span class='ocr_line' id='line_1_27' title="bbox 189 3384 1491 3484; baseline 0.001 -20"><span class='ocrx_word' id='word_1_244' title='bbox 189 3405 263 3465; x_wconf 87' lang='lat' dir='ltr'>lere</span> <span class='ocrx_word' id='word_1_245' title='bbox 294 3405 446 3484; x_wconf 88' lang='lat' dir='ltr'>andare,</span> <span class='ocrx_word' id='word_1_246' title='bbox 482 3404 558 3467; x_wconf 80' lang='lat' dir='ltr'>acio</span> <span class='ocrx_word' id='word_1_247' title='bbox 584 3425 654 3467; x_wconf 91' lang='lat' dir='ltr'>non</span> <span class='ocrx_word' id='word_1_248' title='bbox 678 3405 865 3468; x_wconf 86' lang='lat' dir='ltr'>facesseno</span> <span class='ocrx_word' id='word_1_249' title='bbox 890 3406 980 3467; x_wconf 91' lang='lat' dir='ltr'>altre</span> <span class='ocrx_word' id='word_1_250' title='bbox 1005 3403 1140 3474; x_wconf 76' lang='lat' dir='ltr'>novita3</span> <span class='ocrx_word' id='word_1_251' title='bbox 1176 3404 1317 3465; x_wconf 90' lang='lat' dir='ltr'>alchuni</span> <span class='ocrx_word' id='word_1_252' title='bbox 1342 3384 1491 3465; x_wconf 86' lang='lat' dir='ltr'>dicono¹</span> 
     </span>
     <span class='ocr_line' id='line_1_28' title="bbox 190 3510 1470 3591; baseline 0.001 -19"><span class='ocrx_word' id='word_1_253' title='bbox 190 3512 254 3573; x_wconf 91' lang='lat' dir='ltr'>che</span> <span class='ocrx_word' id='word_1_254' title='bbox 280 3511 315 3572; x_wconf 73' lang='lat' dir='ltr'>S.</span> <span class='ocrx_word' id='word_1_255' title='bbox 341 3510 478 3574; x_wconf 77' lang='lat' dir='ltr'>Maesta</span> <span class='ocrx_word' id='word_1_256' title='bbox 503 3511 647 3574; x_wconf 67' lang='lat' dir='ltr'>menard</span> <span class='ocrx_word' id='word_1_257' title='bbox 673 3512 710 3574; x_wconf 89' lang='lat' dir='ltr'>X</span> <span class='ocrx_word' id='word_1_258' title='bbox 735 3512 771 3573; x_wconf 93' lang='lat' dir='ltr'>in</span> <span class='ocrx_word' id='word_1_259' title='bbox 795 3511 869 3573; x_wconf 88' lang='lat' dir='ltr'>XII</span> <span class='ocrx_word' id='word_1_260' title='bbox 898 3511 981 3573; x_wconf 90' lang='lat' dir='ltr'>mila</span> <span class='ocrx_word' id='word_1_261' title='bbox 1007 3512 1262 3591; x_wconf 87' lang='lat' dir='ltr'>lancechenec,</span> <span class='ocrx_word' id='word_1_262' title='bbox 1295 3511 1327 3572; x_wconf 92' lang='lat' dir='ltr'>el</span> <span class='ocrx_word' id='word_1_263' title='bbox 1360 3511 1470 3573; x_wconf 76' lang='lat' dir='ltr'>che&#39;d</span> 
     </span>
     <span class='ocr_line' id='line_1_29' title="bbox 189 3617 1470 3701; baseline 0 -23"><span class='ocrx_word' id='word_1_264' title='bbox 189 3617 369 3697; x_wconf 88' lang='lat' dir='ltr'>credibile,</span> <span class='ocrx_word' id='word_1_265' title='bbox 394 3618 525 3699; x_wconf 77' lang='lat' dir='ltr'>perche</span> <span class='ocrx_word' id='word_1_266' title='bbox 550 3619 571 3680; x_wconf 91' lang='lat' dir='ltr'>l&#39;</span> <span class='ocrx_word' id='word_1_267' title='bbox 588 3621 678 3682; x_wconf 88' lang='lat' dir='ltr'>altro</span> <span class='ocrx_word' id='word_1_268' title='bbox 699 3619 837 3701; x_wconf 84' lang='lat' dir='ltr'>giorn0,</span> <span class='ocrx_word' id='word_1_269' title='bbox 863 3619 1013 3681; x_wconf 90' lang='lat' dir='ltr'>essendo</span> <span class='ocrx_word' id='word_1_270' title='bbox 1029 3618 1063 3680; x_wconf 93' lang='lat' dir='ltr'>io</span> <span class='ocrx_word' id='word_1_271' title='bbox 1079 3619 1138 3680; x_wconf 90' lang='lat' dir='ltr'>dal</span> <span class='ocrx_word' id='word_1_272' title='bbox 1155 3636 1244 3698; x_wconf 85' lang='lat' dir='ltr'>gran</span> <span class='ocrx_word' id='word_1_273' title='bbox 1261 3617 1470 3679; x_wconf 87' lang='lat' dir='ltr'>Cancellero</span> 
     </span>
     <span class='ocr_line' id='line_1_30' title="bbox 189 3725 1471 3806; baseline 0 -20"><span class='ocrx_word' id='word_1_274' title='bbox 189 3731 277 3786; x_wconf 82' lang='lat' dir='ltr'>senti</span> <span class='ocrx_word' id='word_1_275' title='bbox 304 3726 369 3787; x_wconf 91' lang='lat' dir='ltr'>che</span> <span class='ocrx_word' id='word_1_276' title='bbox 394 3747 463 3788; x_wconf 92' lang='lat' dir='ltr'>uno</span> <span class='ocrx_word' id='word_1_277' title='bbox 489 3727 584 3789; x_wconf 92' lang='lat' dir='ltr'>della</span> <span class='ocrx_word' id='word_1_278' title='bbox 608 3726 707 3790; x_wconf 88' lang='lat' dir='ltr'>Cova</span> <span class='ocrx_word' id='word_1_279' title='bbox 731 3727 898 3789; x_wconf 88' lang='lat' dir='ltr'>mandato</span> <span class='ocrx_word' id='word_1_280' title='bbox 923 3728 981 3788; x_wconf 90' lang='lat' dir='ltr'>dal</span> <span class='ocrx_word' id='word_1_281' title='bbox 1007 3726 1250 3789; x_wconf 86' lang='lat' dir='ltr'>Contestabile</span> <span class='ocrx_word' id='word_1_282' title='bbox 1275 3726 1308 3787; x_wconf 94' lang='lat' dir='ltr'>al</span> <span class='ocrx_word' id='word_1_283' title='bbox 1332 3745 1386 3803; x_wconf 90' lang='lat' dir='ltr'>re,</span> <span class='ocrx_word' id='word_1_284' title='bbox 1419 3725 1471 3806; x_wconf 83' lang='lat' dir='ltr'>gli</span> 
     </span>
     <span class='ocr_line' id='line_1_31' title="bbox 189 3831 1471 3913; baseline 0.002 -21"><span class='ocrx_word' id='word_1_285' title='bbox 189 3831 283 3894; x_wconf 91' lang='lat' dir='ltr'>disse</span> <span class='ocrx_word' id='word_1_286' title='bbox 316 3833 446 3895; x_wconf 86' lang='lat' dir='ltr'>havere</span> <span class='ocrx_word' id='word_1_287' title='bbox 479 3832 575 3896; x_wconf 87' lang='lat' dir='ltr'>facto</span> <span class='ocrx_word' id='word_1_288' title='bbox 607 3833 791 3896; x_wconf 89' lang='lat' dir='ltr'>intendere</span> <span class='ocrx_word' id='word_1_289' title='bbox 825 3835 894 3896; x_wconf 89' lang='lat' dir='ltr'>alla</span> <span class='ocrx_word' id='word_1_290' title='bbox 922 3832 1060 3895; x_wconf 75' lang='lat' dir='ltr'>Maesta</span> <span class='ocrx_word' id='word_1_291' title='bbox 1087 3832 1240 3895; x_wconf 89' lang='lat' dir='ltr'>Cesarea</span> <span class='ocrx_word' id='word_1_292' title='bbox 1272 3852 1335 3913; x_wconf 89' lang='lat' dir='ltr'>per</span> <span class='ocrx_word' id='word_1_293' title='bbox 1367 3843 1471 3912; x_wconf 88' lang='lat' dir='ltr'>parte</span> 
     </span>
     <span class='ocr_line' id='line_1_32' title="bbox 188 3938 1469 4021; baseline 0.002 -23"><span class='ocrx_word' id='word_1_294' title='bbox 188 3938 283 4000; x_wconf 90' lang='lat' dir='ltr'>dicto</span> <span class='ocrx_word' id='word_1_295' title='bbox 309 3938 536 4001; x_wconf 86' lang='lat' dir='ltr'>Conestabile</span> <span class='ocrx_word' id='word_1_296' title='bbox 560 3942 625 4002; x_wconf 89' lang='lat' dir='ltr'>che</span> <span class='ocrx_word' id='word_1_297' title='bbox 650 3940 685 4001; x_wconf 89' lang='lat' dir='ltr'>la</span> <span class='ocrx_word' id='word_1_298' title='bbox 716 3959 787 4002; x_wconf 91' lang='lat' dir='ltr'>non</span> <span class='ocrx_word' id='word_1_299' title='bbox 820 3940 972 4001; x_wconf 89' lang='lat' dir='ltr'>andasse</span> <span class='ocrx_word' id='word_1_300' title='bbox 998 3960 1104 4001; x_wconf 85' lang='lat' dir='ltr'>senza</span> <span class='ocrx_word' id='word_1_301' title='bbox 1127 3949 1252 4021; x_wconf 89' lang='lat' dir='ltr'>gente,</span> <span class='ocrx_word' id='word_1_302' title='bbox 1277 3949 1312 4000; x_wconf 94' lang='lat' dir='ltr'>et</span> <span class='ocrx_word' id='word_1_303' title='bbox 1335 3959 1373 4001; x_wconf 88' lang='lat' dir='ltr'>se</span> <span class='ocrx_word' id='word_1_304' title='bbox 1398 3959 1469 4000; x_wconf 90' lang='lat' dir='ltr'>non</span> 
     </span>
     <span class='ocr_line' id='line_1_33' title="bbox 187 4045 1470 4127; baseline 0.002 -21"><span class='ocrx_word' id='word_1_305' title='bbox 187 4047 338 4108; x_wconf 90' lang='lat' dir='ltr'>bastava</span> <span class='ocrx_word' id='word_1_306' title='bbox 366 4066 509 4108; x_wconf 77' lang='lat' dir='ltr'>menate</span> <span class='ocrx_word' id='word_1_307' title='bbox 534 4046 707 4125; x_wconf 88' lang='lat' dir='ltr'>todeschi,</span> <span class='ocrx_word' id='word_1_308' title='bbox 732 4067 893 4109; x_wconf 88' lang='lat' dir='ltr'>menasse</span> <span class='ocrx_word' id='word_1_309' title='bbox 918 4046 1042 4108; x_wconf 88' lang='lat' dir='ltr'>turchi.</span> <span class='ocrx_word' id='word_1_310' title='bbox 1081 4045 1174 4108; x_wconf 85' lang='lat' dir='ltr'>Altri</span> <span class='ocrx_word' id='word_1_311' title='bbox 1199 4045 1368 4127; x_wconf 84' lang='lat' dir='ltr'>vogliono</span> <span class='ocrx_word' id='word_1_312' title='bbox 1393 4045 1470 4108; x_wconf 91' lang='lat' dir='ltr'>dire</span> 
     </span>
     <span class='ocr_line' id='line_1_34' title="bbox 187 4152 1467 4235; baseline 0.001 -21"><span class='ocrx_word' id='word_1_313' title='bbox 187 4154 253 4214; x_wconf 88' lang='lat' dir='ltr'>che</span> <span class='ocrx_word' id='word_1_314' title='bbox 278 4153 301 4214; x_wconf 94' lang='lat' dir='ltr'>li</span> <span class='ocrx_word' id='word_1_315' title='bbox 326 4152 473 4215; x_wconf 90' lang='lat' dir='ltr'>electori</span> <span class='ocrx_word' id='word_1_316' title='bbox 497 4164 533 4215; x_wconf 89' lang='lat' dir='ltr'>et</span> <span class='ocrx_word' id='word_1_317' title='bbox 556 4153 637 4216; x_wconf 88' lang='lat' dir='ltr'>altri</span> <span class='ocrx_word' id='word_1_318' title='bbox 662 4152 829 4216; x_wconf 87' lang='lat' dir='ltr'>Germani</span> <span class='ocrx_word' id='word_1_319' title='bbox 854 4154 914 4235; x_wconf 78' lang='lat' dir='ltr'>gia</span> <span class='ocrx_word' id='word_1_320' title='bbox 939 4155 1058 4216; x_wconf 91' lang='lat' dir='ltr'>hanno</span> <span class='ocrx_word' id='word_1_321' title='bbox 1084 4154 1339 4216; x_wconf 89' lang='lat' dir='ltr'>commenciato</span> <span class='ocrx_word' id='word_1_322' title='bbox 1355 4174 1376 4214; x_wconf 88' lang='lat' dir='ltr'>a</span> <span class='ocrx_word' id='word_1_323' title='bbox 1390 4174 1467 4233; x_wconf 86' lang='lat' dir='ltr'>par·</span> 
     </span>
     <span class='ocr_line' id='line_1_35' title="bbox 188 4259 1470 4341; baseline 0.002 -21"><span class='ocrx_word' id='word_1_324' title='bbox 188 4260 262 4322; x_wconf 89' lang='lat' dir='ltr'>lare</span> <span class='ocrx_word' id='word_1_325' title='bbox 287 4261 331 4322; x_wconf 92' lang='lat' dir='ltr'>de</span> <span class='ocrx_word' id='word_1_326' title='bbox 356 4261 390 4321; x_wconf 88' lang='lat' dir='ltr'>la</span> <span class='ocrx_word' id='word_1_327' title='bbox 415 4260 645 4341; x_wconf 85' lang='lat' dir='ltr'>expeditione</span> <span class='ocrx_word' id='word_1_328' title='bbox 670 4260 714 4322; x_wconf 88' lang='lat' dir='ltr'>de</span> <span class='ocrx_word' id='word_1_329' title='bbox 733 4259 853 4339; x_wconf 87' lang='lat' dir='ltr'>Italia,</span> <span class='ocrx_word' id='word_1_330' title='bbox 887 4280 971 4323; x_wconf 88' lang='lat' dir='ltr'>cosa</span> <span class='ocrx_word' id='word_1_331' title='bbox 995 4262 1060 4322; x_wconf 87' lang='lat' dir='ltr'>che</span> <span class='ocrx_word' id='word_1_332' title='bbox 1085 4260 1224 4341; x_wconf 91' lang='lat' dir='ltr'>poteria</span> <span class='ocrx_word' id='word_1_333' title='bbox 1249 4280 1387 4338; x_wconf 88' lang='lat' dir='ltr'>essere,</span> <span class='ocrx_word' id='word_1_334' title='bbox 1413 4280 1470 4322; x_wconf 93' lang='lat' dir='ltr'>ma</span> 
     </span>
     <span class='ocr_line' id='line_1_36' title="bbox 188 4365 1470 4448; baseline 0.002 -21"><span class='ocrx_word' id='word_1_335' title='bbox 188 4386 258 4428; x_wconf 90' lang='lat' dir='ltr'>non</span> <span class='ocrx_word' id='word_1_336' title='bbox 284 4369 317 4428; x_wconf 92' lang='lat' dir='ltr'>la</span> <span class='ocrx_word' id='word_1_337' title='bbox 341 4387 449 4448; x_wconf 91' lang='lat' dir='ltr'>posso</span> <span class='ocrx_word' id='word_1_338' title='bbox 474 4367 632 4445; x_wconf 91' lang='lat' dir='ltr'>credere,</span> <span class='ocrx_word' id='word_1_339' title='bbox 660 4387 725 4447; x_wconf 89' lang='lat' dir='ltr'>per</span> <span class='ocrx_word' id='word_1_340' title='bbox 749 4387 819 4428; x_wconf 91' lang='lat' dir='ltr'>non</span> <span class='ocrx_word' id='word_1_341' title='bbox 845 4367 975 4429; x_wconf 89' lang='lat' dir='ltr'>esserci</span> <span class='ocrx_word' id='word_1_342' title='bbox 1001 4365 1124 4428; x_wconf 90' lang='lat' dir='ltr'>dinari.</span> <span class='ocrx_word' id='word_1_343' title='bbox 1172 4367 1305 4428; x_wconf 86' lang='lat' dir='ltr'>Tamen</span> <span class='ocrx_word' id='word_1_344' title='bbox 1330 4367 1470 4445; x_wconf 88' lang='lat' dir='ltr'>poteria</span> 
     </span>
     <span class='ocr_line' id='line_1_37' title="bbox 188 4473 1468 4555; baseline 0.002 -22"><span class='ocrx_word' id='word_1_345' title='bbox 188 4493 306 4535; x_wconf 88' lang='lat' dir='ltr'>essere</span> <span class='ocrx_word' id='word_1_346' title='bbox 331 4476 412 4553; x_wconf 88' lang='lat' dir='ltr'>che,</span> <span class='ocrx_word' id='word_1_347' title='bbox 437 4473 645 4536; x_wconf 90' lang='lat' dir='ltr'>trovandosi</span> <span class='ocrx_word' id='word_1_348' title='bbox 671 4474 693 4534; x_wconf 94' lang='lat' dir='ltr'>li</span> <span class='ocrx_word' id='word_1_349' title='bbox 717 4473 846 4555; x_wconf 84' lang='lat' dir='ltr'>grandi</span> <span class='ocrx_word' id='word_1_350' title='bbox 871 4476 940 4536; x_wconf 91' lang='lat' dir='ltr'>ben</span> <span class='ocrx_word' id='word_1_351' title='bbox 966 4473 1116 4554; x_wconf 89' lang='lat' dir='ltr'>disposti</span> <span class='ocrx_word' id='word_1_352' title='bbox 1142 4483 1177 4534; x_wconf 90' lang='lat' dir='ltr'>et</span> <span class='ocrx_word' id='word_1_353' title='bbox 1201 4474 1234 4534; x_wconf 86' lang='lat' dir='ltr'>le</span> <span class='ocrx_word' id='word_1_354' title='bbox 1259 4484 1352 4534; x_wconf 90' lang='lat' dir='ltr'>terre</span> <span class='ocrx_word' id='word_1_355' title='bbox 1377 4473 1468 4535; x_wconf 88' lang='lat' dir='ltr'>fran-</span> 
     </span>
     <span class='ocr_line' id='line_1_38' title="bbox 187 4579 1469 4663; baseline 0.002 -22"><span class='ocrx_word' id='word_1_356' title='bbox 187 4581 252 4641; x_wconf 91' lang='lat' dir='ltr'>che</span> <span class='ocrx_word' id='word_1_357' title='bbox 276 4601 356 4642; x_wconf 90' lang='lat' dir='ltr'>cum</span> <span class='ocrx_word' id='word_1_358' title='bbox 380 4591 488 4663; x_wconf 84' lang='lat' dir='ltr'>gente</span> <span class='ocrx_word' id='word_1_359' title='bbox 513 4591 548 4644; x_wconf 90' lang='lat' dir='ltr'>et</span> <span class='ocrx_word' id='word_1_360' title='bbox 572 4579 696 4659; x_wconf 89' lang='lat' dir='ltr'>dinari,</span> <span class='ocrx_word' id='word_1_361' title='bbox 722 4582 767 4643; x_wconf 90' lang='lat' dir='ltr'>de</span> <span class='ocrx_word' id='word_1_362' title='bbox 791 4581 815 4642; x_wconf 92' lang='lat' dir='ltr'>li</span> <span class='ocrx_word' id='word_1_363' title='bbox 839 4580 934 4662; x_wconf 89' lang='lat' dir='ltr'>quali</span> <span class='ocrx_word' id='word_1_364' title='bbox 959 4581 1066 4642; x_wconf 89' lang='lat' dir='ltr'>credo</span> <span class='ocrx_word' id='word_1_365' title='bbox 1091 4600 1136 4642; x_wconf 88' lang='lat' dir='ltr'>ne</span> <span class='ocrx_word' id='word_1_366' title='bbox 1156 4579 1313 4642; x_wconf 90' lang='lat' dir='ltr'>habbino</span> <span class='ocrx_word' id='word_1_367' title='bbox 1331 4582 1469 4660; x_wconf 85' lang='lat' dir='ltr'>grande</span> 
     </span>
     <span class='ocr_line' id='line_1_39' title="bbox 187 4685 1468 4768; baseline 0 -20"><span class='ocrx_word' id='word_1_368' title='bbox 187 4687 356 4768; x_wconf 89' lang='lat' dir='ltr'>carestia,</span> <span class='ocrx_word' id='word_1_369' title='bbox 393 4686 468 4750; x_wconf 83' lang='lat' dir='ltr'>Sua</span> <span class='ocrx_word' id='word_1_370' title='bbox 491 4687 628 4750; x_wconf 72' lang='lat' dir='ltr'>Maesta</span> <span class='ocrx_word' id='word_1_371' title='bbox 664 4687 755 4749; x_wconf 81' lang='lat' dir='ltr'>faria</span> <span class='ocrx_word' id='word_1_372' title='bbox 786 4686 881 4749; x_wconf 91' lang='lat' dir='ltr'>dicta</span> <span class='ocrx_word' id='word_1_373' title='bbox 913 4688 1084 4768; x_wconf 86' lang='lat' dir='ltr'>impresa,</span> <span class='ocrx_word' id='word_1_374' title='bbox 1119 4705 1184 4767; x_wconf 92' lang='lat' dir='ltr'>per</span> <span class='ocrx_word' id='word_1_375' title='bbox 1215 4685 1270 4747; x_wconf 86' lang='lat' dir='ltr'>far</span> <span class='ocrx_word' id='word_1_376' title='bbox 1294 4706 1394 4748; x_wconf 91' lang='lat' dir='ltr'>come</span> <span class='ocrx_word' id='word_1_377' title='bbox 1419 4687 1468 4767; x_wconf 75' lang='lat' dir='ltr'>gli</span> 
     </span>
     <span class='ocr_line' id='line_1_40' title="bbox 187 4791 1468 4876; baseline 0.002 -21"><span class='ocrx_word' id='word_1_378' title='bbox 187 4795 280 4856; x_wconf 86' lang='lat' dir='ltr'>disse</span> <span class='ocrx_word' id='word_1_379' title='bbox 305 4799 337 4857; x_wconf 87' lang='lat' dir='ltr'>el</span> <span class='ocrx_word' id='word_1_380' title='bbox 363 4796 500 4858; x_wconf 84' lang='lat' dir='ltr'>duccha</span> <span class='ocrx_word' id='word_1_381' title='bbox 525 4796 557 4855; x_wconf 85' lang='lat' dir='ltr'>d&#39;</span> <span class='ocrx_word' id='word_1_382' title='bbox 573 4796 679 4873; x_wconf 91' lang='lat' dir='ltr'>Alba,</span> <span class='ocrx_word' id='word_1_383' title='bbox 703 4796 769 4857; x_wconf 93' lang='lat' dir='ltr'>che</span> <span class='ocrx_word' id='word_1_384' title='bbox 794 4794 948 4856; x_wconf 90' lang='lat' dir='ltr'>volendo</span> <span class='ocrx_word' id='word_1_385' title='bbox 972 4813 1172 4876; x_wconf 87' lang='lat' dir='ltr'>governare</span> <span class='ocrx_word' id='word_1_386' title='bbox 1197 4792 1233 4854; x_wconf 76' lang='lat' dir='ltr'>S.</span> <span class='ocrx_word' id='word_1_387' title='bbox 1255 4793 1301 4854; x_wconf 85' lang='lat' dir='ltr'>M.</span> <span class='ocrx_word' id='word_1_388' title='bbox 1319 4791 1468 4875; x_wconf 80' lang='lat' dir='ltr'>Spagna</span> 
     </span>
    </p>
   </div>
   <div class='ocr_carea' id='block_1_4' title="bbox 0 0 1670 5580">
    <p class='ocr_par' dir='ltr' id='par_1_5' title="bbox 0 0 1670 5580">
     <span class='ocr_line' id='line_1_41' title="bbox 0 0 1670 5580; baseline 0 1"><span class='ocrx_word' id='word_1_389' title='bbox 0 0 1670 5580; x_wconf 95' lang='lat' dir='ltr'> </span> 
     </span>
    </p>
   </div>
  </div>
 </body>
</html>
