3330 5580
710 500 768 557 eo
807 485 860 557 nos
897 482 956 556 ss

187 651 404 734 Apostolice
427 649 623 714 auctoritas
645 649 682 712 in
705 658 881 731 perpetua
904 644 1019 727 gloria
1042 652 1332 723 conservaretur,
1368 644 1472 725 quenl

187 757 299 821 etiam
323 777 395 820 non
420 776 523 820 secus
546 776 590 820 ac
613 774 803 838 personam
828 762 985 816 nostram
1009 749 1200 813 Sanctitati
1233 759 1352 812 vestre
1383 769 1472 812 com·

189 864 412 927 mendamus
460 862 537 944 Qua
561 863 622 925 diu
646 873 683 926 et
706 860 909 924 felicissime
933 867 1085 922 maneat.
1132 858 1263 919 Datum
1277 857 1313 919 in
1329 856 1474 919 civitate

188 978 316 1034 nostra
339 969 462 1052 Regia
485 967 729 1033 Stocholmen.
784 969 891 1031 Anno
924 965 1056 1028 domini
1088 962 1314 1044 MDXXIII,
1346 961 1384 1024 X
1418 961 1476 1024 die

187 1077 324 1141 mensis
348 1075 581 1160 Septembris,
606 1085 728 1140 nostro
753 1077 819 1139 sub
843 1073 961 1156 sigillo

755 1197 898 1260 Guium
918 1200 969 1250 Dei
988 1199 1073 1263 gratia
1091 1198 1235 1248 Succorum

301 1367 323 1414 F
412 1366 431 1413 S
861 1302 887 1344 et
905 1294 1046 1357 gothorum
1066 1297 1137 1343 Re&

357 1366 364 1378 ·
386 1382 392 1394 .
432 1373 464 1398 a·

324 1381 392 1414 ons.
479 1368 541 1415 Dno
560 1367 617 1415 Nro
637 1368 719 1432 ΡΨ·
953 1438 994 1486 D..
1013 1437 1138 1485 mandato
1157 1433 1239 1483 sere-¹
1261 1433 1286 1482 d.
1307 1449 1333 1488 n.
1355 1433 1440 1496 Regi⁵

1021 1523 1148 1592 hm,
1167 1527 1331 1582 secretarius,

733 1662 939 1673 mmm

802 1821 866 1887 132

427 1944 601 2027 Erasmus
628 1946 885 2027 Butendamus
913 1945 1010 2028 card
1040 1945 1237 2049 campegio.

613 2094 716 2163 (Arte
737 2093 902 2153 worma
928 2093 987 2153 tol.
1004 2094 1072 2164 191.)

293 2236 331 2304 S.
355 2240 397 2303 P.
420 2239 496 2304 R¹⁰⁸
519 2239 683 2303 Domine.
730 2241 790 2302 Ad
814 2239 956 2303 lieteras
978 2238 1027 2302 R.
1051 2239 1096 2305 D.
1119 2239 1159 2303 E.
1191 2259 1280 2321 quas
1303 2259 1373 2303 una
1400 2260 1480 2304 cum

193 2347 331 2411 Pacaei
363 2346 476 2410 nostri
507 2346 640 2410 licteris
664 2347 805 2429 accepi,
841 2367 905 2430 per
934 2348 1095 2409 morbum
1119 2366 1190 2410 non
1214 2346 1312 2410 licuit
1335 2367 1478 2429 respon·

193 2457 295 2534 dere,
319 2454 389 2517 nisi
412 2455 509 2536 quod
532 2464 605 2516 tum
630 2473 746 2537 pauca
769 2453 901 2516 dictavi
925 2453 1057 2516 famulo
1081 2456 1128 2516 ad
1154 2453 1364 2536 Pacaeeum,
1388 2474 1480 2538 quae

194 2562 262 2626 tibi
286 2561 316 2625 si
348 2563 572 2624 commodum
604 2573 700 2623 esset
732 2559 1018 2623 communicaret.
1073 2560 1241 2623 Animum
1273 2561 1378 2625 istum
1408 2572 1480 2626 tam

195 2668 361 2749 amicum,
386 2678 423 2731 et
446 2667 635 2730 candidum
661 2687 741 2749 ego,
757 2679 795 2728 ut
811 2668 940 2746 debeo,
964 2668 1153 2730 exosculor
1177 2667 1291 2750 unice,
1316 2669 1481 2752 daboque

197 2796 358 2860 operam,
381 2788 421 2838 ut
443 2774 495 2837 illi
518 2794 584 2857 pro
608 2773 745 2836 viribus
768 2775 1020 2855 respondeant.
1068 2773 1184 2837 Unam
1201 2775 1376 2857 epistolae
1399 2786 1481 2841 tuae

199 2883 413 2968 particulam
445 2902 517 2944 non
548 2881 635 2944 satis
667 2880 930 2963 intelligebam,
964 2880 998 2943 in
1034 2901 1105 2962 qua
1135 2880 1260 2945 scribis
1290 2902 1346 2947 me
1380 2883 1481 2964 scire,

200 2990 287 3072 quid
310 2987 416 3052 isthic
440 2999 625 3071 ageretur,
648 2989 762 3051 Paulo
786 3000 869 3069 post
891 3008 938 3050 ex
962 2987 1210 3070 Noremberga
1238 2988 1368 3053 missae
1402 3002 1484 3054 sunt

200 3100 246 3160 ad
270 3116 329 3160 me
352 3115 472 3158 novae
492 3093 647 3158 stunicae
673 3094 939 3157 conclusiones:
974 3104 1010 3156 et
1041 3105 1186 3176 praeter
1214 3096 1281 3159 has
1309 3099 1484 3179 promittit

200 3214 274 3269 tres
297 3203 456 3282 libellos,
488 3221 579 3284 quos
611 3202 743 3264 vetitus
767 3202 898 3264 aedere
921 3213 1043 3263 vestra
1065 3210 1102 3263 et
1125 3200 1309 3265 Pontificis
1333 3205 1482 3268 Adriani

201 3311 425 3376 auctoritate.
472 3309 528 3372 De
543 3310 612 3372 hoc
629 3309 791 3391 suspicor
815 3309 968 3371 sensisse
992 3317 1088 3371 tuam
1106 3307 1305 3388 epistolam,
1330 3312 1484 3375 demirer

202 3418 355 3483 hominis
385 3416 582 3480 audaciam.
638 3415 797 3478 Exorsus
829 3427 906 3478 erat
938 3416 1031 3477 hanc
1059 3414 1217 3478 fabulam
1249 3419 1316 3479 sub
1351 3417 1483 3498 Leone,

204 3546 268 3591 nec
296 3524 464 3609 profecit.
509 3523 652 3588 Rursus
683 3542 727 3584 eo
759 3531 917 3602 mortuo,
947 3541 1054 3603 quum
1085 3522 1219 3586 rediret
1248 3525 1295 3586 ad
1326 3535 1484 3589 veterem

203 3633 380 3711 fabulam,
411 3630 544 3693 vetitus
572 3629 700 3692 iterum
727 3640 836 3710 atque
868 3628 996 3691 iterum
1027 3629 1168 3692 aedicto
1200 3641 1332 3711 vestro,
1363 3631 1484 3697 furtim

206 3739 319 3805 emisit
334 3759 443 3801 unum
459 3750 567 3818 atque
585 3738 733 3799 alterum
748 3735 925 3798 libellum:
950 3735 1091 3798 Rursus
1106 3739 1202 3818 apud
1219 3739 1418 3803 Adrianum
1435 3740 1485 3804 v1

206 3847 357 3930 egit,·ut
380 3845 506 3908 liceret
529 3844 662 3906 :redere
684 3843 772 3905 treis
795 3842 875 3905 illos
898 3842 1055 3922 libellos,
1079 3842 1115 3904 in
1139 3843 1267 3926 quibus
1290 3846 1486 3910 declaravit

206 3962 374 4037 quantum
398 3951 513 4034 possit
535 3949 669 4013 insanis
683 3949 868 4017 conviciis:
892 3949 953 4011 ille
972 3950 1198 4030 pernegavit,
1220 3972 1312 4014 nunc
1328 3952 1364 4015 in
1380 3953 1485 4017 inter·

206 4082 329 4145 regno,
352 4059 457 4122 vobis
481 4060 527 4120 de
549 4078 645 4120 novo
669 4055 844 4120 Pontifice
867 4055 1133 4139 satagentibus,
1160 4058 1275 4121 emisit
1298 4079 1381 4123 suas
1405 4081 1485 4124 con·

207 4168 381 4232 elusiones
411 4167 520 4248 plane
556 4164 844 4248 sycophanticas.
899 4163 955 4226 De
986 4163 1116 4246 quibus
1145 4166 1253 4247 plane
1287 4167 1412 4231 dubito
1441 4188 1485 4231 an

207 4273 275 4338 sint
298 4270 481 4336 Stunicae.
527 4268 700 4354 Suspicor
714 4291 795 4334 esse
810 4270 958 4334 alicuius
974 4272 1162 4349 lutherani,
1184 4272 1245 4354 qui
1262 4275 1318 4336 vel
1336 4274 1488 4339 voluerit

207 4400 260 4445 me
283 4380 320 4445 in
344 4390 469 4463 partes
491 4399 575 4442 suas
590 4381 810 4462 pertrahere,
836 4379 891 4441 vel
908 4377 1041 4458 ulcisci,
1065 4377 1100 4441 in
1124 4380 1259 4443 nullum
1283 4380 1349 4443 nisi
1374 4383 1489 4465 magis

208 4487 372 4568 fremunt,
395 4506 503 4569 quam
526 4486 561 4550 in
586 4506 655 4564 me,
677 4486 734 4549 cui
751 4485 811 4547 uni
827 4483 1013 4566 imputant,
1036 4486 1133 4567 quod
1147 4506 1218 4551 non
1242 4489 1350 4569 plane
1369 4489 1487 4555 trium·

207 4596 316 4677 phent
327 4613 541 4677 quamquam
554 4594 711 4657 nondum
723 4592 932 4655 abiecerunt
944 4612 1043 4673 spem
1056 4591 1238 4657 vicusriae
1251 4592 1356 4675 Quod
1370 4594 1398 4657 ri
1410 4594 1488 4659 Stu-

209 4700 307 4767 uicae
320 4710 417 4780 sunt,
436 4722 508 4764 non
525 4702 644 4780 miror,
659 4720 765 4783 quum
782 4700 844 4761 illo
860 4698 896 4761 in
911 4697 985 4761 Sua
1001 4699 1175 4783 llispania
1191 4720 1333 4785 semper
1346 4701 1489 4767 habitus

207 4810 251 4874 sit
271 4830 341 4894 pro
362 4807 487 4888 fatuo,
517 4823 554 4870 et
584 4809 665 4871 libri
700 4806 854 4871 hominis
888 4804 974 4869 satir
1002 4806 1186 4871 declarrmt
1209 4828 1289 4873 eum
1314 4828 1384 4873 non
1408 4828 1489 4874 rme

232 4933 621 4987 aun-‚mmmm
1293 4912 1331 4969 'dl
