3330 5580
808 851 861 914 os.

280 963 436 1045 ioannes
463 963 596 1044 Eokius
623 964 674 1046 Jo.
704 851 807 1047 uati
835 964 1002 1048 (lhiberto
1031 969 1146 1070 Epiro.
1176 969 1387 1051 Veronensi.

549 1121 640 1190 (seur
659 1124 691 1181 eo
711 1123 789 1181 auor.
809 1123 961 1197 spureae.
980 1124 1026 1184 or
1046 1108 1117 1190 ne.)

703 1252 755 1314 (30-
776 1253 849 1317 Sept
873 1253 960 1321 1525)

277 1391 592 1453 Reverendissimo
617 1392 652 1454 in
678 1391 819 1455 Christo
848 1395 946 1457 Patri
979 1417 1021 1458 ac
1056 1397 1210 1459 Domino
1235 1395 1394 1459 Domino
1421 1397 1480 1476 Jo-

190 1499 272 1560 anni
297 1498 459 1560 Mattheo
484 1497 662 1580 Episcopo
687 1499 888 1563 Veronensi
924 1499 960 1564 S.
993 1503 1037 1566 D.
1068 1501 1111 1566 N.
1142 1504 1300 1584 Datario,
1335 1504 1482 1566 Maece·

188 1605 260 1667 nati
286 1625 358 1666 suu.

277 1711 312 1775 S.
339 1713 377 1774 P.
409 1732 487 1774 cum
512 1712 744 1793 paratissimis
768 1713 959 1795 obsequiis.
1008 1714 1200 1797 Transegit
1223 1736 1339 1799 nepos
1363 1738 1480 1799 meus,

189 1818 502 1881 Reverendissime
528 1820 644 1899 Pater,
678 1840 757 1882 cum
782 1819 984 1884 Gotthardo
1017 1821 1240 1903 Weckinger
1271 1823 1379 1886 etiam
1416 1825 1480 1887 ini-

187 1925 300 2008 quiori
325 1925 534 2004 concordia,
568 1939 605 1988 at
636 1946 715 1989 cum
748 1947 813 2008 per
842 1948 898 1989 me
932 1929 1079 1991 actitata
1103 1937 1226 1991 contra
1251 1931 1478 1994 haereticum

187 2032 364 2114 privatum
385 2032 497 2095 minus
521 2042 705 2096 tuerentur
728 2054 794 2115 per
818 2032 949 2097 Sedem
969 2035 1224 2117 Apostolicam,
1250 2048 1399 2099 coactus
1426 2038 1479 2101 fui

187 2161 263 2202 earn
289 2150 477 2223 acceptare
502 2141 739 2219 concordiam,
764 2161 836 2204 non
861 2162 967 2223 quam
991 2144 1167 2222 volebam,
1191 2145 1255 2207 sed
1280 2165 1386 2226 quam
1413 2167 1477 2227 po·

188 2259 299 2310 teram
323 2248 524 2328 impetrare.
579 2248 709 2311 Adhuc
741 2247 893 2310 dilanior
924 2270 945 2310 a
975 2248 1133 2312 Ferbero
1163 2250 1327 2313 omnibus
1357 2252 1479 2314 modis

188 2354 425 2425 dolosissim0;
450 2375 530 2416 nam
545 2374 623 2417 cum
638 2354 672 2416 in
688 2356 821 2436 oppido
836 2355 1112 2435 ingolstadiensi
1130 2356 1198 2419 iam
1214 2367 1372 2420 moretur
1387 2361 1479 2421 satis

188 2463 219 2526 ei
244 2463 310 2523 fuit
334 2471 570 2544 perspectum,
595 2462 800 2524 citationem
823 2463 919 2524 illam
943 2464 1181 2527 verisimiliter
1206 2465 1251 2525 ad
1273 2485 1387 2527 meam
1415 2487 1477 2529 no-

188 2569 298 2632 titiam
326 2590 392 2631 non
418 2590 524 2652 posse
549 2570 748 2651 pervenire.
796 2569 876 2632 Non
901 2571 995 2633 enim
1019 2574 1133 2634 solum
1157 2571 1192 2633 in
1218 2573 1371 2653 oppidu,
1408 2574 1473 2635 sed

189 2697 253 2738 nec
279 2677 311 2737 in
339 2686 413 2738 toto
438 2676 578 2738 Ducatu
604 2676 779 2757 quispiam
804 2677 903 2739 novit
927 2677 987 2739 ubi
1013 2698 1137 2758 essem,
1162 2690 1223 2740 aut
1247 2679 1330 2760 quin
1352 2699 1476 2742 rever·

188 2794 296 2854 terem
332 2785 425 2845 unde
450 2783 696 2845 fraudulentus
720 2784 786 2845 iste
812 2784 933 2864 Lupus
958 2783 1135 2846 Arabicus
1160 2785 1209 2846 sic
1235 2784 1399 2865 nequiter
1425 2786 1475 2847 in-

188 2891 358 2952 tendebat
383 2900 507 2952 contra
531 2891 725 2970 absentem,
752 2900 790 2952 ut
815 2889 901 2951 nihil
925 2890 1125 2952 huiusmodi
1150 2891 1386 2972 cogitantem,
1414 2892 1475 2953 ali-

188 3018 291 3078 quam
317 2997 350 3058 in
378 2997 475 3058 curia
492 3007 720 3077 extorqueret
747 2981 969 3059 sententiam.
1006 2996 1187 3058 intueatur
1202 2997 1271 3058 iarn
1286 2997 1475 3060 Reveren-

188 3105 331 3167 dissima
357 3105 394 3166 P.
421 3104 459 3165 T.
488 3105 666 3183 quemodo
691 3102 748 3165 isti
764 3114 953 3166 venatores
971 3102 1085 3166 dolosi
1101 3103 1282 3166 infamiam
1306 3103 1476 3185 ingerant

190 3212 375 3273 Romanae
400 3209 542 3290 Curiae,
573 3231 617 3273 ex
647 3211 775 3292 quibus
804 3213 936 3272 nullum
967 3231 1122 3292 unquam
1146 3212 1255 3272 habet
1279 3212 1473 3283 honorem;

190 3321 371 3399 (expendat
400 3338 443 3379 an
478 3338 547 3379 non
580 3317 671 3379 iuste
696 3317 956 3379 succensuerim
983 3320 1064 3379 dum
1088 3319 1153 3380 has
1177 3320 1296 3379 larvas
1320 3316 1471 3380 Ferberi

191 3426 474 3507 conspexissem:
489 3445 617 3487 vereor
630 3445 673 3487 ne
685 3425 849 3487 acerbius
860 3423 1041 3507 quippiam
1053 3425 1263 3506 scripserim,
1272 3426 1330 3486 vel
1341 3424 1376 3486 in
1386 3426 1473 3506 eius,

192 3535 249 3596 vel
267 3532 350 3595 Si).
376 3532 418 3598 N.
443 3532 562 3594 literis,
601 3531 699 3593 Tuae
724 3531 833 3593 luerit
857 3532 1135 3593 mansuetudinis
1154 3531 1472 3595 Reverendissime

191 3642 298 3702 l’ater
322 3639 439 3701 omnia
462 3638 665 3720 benigniter
689 3638 927 3719 interpretari,
953 3658 1032 3700 nam
1058 3637 1140 3700 mihi
1165 3657 1230 3719 pro
1255 3639 1391 3701 honore
1412 3638 1471 3703 Se.

191 3748 259 3830 Ap.
287 3746 447 3809 militanti
472 3756 571 3807 tanto
601 3765 679 3808 cunr
713 3745 873 3827 periculo
904 3747 1081 3826 quomodo
1114 3765 1184 3806 non
1216 3744 1308 3807 iusta
1337 3746 1472 3808 subori-

192 3863 289 3917 retur
313 3851 521 3932 indignatio,
547 3854 630 3913 dum
655 3854 720 3914 sub
745 3861 845 3914 scuto
875 3849 958 3914 Sed.
988 3852 1058 3933 Ap.
1095 3854 1140 3914 ab
1174 3851 1243 3914 illis
1277 3851 1393 3928 nihili,
1431 3873 1472 3915 ac

193 3961 297 4025 navei
323 3959 523 4023 hominibus
548 3959 731 4021 devexor?
785 3959 854 4021 Tot
885 3958 978 4021 enim
1001 3958 1255 4020 beneficiorum
1281 3973 1470 4041 aucupato·

189 4072 286 4132 ribus
309 4066 475 4152 providet
500 4062 535 4128 S.
561 4066 603 4128 D.
630 4066 670 4128 N.
696 4067 730 4127 in
756 4065 850 4145 dies,
875 4077 911 4128 et
943 4068 1140 4128 accumulat
1163 4063 1339 4128 beneficia
1364 4087 1472 4148 super

190 4175 377 4254 beneficia,
407 4194 484 4236 cum
521 4174 588 4235 iam
617 4182 829 4255 perpetuum
858 4171 1067 4234 sexennium
1095 4173 1159 4234 viri
1193 4172 1283 4235 luxti
1308 4174 1406 4236 docti
1433 4186 1469 4237 et

190 4284 239 4367 pii
255 4283 298 4346 'in
324 4305 362 4346 se
387 4291 498 4344 totum
522 4282 653 4343 bellum
678 4280 937 4342 haereticorum
963 4280 1203 4361 susceperint,
1229 4279 1285 4341 cui
1310 4280 1397 4353 nulli
1422 4281 1470 4343 vi-

191 4394 259 4456 deo
284 4411 362 4453 esse
387 4410 451 4471 per
476 4385 559 4450 Sed.
585 4388 654 4469 Ap.
679 4386 870 4470 provisum.
911 4387 1043 4449 Verum
1061 4397 1114 4448 est
1131 4389 1225 4467 quod
1242 4387 1471 4449 committitur

192 4497 341 4582 legatis,
367 4506 402 4559 et
426 4495 641 4577 pollicemini
666 4514 807 4575 semper
831 4495 927 4574 quod
944 4493 1126 4556 Adrianus
1144 4494 1244 4575 Papa
1259 4493 1471 4557 effusissime

190 4606 309 4669 facere
333 4605 483 4682 solebat,
508 4601 621 4663 doctis
637 4600 721 4662 viris
746 4621 824 4662 esse
840 4600 1117 4683 providendum;
1143 4610 1261 4663 tamen
1286 4601 1345 4682 qui
1370 4622 1470 4685 prae·

190 4724 269 4793 stet,
293 4711 399 4774 video
423 4707 608 4771 neminem.
656 4707 807 4770 Habetis
831 4707 865 4770 in
891 4708 989 4771 curia
1013 4707 1148 4788 aliquot
1172 4705 1385 4787 Germanos,
1411 4710 1471 4791 qui

191 4821 274 4887 licet
299 4818 369 4881 sint
392 4815 608 4881 onustissimi
632 4812 825 4896 beneficiis,
844 4825 880 4877 et
895 4815 1137 4899 pensionibus,
1161 4824 1197 4877 et
1212 4834 1320 4898 super
1335 4815 1471 4898 aliquot
