<?xml version="1.0" encoding="UTF-8"?>
<!DOCTYPE html PUBLIC "-//W3C//DTD XHTML 1.0 Transitional//EN"
    "http://www.w3.org/TR/xhtml1/DTD/xhtml1-transitional.dtd">
<html xmlns="http://www.w3.org/1999/xhtml" xml:lang="en" lang="en">
 <head>
  <title>
</title>
<meta http-equiv="Content-Type" content="text/html;charset=utf-8" />
  <meta name='ocr-system' content='tesseract 3.04.00' />
  <meta name='ocr-capabilities' content='ocr_page ocr_carea ocr_par ocr_line ocrx_word'/>
</head>
<body>
  <div class='ocr_page' id='page_1' title='image "./monumentareform00vatigoog_0525.png"; bbox 0 0 3330 5580; ppageno 0'>
   <div class='ocr_carea' id='block_1_1' title="bbox 706 487 953 544">
    <p class='ocr_par' dir='ltr' id='par_1_1' title="bbox 706 487 953 544">
     <span class='ocr_line' id='line_1_1' title="bbox 706 487 953 544; baseline -0.004 0"><span class='ocrx_word' id='word_1_1' title='bbox 706 487 953 544; x_wconf 47' lang='lat' dir='ltr'>osone*</span> 
     </span>
    </p>
   </div>
   <div class='ocr_carea' id='block_1_2' title="bbox 138 632 1489 4882">
    <p class='ocr_par' dir='ltr' id='par_1_2' title="bbox 138 632 1489 4882">
     <span class='ocr_line' id='line_1_2' title="bbox 189 632 1477 717; baseline -0.002 -21"><span class='ocrx_word' id='word_1_2' title='bbox 189 635 291 697; x_wconf 89' lang='lat' dir='ltr'>simul</span> <span class='ocrx_word' id='word_1_3' title='bbox 317 657 357 697; x_wconf 87' lang='lat' dir='ltr'>ac</span> <span class='ocrx_word' id='word_1_4' title='bbox 383 635 487 698; x_wconf 87' lang='lat' dir='ltr'>divae</span> <span class='ocrx_word' id='word_1_5' title='bbox 507 635 698 697; x_wconf 81' lang='lat' dir='ltr'>memoriae</span> <span class='ocrx_word' id='word_1_6' title='bbox 714 635 982 717; x_wconf 76' lang='lat' dir='ltr'>precessoribus</span> <span class='ocrx_word' id='word_1_7' title='bbox 998 633 1070 697; x_wconf 92' lang='lat' dir='ltr'>suis</span> <span class='ocrx_word' id='word_1_8' title='bbox 1094 642 1312 714; x_wconf 81' lang='lat' dir='ltr'>conquestus</span> <span class='ocrx_word' id='word_1_9' title='bbox 1336 632 1416 711; x_wconf 87' lang='lat' dir='ltr'>sim,</span> <span class='ocrx_word' id='word_1_10' title='bbox 1440 641 1477 694; x_wconf 92' lang='lat' dir='ltr'>ut</span> 
     </span>
     <span class='ocr_line' id='line_1_3' title="bbox 189 741 1480 824; baseline -0.001 -20"><span class='ocrx_word' id='word_1_11' title='bbox 189 743 364 805; x_wconf 90' lang='lat' dir='ltr'>tediosum</span> <span class='ocrx_word' id='word_1_12' title='bbox 384 753 504 824; x_wconf 91' lang='lat' dir='ltr'>putem</span> <span class='ocrx_word' id='word_1_13' title='bbox 522 743 664 805; x_wconf 90' lang='lat' dir='ltr'>easdem</span> <span class='ocrx_word' id='word_1_14' title='bbox 681 743 844 822; x_wconf 83' lang='lat' dir='ltr'>querelas</span> <span class='ocrx_word' id='word_1_15' title='bbox 861 741 1002 821; x_wconf 89' lang='lat' dir='ltr'>iterare,</span> <span class='ocrx_word' id='word_1_16' title='bbox 1019 741 1118 823; x_wconf 82' lang='lat' dir='ltr'><strong>cogit</strong></span> <span class='ocrx_word' id='word_1_17' title='bbox 1132 749 1251 805; x_wconf 90' lang='lat' dir='ltr'>tamen</span> <span class='ocrx_word' id='word_1_18' title='bbox 1267 761 1326 804; x_wconf 92' lang='lat' dir='ltr'>me</span> <span class='ocrx_word' id='word_1_19' title='bbox 1341 760 1480 803; x_wconf 86' lang='lat' dir='ltr'>summa</span> 
     </span>
     <span class='ocr_line' id='line_1_4' title="bbox 190 845 1481 930; baseline -0.002 -19"><span class='ocrx_word' id='word_1_20' title='bbox 190 848 396 928; x_wconf 88' lang='lat' dir='ltr'>necessitas,</span> <span class='ocrx_word' id='word_1_21' title='bbox 425 849 523 930; x_wconf 83' lang='lat' dir='ltr'>cogit</span> <span class='ocrx_word' id='word_1_22' title='bbox 547 860 582 910; x_wconf 86' lang='lat' dir='ltr'>et</span> <span class='ocrx_word' id='word_1_23' title='bbox 606 848 719 910; x_wconf 87' lang='lat' dir='ltr'>iustae</span> <span class='ocrx_word' id='word_1_24' title='bbox 745 849 972 911; x_wconf 82' lang='lat' dir='ltr'>obedientiae</span> <span class='ocrx_word' id='word_1_25' title='bbox 996 849 1165 928; x_wconf 90' lang='lat' dir='ltr'>debiturn,</span> <span class='ocrx_word' id='word_1_26' title='bbox 1191 867 1262 930; x_wconf 92' lang='lat' dir='ltr'>quo</span> <span class='ocrx_word' id='word_1_27' title='bbox 1288 845 1481 912; x_wconf 88' lang='lat' dir='ltr'>Sanctitati</span> 
     </span>
     <span class='ocr_line' id='line_1_5' title="bbox 190 952 1479 1036; baseline -0.001 -19"><span class='ocrx_word' id='word_1_28' title='bbox 190 956 342 1019; x_wconf 84' lang='lat' dir='ltr'>Vestrae</span> <span class='ocrx_word' id='word_1_29' title='bbox 367 958 493 1019; x_wconf 92' lang='lat' dir='ltr'>lubens</span> <span class='ocrx_word' id='word_1_30' title='bbox 518 957 714 1036; x_wconf 90' lang='lat' dir='ltr'>volensque</span> <span class='ocrx_word' id='word_1_31' title='bbox 739 956 902 1018; x_wconf 90' lang='lat' dir='ltr'>addictus</span> <span class='ocrx_word' id='word_1_32' title='bbox 926 975 1020 1034; x_wconf 91' lang='lat' dir='ltr'>sum,</span> <span class='ocrx_word' id='word_1_33' title='bbox 1043 955 1171 1018; x_wconf 91' lang='lat' dir='ltr'>iterum</span> <span class='ocrx_word' id='word_1_34' title='bbox 1196 954 1314 1019; x_wconf 90' lang='lat' dir='ltr'>eidem</span> <span class='ocrx_word' id='word_1_35' title='bbox 1340 952 1479 1017; x_wconf 87' lang='lat' dir='ltr'>Sancti·</span> 
     </span>
     <span class='ocr_line' id='line_1_6' title="bbox 189 1061 1479 1144; baseline -0.001 -19"><span class='ocrx_word' id='word_1_36' title='bbox 189 1062 254 1125; x_wconf 91' lang='lat' dir='ltr'>tati</span> <span class='ocrx_word' id='word_1_37' title='bbox 278 1063 431 1125; x_wconf 86' lang='lat' dir='ltr'>Vestrae</span> <span class='ocrx_word' id='word_1_38' title='bbox 456 1063 633 1143; x_wconf 93' lang='lat' dir='ltr'>quomodo</span> <span class='ocrx_word' id='word_1_39' title='bbox 663 1082 719 1124; x_wconf 89' lang='lat' dir='ltr'>res</span> <span class='ocrx_word' id='word_1_40' title='bbox 751 1061 833 1123; x_wconf 77' lang='lat' dir='ltr'>fidei</span> <span class='ocrx_word' id='word_1_41' title='bbox 870 1071 905 1124; x_wconf 91' lang='lat' dir='ltr'>et</span> <span class='ocrx_word' id='word_1_42' title='bbox 938 1062 1135 1144; x_wconf 82' lang='lat' dir='ltr'>relligionis</span> <span class='ocrx_word' id='word_1_43' title='bbox 1163 1082 1209 1124; x_wconf 87' lang='lat' dir='ltr'>ex</span> <span class='ocrx_word' id='word_1_44' title='bbox 1234 1061 1479 1144; x_wconf 89' lang='lat' dir='ltr'>perditissimo</span> 
     </span>
     <span class='ocr_line' id='line_1_7' title="bbox 191 1167 1479 1247; baseline 0 -17"><span class='ocrx_word' id='word_1_45' title='bbox 191 1169 462 1231; x_wconf 89' lang='lat' dir='ltr'>Lutheranismo</span> <span class='ocrx_word' id='word_1_46' title='bbox 494 1169 528 1230; x_wconf 92' lang='lat' dir='ltr'>in</span> <span class='ocrx_word' id='word_1_47' title='bbox 562 1168 694 1231; x_wconf 85' lang='lat' dir='ltr'>diocesi</span> <span class='ocrx_word' id='word_1_48' title='bbox 719 1189 797 1231; x_wconf 90' lang='lat' dir='ltr'>mea</span> <span class='ocrx_word' id='word_1_49' title='bbox 825 1170 972 1247; x_wconf 89' lang='lat' dir='ltr'>habeat,</span> <span class='ocrx_word' id='word_1_50' title='bbox 996 1169 1166 1232; x_wconf 91' lang='lat' dir='ltr'>brevibus</span> <span class='ocrx_word' id='word_1_51' title='bbox 1191 1188 1374 1233; x_wconf 88' lang='lat' dir='ltr'>enarrare.</span> <span class='ocrx_word' id='word_1_52' title='bbox 1411 1167 1479 1230; x_wconf 91' lang='lat' dir='ltr'>Ne·</span> 
     </span>
     <span class='ocr_line' id='line_1_8' title="bbox 191 1273 1478 1357; baseline -0.001 -20"><span class='ocrx_word' id='word_1_53' title='bbox 191 1277 300 1339; x_wconf 87' lang='lat' dir='ltr'>fanda</span> <span class='ocrx_word' id='word_1_54' title='bbox 325 1276 433 1357; x_wconf 87' lang='lat' dir='ltr'>igitur</span> <span class='ocrx_word' id='word_1_55' title='bbox 457 1277 517 1338; x_wconf 90' lang='lat' dir='ltr'>illa</span> <span class='ocrx_word' id='word_1_56' title='bbox 542 1286 641 1339; x_wconf 90' lang='lat' dir='ltr'>secta</span> <span class='ocrx_word' id='word_1_57' title='bbox 665 1275 946 1337; x_wconf 70' lang='lat' dir='ltr'>lutheranorum</span> <span class='ocrx_word' id='word_1_58' title='bbox 981 1296 1025 1338; x_wconf 89' lang='lat' dir='ltr'>ex</span> <span class='ocrx_word' id='word_1_59' title='bbox 1058 1275 1188 1339; x_wconf 90' lang='lat' dir='ltr'>vicinio</span> <span class='ocrx_word' id='word_1_60' title='bbox 1221 1275 1384 1355; x_wconf 89' lang='lat' dir='ltr'>Misnae,</span> <span class='ocrx_word' id='word_1_61' title='bbox 1418 1273 1478 1337; x_wconf 93' lang='lat' dir='ltr'>ubi</span> 
     </span>
     <span class='ocr_line' id='line_1_9' title="bbox 190 1381 1477 1463; baseline -0.001 -19"><span class='ocrx_word' id='word_1_62' title='bbox 190 1385 257 1445; x_wconf 91' lang='lat' dir='ltr'>hoc</span> <span class='ocrx_word' id='word_1_63' title='bbox 295 1395 488 1445; x_wconf 87' lang='lat' dir='ltr'>monstrum</span> <span class='ocrx_word' id='word_1_64' title='bbox 526 1381 801 1463; x_wconf 87' lang='lat' dir='ltr'>Wittenbergae</span> <span class='ocrx_word' id='word_1_65' title='bbox 837 1381 986 1463; x_wconf 92' lang='lat' dir='ltr'>primum</span> <span class='ocrx_word' id='word_1_66' title='bbox 1021 1382 1194 1463; x_wconf 85' lang='lat' dir='ltr'>originem</span> <span class='ocrx_word' id='word_1_67' title='bbox 1232 1382 1349 1463; x_wconf 90' lang='lat' dir='ltr'>cepit,</span> <span class='ocrx_word' id='word_1_68' title='bbox 1386 1384 1477 1443; x_wconf 89' lang='lat' dir='ltr'>hanc</span> 
     </span>
     <span class='ocr_line' id='line_1_10' title="bbox 191 1487 1479 1570; baseline -0.001 -19"><span class='ocrx_word' id='word_1_69' title='bbox 191 1489 359 1551; x_wconf 88' lang='lat' dir='ltr'>diocesim</span> <span class='ocrx_word' id='word_1_70' title='bbox 392 1509 506 1551; x_wconf 90' lang='lat' dir='ltr'>meam</span> <span class='ocrx_word' id='word_1_71' title='bbox 538 1488 587 1550; x_wconf 88' lang='lat' dir='ltr'>ita</span> <span class='ocrx_word' id='word_1_72' title='bbox 618 1487 765 1563; x_wconf 88' lang='lat' dir='ltr'>invasit,</span> <span class='ocrx_word' id='word_1_73' title='bbox 802 1498 839 1550; x_wconf 90' lang='lat' dir='ltr'>ut</span> <span class='ocrx_word' id='word_1_74' title='bbox 873 1490 966 1569; x_wconf 92' lang='lat' dir='ltr'>quod</span> <span class='ocrx_word' id='word_1_75' title='bbox 1000 1488 1103 1551; x_wconf 88' lang='lat' dir='ltr'>isthic</span> <span class='ocrx_word' id='word_1_76' title='bbox 1134 1488 1263 1550; x_wconf 90' lang='lat' dir='ltr'>litteris</span> <span class='ocrx_word' id='word_1_77' title='bbox 1295 1488 1479 1570; x_wconf 87' lang='lat' dir='ltr'>proditum</span> 
     </span>
     <span class='ocr_line' id='line_1_11' title="bbox 193 1594 1476 1675; baseline -0.001 -18"><span class='ocrx_word' id='word_1_78' title='bbox 193 1607 256 1674; x_wconf 88' lang='lat' dir='ltr'>est,</span> <span class='ocrx_word' id='word_1_79' title='bbox 282 1596 337 1657; x_wconf 91' lang='lat' dir='ltr'>hic</span> <span class='ocrx_word' id='word_1_80' title='bbox 363 1595 520 1657; x_wconf 89' lang='lat' dir='ltr'>moribus</span> <span class='ocrx_word' id='word_1_81' title='bbox 545 1595 688 1675; x_wconf 89' lang='lat' dir='ltr'>vitaque</span> <span class='ocrx_word' id='word_1_82' title='bbox 713 1594 898 1657; x_wconf 88' lang='lat' dir='ltr'>referatur.</span> <span class='ocrx_word' id='word_1_83' title='bbox 945 1594 1036 1657; x_wconf 79' lang='lat' dir='ltr'>Nam</span> <span class='ocrx_word' id='word_1_84' title='bbox 1061 1595 1294 1657; x_wconf 89' lang='lat' dir='ltr'>instituuntur</span> <span class='ocrx_word' id='word_1_85' title='bbox 1318 1607 1356 1657; x_wconf 89' lang='lat' dir='ltr'>et</span> <span class='ocrx_word' id='word_1_86' title='bbox 1372 1594 1476 1658; x_wconf 90' lang='lat' dir='ltr'>desti·</span> 
     </span>
     <span class='ocr_line' id='line_1_12' title="bbox 191 1701 1477 1784; baseline -0.001 -20"><span class='ocrx_word' id='word_1_87' title='bbox 191 1714 336 1765; x_wconf 92' lang='lat' dir='ltr'>tuuntur</span> <span class='ocrx_word' id='word_1_88' title='bbox 359 1703 491 1784; x_wconf 88' lang='lat' dir='ltr'>passim</span> <span class='ocrx_word' id='word_1_89' title='bbox 515 1723 580 1783; x_wconf 91' lang='lat' dir='ltr'>pro</span> <span class='ocrx_word' id='word_1_90' title='bbox 606 1703 775 1783; x_wconf 92' lang='lat' dir='ltr'>cuiusque</span> <span class='ocrx_word' id='word_1_91' title='bbox 800 1702 900 1764; x_wconf 92' lang='lat' dir='ltr'>libito</span> <span class='ocrx_word' id='word_1_92' title='bbox 925 1703 1158 1782; x_wconf 86' lang='lat' dir='ltr'>ceremoniae,</span> <span class='ocrx_word' id='word_1_93' title='bbox 1182 1702 1291 1780; x_wconf 89' lang='lat' dir='ltr'>ritus,</span> <span class='ocrx_word' id='word_1_94' title='bbox 1327 1709 1365 1763; x_wconf 90' lang='lat' dir='ltr'>et</span> <span class='ocrx_word' id='word_1_95' title='bbox 1389 1701 1477 1764; x_wconf 87' lang='lat' dir='ltr'>ordi·</span> 
     </span>
     <span class='ocr_line' id='line_1_13' title="bbox 190 1807 1479 1890; baseline -0.003 -16"><span class='ocrx_word' id='word_1_96' title='bbox 190 1810 352 1874; x_wconf 89' lang='lat' dir='ltr'>nationes</span> <span class='ocrx_word' id='word_1_97' title='bbox 367 1809 558 1887; x_wconf 87' lang='lat' dir='ltr'>Ecclesiae,</span> <span class='ocrx_word' id='word_1_98' title='bbox 584 1810 704 1871; x_wconf 90' lang='lat' dir='ltr'>divina</span> <span class='ocrx_word' id='word_1_99' title='bbox 719 1811 847 1874; x_wconf 88' lang='lat' dir='ltr'>missae</span> <span class='ocrx_word' id='word_1_100' title='bbox 872 1807 991 1871; x_wconf 88' lang='lat' dir='ltr'>officia</span> <span class='ocrx_word' id='word_1_101' title='bbox 1015 1809 1085 1873; x_wconf 91' lang='lat' dir='ltr'>alio</span> <span class='ocrx_word' id='word_1_102' title='bbox 1110 1819 1216 1890; x_wconf 89' lang='lat' dir='ltr'>atque</span> <span class='ocrx_word' id='word_1_103' title='bbox 1240 1808 1312 1871; x_wconf 91' lang='lat' dir='ltr'>alio</span> <span class='ocrx_word' id='word_1_104' title='bbox 1340 1828 1479 1872; x_wconf 84' lang='lat' dir='ltr'>canone</span> 
     </span>
     <span class='ocr_line' id='line_1_14' title="bbox 191 1915 1480 1996; baseline -0.002 -17"><span class='ocrx_word' id='word_1_105' title='bbox 191 1937 284 1979; x_wconf 94' lang='lat' dir='ltr'>nunc</span> <span class='ocrx_word' id='word_1_106' title='bbox 316 1927 499 1995; x_wconf 87' lang='lat' dir='ltr'>tenentur,</span> <span class='ocrx_word' id='word_1_107' title='bbox 538 1936 630 1978; x_wconf 91' lang='lat' dir='ltr'>nunc</span> <span class='ocrx_word' id='word_1_108' title='bbox 662 1926 786 1979; x_wconf 88' lang='lat' dir='ltr'>contra</span> <span class='ocrx_word' id='word_1_109' title='bbox 816 1915 957 1978; x_wconf 93' lang='lat' dir='ltr'>omnino</span> <span class='ocrx_word' id='word_1_110' title='bbox 982 1918 1218 1996; x_wconf 72' lang='lat' dir='ltr'>abrogentur:</span> <span class='ocrx_word' id='word_1_111' title='bbox 1253 1925 1480 1977; x_wconf 87' lang='lat' dir='ltr'>sacramenta</span> 
     </span>
     <span class='ocr_line' id='line_1_15' title="bbox 191 2023 1476 2105; baseline -0.002 -20"><span class='ocrx_word' id='word_1_112' title='bbox 191 2025 344 2105; x_wconf 90' lang='lat' dir='ltr'>denique</span> <span class='ocrx_word' id='word_1_113' title='bbox 368 2023 447 2105; x_wconf 90' lang='lat' dir='ltr'>ipsa</span> <span class='ocrx_word' id='word_1_114' title='bbox 472 2043 584 2103; x_wconf 89' lang='lat' dir='ltr'>eaque</span> <span class='ocrx_word' id='word_1_115' title='bbox 609 2023 726 2085; x_wconf 92' lang='lat' dir='ltr'>omnia</span> <span class='ocrx_word' id='word_1_116' title='bbox 749 2023 784 2084; x_wconf 91' lang='lat' dir='ltr'>in</span> <span class='ocrx_word' id='word_1_117' title='bbox 810 2032 1026 2085; x_wconf 86' lang='lat' dir='ltr'>exstremum</span> <span class='ocrx_word' id='word_1_118' title='bbox 1057 2024 1189 2084; x_wconf 92' lang='lat' dir='ltr'>abeunt</span> <span class='ocrx_word' id='word_1_119' title='bbox 1220 2031 1476 2103; x_wconf 89' lang='lat' dir='ltr'>contemptum.</span> 
     </span>
     <span class='ocr_line' id='line_1_16' title="bbox 187 2128 1481 2213; baseline -0.002 -21"><span class='ocrx_word' id='word_1_120' title='bbox 187 2131 282 2211; x_wconf 78' lang='lat' dir='ltr'>Quot</span> <span class='ocrx_word' id='word_1_121' title='bbox 317 2134 452 2213; x_wconf 89' lang='lat' dir='ltr'>capita,</span> <span class='ocrx_word' id='word_1_122' title='bbox 483 2141 537 2193; x_wconf 92' lang='lat' dir='ltr'>tot</span> <span class='ocrx_word' id='word_1_123' title='bbox 569 2130 658 2192; x_wconf 91' lang='lat' dir='ltr'>fides</span> <span class='ocrx_word' id='word_1_124' title='bbox 694 2139 730 2192; x_wconf 90' lang='lat' dir='ltr'>et</span> <span class='ocrx_word' id='word_1_125' title='bbox 754 2129 977 2209; x_wconf 83' lang='lat' dir='ltr'>relligiones,</span> <span class='ocrx_word' id='word_1_126' title='bbox 1012 2128 1301 2211; x_wconf 29' lang='lat' dir='ltr'>cui‘proximum</span> <span class='ocrx_word' id='word_1_127' title='bbox 1334 2139 1410 2208; x_wconf 91' lang='lat' dir='ltr'>est,</span> <span class='ocrx_word' id='word_1_128' title='bbox 1442 2139 1481 2190; x_wconf 92' lang='lat' dir='ltr'>ut</span> 
     </span>
     <span class='ocr_line' id='line_1_17' title="bbox 190 2235 1482 2318; baseline -0.003 -18"><span class='ocrx_word' id='word_1_129' title='bbox 190 2237 274 2300; x_wconf 90' lang='lat' dir='ltr'>mihi</span> <span class='ocrx_word' id='word_1_130' title='bbox 300 2239 467 2318; x_wconf 90' lang='lat' dir='ltr'>cleroque</span> <span class='ocrx_word' id='word_1_131' title='bbox 502 2257 591 2317; x_wconf 90' lang='lat' dir='ltr'>meo,</span> <span class='ocrx_word' id='word_1_132' title='bbox 623 2236 790 2318; x_wconf 89' lang='lat' dir='ltr'>quicquid</span> <span class='ocrx_word' id='word_1_133' title='bbox 823 2246 930 2298; x_wconf 91' lang='lat' dir='ltr'>antea</span> <span class='ocrx_word' id='word_1_134' title='bbox 962 2235 1192 2315; x_wconf 89' lang='lat' dir='ltr'>decimarum,</span> <span class='ocrx_word' id='word_1_135' title='bbox 1222 2254 1413 2313; x_wconf 89' lang='lat' dir='ltr'>censuum,</span> <span class='ocrx_word' id='word_1_136' title='bbox 1446 2245 1482 2297; x_wconf 89' lang='lat' dir='ltr'>et</span> 
     </span>
     <span class='ocr_line' id='line_1_18' title="bbox 189 2341 1482 2425; baseline -0.002 -19"><span class='ocrx_word' id='word_1_137' title='bbox 189 2343 314 2406; x_wconf 93' lang='lat' dir='ltr'>iurium</span> <span class='ocrx_word' id='word_1_138' title='bbox 350 2343 669 2406; x_wconf 88' lang='lat' dir='ltr'>ecclesiasticorum</span> <span class='ocrx_word' id='word_1_139' title='bbox 706 2363 750 2405; x_wconf 88' lang='lat' dir='ltr'>ex</span> <span class='ocrx_word' id='word_1_140' title='bbox 791 2343 851 2425; x_wconf 90' lang='lat' dir='ltr'>pia</span> <span class='ocrx_word' id='word_1_141' title='bbox 886 2342 1101 2404; x_wconf 83' lang='lat' dir='ltr'>fundacione</span> <span class='ocrx_word' id='word_1_142' title='bbox 1137 2341 1318 2404; x_wconf 89' lang='lat' dir='ltr'>annuatim</span> <span class='ocrx_word' id='word_1_143' title='bbox 1360 2342 1482 2422; x_wconf 88' lang='lat' dir='ltr'>cessit,</span> 
     </span>
     <span class='ocr_line' id='line_1_19' title="bbox 189 2448 1484 2532; baseline -0.002 -19"><span class='ocrx_word' id='word_1_144' title='bbox 189 2471 282 2513; x_wconf 91' lang='lat' dir='ltr'>nunc</span> <span class='ocrx_word' id='word_1_145' title='bbox 325 2453 478 2532; x_wconf 88' lang='lat' dir='ltr'>superbe</span> <span class='ocrx_word' id='word_1_146' title='bbox 514 2460 550 2512; x_wconf 93' lang='lat' dir='ltr'>et</span> <span class='ocrx_word' id='word_1_147' title='bbox 586 2450 761 2513; x_wconf 88' lang='lat' dir='ltr'>violenter</span> <span class='ocrx_word' id='word_1_148' title='bbox 799 2450 1017 2530; x_wconf 85' lang='lat' dir='ltr'>denegetur,</span> <span class='ocrx_word' id='word_1_149' title='bbox 1051 2449 1230 2529; x_wconf 88' lang='lat' dir='ltr'>planeque</span> <span class='ocrx_word' id='word_1_150' title='bbox 1274 2448 1484 2529; x_wconf 88' lang='lat' dir='ltr'>pendeatur</span> 
     </span>
     <span class='ocr_line' id='line_1_20' title="bbox 190 2553 1484 2638; baseline -0.001 -19"><span class='ocrx_word' id='word_1_151' title='bbox 190 2557 286 2620; x_wconf 91' lang='lat' dir='ltr'>nihil.</span> <span class='ocrx_word' id='word_1_152' title='bbox 335 2557 379 2619; x_wconf 88' lang='lat' dir='ltr'>Et</span> <span class='ocrx_word' id='word_1_153' title='bbox 403 2557 544 2620; x_wconf 89' lang='lat' dir='ltr'>tametsi</span> <span class='ocrx_word' id='word_1_154' title='bbox 568 2577 637 2638; x_wconf 91' lang='lat' dir='ltr'>ego</span> <span class='ocrx_word' id='word_1_155' title='bbox 662 2560 707 2619; x_wconf 91' lang='lat' dir='ltr'>ab</span> <span class='ocrx_word' id='word_1_156' title='bbox 731 2557 831 2619; x_wconf 89' lang='lat' dir='ltr'>initio</span> <span class='ocrx_word' id='word_1_157' title='bbox 858 2556 976 2618; x_wconf 84' lang='lat' dir='ltr'>statim</span> <span class='ocrx_word' id='word_1_158' title='bbox 1000 2576 1071 2618; x_wconf 93' lang='lat' dir='ltr'>non</span> <span class='ocrx_word' id='word_1_159' title='bbox 1097 2553 1254 2634; x_wconf 89' lang='lat' dir='ltr'>cessavi,</span> <span class='ocrx_word' id='word_1_160' title='bbox 1288 2554 1391 2617; x_wconf 92' lang='lat' dir='ltr'>hisce</span> <span class='ocrx_word' id='word_1_161' title='bbox 1430 2576 1484 2618; x_wconf 87' lang='lat' dir='ltr'>er·</span> 
     </span>
     <span class='ocr_line' id='line_1_21' title="bbox 192 2661 1486 2745; baseline -0.002 -18"><span class='ocrx_word' id='word_1_162' title='bbox 192 2664 341 2741; x_wconf 84' lang='lat' dir='ltr'>roribus,</span> <span class='ocrx_word' id='word_1_163' title='bbox 367 2665 461 2745; x_wconf 92' lang='lat' dir='ltr'>apud</span> <span class='ocrx_word' id='word_1_164' title='bbox 481 2664 706 2726; x_wconf 89' lang='lat' dir='ltr'>Maiestatem</span> <span class='ocrx_word' id='word_1_165' title='bbox 726 2664 882 2745; x_wconf 86' lang='lat' dir='ltr'>Regiam</span> <span class='ocrx_word' id='word_1_166' title='bbox 907 2672 942 2724; x_wconf 88' lang='lat' dir='ltr'>et</span> <span class='ocrx_word' id='word_1_167' title='bbox 966 2661 1124 2726; x_wconf 89' lang='lat' dir='ltr'>remedia</span> <span class='ocrx_word' id='word_1_168' title='bbox 1147 2681 1314 2742; x_wconf 84' lang='lat' dir='ltr'>querere:</span> <span class='ocrx_word' id='word_1_169' title='bbox 1341 2673 1486 2725; x_wconf 87' lang='lat' dir='ltr'>tanturn</span> 
     </span>
     <span class='ocr_line' id='line_1_22' title="bbox 192 2768 1485 2851; baseline -0.001 -18"><span class='ocrx_word' id='word_1_170' title='bbox 192 2782 309 2834; x_wconf 90' lang='lat' dir='ltr'>tamen</span> <span class='ocrx_word' id='word_1_171' title='bbox 336 2769 431 2833; x_wconf 80' lang='lat' dir='ltr'>Suae</span> <span class='ocrx_word' id='word_1_172' title='bbox 456 2771 654 2833; x_wconf 88' lang='lat' dir='ltr'>Maiestatis</span> <span class='ocrx_word' id='word_1_173' title='bbox 678 2770 968 2832; x_wconf 89' lang='lat' dir='ltr'>christianissima</span> <span class='ocrx_word' id='word_1_174' title='bbox 992 2770 1160 2831; x_wconf 88' lang='lat' dir='ltr'>mandata</span> <span class='ocrx_word' id='word_1_175' title='bbox 1187 2768 1359 2831; x_wconf 89' lang='lat' dir='ltr'>momenti</span> <span class='ocrx_word' id='word_1_176' title='bbox 1396 2789 1485 2851; x_wconf 89' lang='lat' dir='ltr'>pen-</span> 
     </span>
     <span class='ocr_line' id='line_1_23' title="bbox 195 2875 1488 2959; baseline 0 -19"><span class='ocrx_word' id='word_1_177' title='bbox 195 2879 294 2959; x_wconf 90' lang='lat' dir='ltr'>sique</span> <span class='ocrx_word' id='word_1_178' title='bbox 331 2880 551 2958; x_wconf 89' lang='lat' dir='ltr'>habuerunt,</span> <span class='ocrx_word' id='word_1_179' title='bbox 584 2886 623 2939; x_wconf 93' lang='lat' dir='ltr'>ut</span> <span class='ocrx_word' id='word_1_180' title='bbox 653 2878 758 2958; x_wconf 91' lang='lat' dir='ltr'>plane</span> <span class='ocrx_word' id='word_1_181' title='bbox 794 2877 994 2958; x_wconf 86' lang='lat' dir='ltr'>profuerint</span> <span class='ocrx_word' id='word_1_182' title='bbox 1018 2875 1122 2945; x_wconf 85' lang='lat' dir='ltr'>nihi1;</span> <span class='ocrx_word' id='word_1_183' title='bbox 1148 2876 1239 2938; x_wconf 91' lang='lat' dir='ltr'>adeo</span> <span class='ocrx_word' id='word_1_184' title='bbox 1271 2876 1488 2940; x_wconf 88' lang='lat' dir='ltr'>obedientia</span> 
     </span>
     <span class='ocr_line' id='line_1_24' title="bbox 138 2981 1485 3064; baseline 0.001 -19"><span class='ocrx_word' id='word_1_185' title='bbox 138 3038 141 3045; x_wconf 85' lang='lat'><em>.</em></span> <span class='ocrx_word' id='word_1_186' title='bbox 196 2994 231 3046; x_wconf 88' lang='lat' dir='ltr'>et</span> <span class='ocrx_word' id='word_1_187' title='bbox 266 2984 341 3046; x_wconf 84' lang='lat' dir='ltr'>veri</span> <span class='ocrx_word' id='word_1_188' title='bbox 370 2985 529 3064; x_wconf 88' lang='lat' dir='ltr'>rectique</span> <span class='ocrx_word' id='word_1_189' title='bbox 565 2983 661 3046; x_wconf 90' lang='lat' dir='ltr'>racio</span> <span class='ocrx_word' id='word_1_190' title='bbox 698 2984 804 3045; x_wconf 90' lang='lat' dir='ltr'>nulla.</span> <span class='ocrx_word' id='word_1_191' title='bbox 864 2983 1049 3064; x_wconf 81' lang='lat' dir='ltr'>Quumque</span> <span class='ocrx_word' id='word_1_192' title='bbox 1086 3003 1156 3045; x_wconf 89' lang='lat' dir='ltr'>non</span> <span class='ocrx_word' id='word_1_193' title='bbox 1192 2981 1363 3046; x_wconf 86' lang='lat' dir='ltr'>desistam</span> <span class='ocrx_word' id='word_1_194' title='bbox 1402 2984 1485 3047; x_wconf 88' lang='lat' dir='ltr'>dies</span> 
     </span>
     <span class='ocr_line' id='line_1_25' title="bbox 196 3087 1485 3172; baseline 0.002 -20"><span class='ocrx_word' id='word_1_195' title='bbox 196 3101 389 3171; x_wconf 88' lang='lat' dir='ltr'>noctesque</span> <span class='ocrx_word' id='word_1_196' title='bbox 432 3110 497 3172; x_wconf 94' lang='lat' dir='ltr'>pro</span> <span class='ocrx_word' id='word_1_197' title='bbox 544 3111 623 3152; x_wconf 90' lang='lat' dir='ltr'>mea</span> <span class='ocrx_word' id='word_1_198' title='bbox 672 3089 706 3151; x_wconf 94' lang='lat' dir='ltr'>in</span> <span class='ocrx_word' id='word_1_199' title='bbox 751 3087 983 3153; x_wconf 85' lang='lat' dir='ltr'>Sanctitatem</span> <span class='ocrx_word' id='word_1_200' title='bbox 1022 3089 1204 3168; x_wconf 89' lang='lat' dir='ltr'>Vestram,</span> <span class='ocrx_word' id='word_1_201' title='bbox 1252 3101 1288 3152; x_wconf 92' lang='lat' dir='ltr'>et</span> <span class='ocrx_word' id='word_1_202' title='bbox 1329 3087 1485 3154; x_wconf 86' lang='lat' dir='ltr'>Sacram</span> 
     </span>
     <span class='ocr_line' id='line_1_26' title="bbox 197 3195 1486 3279; baseline 0.002 -20"><span class='ocrx_word' id='word_1_203' title='bbox 197 3198 396 3259; x_wconf 87' lang='lat' dir='ltr'>Romanam</span> <span class='ocrx_word' id='word_1_204' title='bbox 421 3196 616 3260; x_wconf 88' lang='lat' dir='ltr'>Ecclesiam</span> <span class='ocrx_word' id='word_1_205' title='bbox 640 3195 711 3259; x_wconf 89' lang='lat' dir='ltr'>fide</span> <span class='ocrx_word' id='word_1_206' title='bbox 736 3208 772 3258; x_wconf 89' lang='lat' dir='ltr'>et</span> <span class='ocrx_word' id='word_1_207' title='bbox 793 3196 1037 3273; x_wconf 88' lang='lat' dir='ltr'>observancia,</span> <span class='ocrx_word' id='word_1_208' title='bbox 1055 3195 1204 3279; x_wconf 89' lang='lat' dir='ltr'>perfidie</span> <span class='ocrx_word' id='word_1_209' title='bbox 1219 3195 1359 3259; x_wconf 89' lang='lat' dir='ltr'>illorum</span> <span class='ocrx_word' id='word_1_210' title='bbox 1388 3218 1486 3262; x_wconf 91' lang='lat' dir='ltr'>nunc</span> 
     </span>
     <span class='ocr_line' id='line_1_27' title="bbox 198 3301 1486 3385; baseline 0.003 -21"><span class='ocrx_word' id='word_1_211' title='bbox 198 3304 461 3385; x_wconf 91' lang='lat' dir='ltr'>legacionibus,</span> <span class='ocrx_word' id='word_1_212' title='bbox 497 3324 588 3366; x_wconf 89' lang='lat' dir='ltr'>nunc</span> <span class='ocrx_word' id='word_1_213' title='bbox 623 3301 923 3384; x_wconf 91' lang='lat' dir='ltr'>profectionibus,</span> <span class='ocrx_word' id='word_1_214' title='bbox 948 3302 1096 3383; x_wconf 91' lang='lat' dir='ltr'>aliisque</span> <span class='ocrx_word' id='word_1_215' title='bbox 1128 3302 1164 3364; x_wconf 93' lang='lat' dir='ltr'>id</span> <span class='ocrx_word' id='word_1_216' title='bbox 1197 3321 1311 3384; x_wconf 90' lang='lat' dir='ltr'>genus</span> <span class='ocrx_word' id='word_1_217' title='bbox 1335 3305 1486 3385; x_wconf 90' lang='lat' dir='ltr'>quibus·</span> 
     </span>
     <span class='ocr_line' id='line_1_28' title="bbox 198 3408 1487 3498; baseline 0.002 -25"><span class='ocrx_word' id='word_1_218' title='bbox 198 3431 346 3491; x_wconf 90' lang='lat' dir='ltr'>cumque</span> <span class='ocrx_word' id='word_1_219' title='bbox 371 3431 515 3498; x_wconf 86' lang='lat' dir='ltr'>possum</span> <span class='ocrx_word' id='word_1_220' title='bbox 539 3410 653 3472; x_wconf 92' lang='lat' dir='ltr'>modis</span> <span class='ocrx_word' id='word_1_221' title='bbox 677 3408 843 3472; x_wconf 88' lang='lat' dir='ltr'>reluctari</span> <span class='ocrx_word' id='word_1_222' title='bbox 868 3429 982 3490; x_wconf 90' lang='lat' dir='ltr'>neque</span> <span class='ocrx_word' id='word_1_223' title='bbox 1007 3409 1158 3490; x_wconf 69' lang='lat' dir='ltr'>corpori,</span> <span class='ocrx_word' id='word_1_224' title='bbox 1184 3429 1299 3491; x_wconf 88' lang='lat' dir='ltr'>neque</span> <span class='ocrx_word' id='word_1_225' title='bbox 1318 3408 1487 3474; x_wconf 88' lang='lat' dir='ltr'>facultati</span> 
     </span>
     <span class='ocr_line' id='line_1_29' title="bbox 198 3516 1486 3599; baseline 0.002 -21"><span class='ocrx_word' id='word_1_226' title='bbox 198 3537 298 3579; x_wconf 90' lang='lat' dir='ltr'>meae</span> <span class='ocrx_word' id='word_1_227' title='bbox 323 3518 644 3598; x_wconf 90' lang='lat' dir='ltr'>quantulecumque</span> <span class='ocrx_word' id='word_1_228' title='bbox 678 3536 845 3599; x_wconf 89' lang='lat' dir='ltr'>parcere;</span> <span class='ocrx_word' id='word_1_229' title='bbox 879 3516 963 3579; x_wconf 90' lang='lat' dir='ltr'>licet</span> <span class='ocrx_word' id='word_1_230' title='bbox 999 3517 1171 3578; x_wconf 89' lang='lat' dir='ltr'>hactenus</span> <span class='ocrx_word' id='word_1_231' title='bbox 1205 3516 1337 3596; x_wconf 86' lang='lat' dir='ltr'>minus,</span> <span class='ocrx_word' id='word_1_232' title='bbox 1373 3538 1486 3599; x_wconf 90' lang='lat' dir='ltr'>quam</span> 
     </span>
     <span class='ocr_line' id='line_1_30' title="bbox 199 3622 1486 3705; baseline 0.003 -21"><span class='ocrx_word' id='word_1_233' title='bbox 199 3623 389 3704; x_wconf 91' lang='lat' dir='ltr'>voluerim,</span> <span class='ocrx_word' id='word_1_234' title='bbox 423 3624 593 3704; x_wconf 89' lang='lat' dir='ltr'>consequi</span> <span class='ocrx_word' id='word_1_235' title='bbox 630 3622 821 3705; x_wconf 88' lang='lat' dir='ltr'>potuerim;</span> <span class='ocrx_word' id='word_1_236' title='bbox 854 3633 892 3685; x_wconf 94' lang='lat' dir='ltr'>ut</span> <span class='ocrx_word' id='word_1_237' title='bbox 925 3634 1042 3685; x_wconf 88' lang='lat' dir='ltr'>tamen</span> <span class='ocrx_word' id='word_1_238' title='bbox 1075 3622 1144 3703; x_wconf 90' lang='lat' dir='ltr'>illi,</span> <span class='ocrx_word' id='word_1_239' title='bbox 1176 3624 1272 3703; x_wconf 93' lang='lat' dir='ltr'>quod</span> <span class='ocrx_word' id='word_1_240' title='bbox 1303 3625 1486 3705; x_wconf 92' lang='lat' dir='ltr'>reliquum</span> 
     </span>
     <span class='ocr_line' id='line_1_31' title="bbox 201 3729 1487 3812; baseline 0.002 -20"><span class='ocrx_word' id='word_1_241' title='bbox 201 3743 277 3792; x_wconf 89' lang='lat' dir='ltr'>erat</span> <span class='ocrx_word' id='word_1_242' title='bbox 301 3731 425 3793; x_wconf 92' lang='lat' dir='ltr'>virium</span> <span class='ocrx_word' id='word_1_243' title='bbox 450 3730 686 3812; x_wconf 88' lang='lat' dir='ltr'>infringerent</span> <span class='ocrx_word' id='word_1_244' title='bbox 721 3729 984 3811; x_wconf 89' lang='lat' dir='ltr'>conspiratione</span> <span class='ocrx_word' id='word_1_245' title='bbox 1015 3750 1127 3811; x_wconf 92' lang='lat' dir='ltr'>nuper</span> <span class='ocrx_word' id='word_1_246' title='bbox 1160 3730 1360 3792; x_wconf 90' lang='lat' dir='ltr'>clanculum</span> <span class='ocrx_word' id='word_1_247' title='bbox 1395 3731 1487 3795; x_wconf 89' lang='lat' dir='ltr'>inita</span> 
     </span>
     <span class='ocr_line' id='line_1_32' title="bbox 200 3836 1489 3919; baseline 0.002 -20"><span class='ocrx_word' id='word_1_248' title='bbox 200 3837 295 3899; x_wconf 89' lang='lat' dir='ltr'>sedis</span> <span class='ocrx_word' id='word_1_249' title='bbox 318 3858 418 3899; x_wconf 89' lang='lat' dir='ltr'>meae</span> <span class='ocrx_word' id='word_1_250' title='bbox 442 3837 667 3919; x_wconf 91' lang='lat' dir='ltr'>Episcopalis</span> <span class='ocrx_word' id='word_1_251' title='bbox 691 3856 810 3898; x_wconf 86' lang='lat' dir='ltr'>aream</span> <span class='ocrx_word' id='word_1_252' title='bbox 834 3845 869 3897; x_wconf 93' lang='lat' dir='ltr'>et</span> <span class='ocrx_word' id='word_1_253' title='bbox 890 3838 1076 3916; x_wconf 89' lang='lat' dir='ltr'>plusquam</span> <span class='ocrx_word' id='word_1_254' title='bbox 1093 3836 1274 3898; x_wconf 90' lang='lat' dir='ltr'>dimidium</span> <span class='ocrx_word' id='word_1_255' title='bbox 1290 3836 1489 3919; x_wconf 88' lang='lat' dir='ltr'>primariae</span> 
     </span>
     <span class='ocr_line' id='line_1_33' title="bbox 201 3941 1485 4023; baseline 0.003 -19"><span class='ocrx_word' id='word_1_256' title='bbox 201 3943 355 4006; x_wconf 90' lang='lat' dir='ltr'>civitatis</span> <span class='ocrx_word' id='word_1_257' title='bbox 382 3944 548 4007; x_wconf 91' lang='lat' dir='ltr'>incendio</span> <span class='ocrx_word' id='word_1_258' title='bbox 583 3943 704 4006; x_wconf 89' lang='lat' dir='ltr'>furtim</span> <span class='ocrx_word' id='word_1_259' title='bbox 738 3954 908 4023; x_wconf 85' lang='lat' dir='ltr'>suggesto</span> <span class='ocrx_word' id='word_1_260' title='bbox 941 3941 1097 4005; x_wconf 89' lang='lat' dir='ltr'>funditus</span> <span class='ocrx_word' id='word_1_261' title='bbox 1133 3942 1385 4023; x_wconf 85' lang='lat' dir='ltr'>perdiderunt;</span> <span class='ocrx_word' id='word_1_262' title='bbox 1427 3966 1485 4008; x_wconf 91' lang='lat' dir='ltr'>co-</span> 
     </span>
     <span class='ocr_line' id='line_1_34' title="bbox 201 4049 1487 4132; baseline 0.001 -19"><span class='ocrx_word' id='word_1_263' title='bbox 201 4060 328 4113; x_wconf 86' lang='lat' dir='ltr'>nantes</span> <span class='ocrx_word' id='word_1_264' title='bbox 344 4050 399 4113; x_wconf 91' lang='lat' dir='ltr'>his</span> <span class='ocrx_word' id='word_1_265' title='bbox 415 4051 564 4132; x_wconf 91' lang='lat' dir='ltr'>aliisque</span> <span class='ocrx_word' id='word_1_266' title='bbox 579 4051 715 4113; x_wconf 90' lang='lat' dir='ltr'>artibus</span> <span class='ocrx_word' id='word_1_267' title='bbox 739 4050 883 4111; x_wconf 89' lang='lat' dir='ltr'>tandem</span> <span class='ocrx_word' id='word_1_268' title='bbox 908 4059 1035 4127; x_wconf 91' lang='lat' dir='ltr'>castra,</span> <span class='ocrx_word' id='word_1_269' title='bbox 1060 4049 1203 4130; x_wconf 90' lang='lat' dir='ltr'>oppida,</span> <span class='ocrx_word' id='word_1_270' title='bbox 1229 4061 1264 4111; x_wconf 91' lang='lat' dir='ltr'>et</span> <span class='ocrx_word' id='word_1_271' title='bbox 1288 4060 1405 4113; x_wconf 88' lang='lat' dir='ltr'>terras</span> <span class='ocrx_word' id='word_1_272' title='bbox 1430 4072 1487 4116; x_wconf 91' lang='lat' dir='ltr'>ec-</span> 
     </span>
     <span class='ocr_line' id='line_1_35' title="bbox 202 4155 1486 4236; baseline 0.002 -17"><span class='ocrx_word' id='word_1_273' title='bbox 202 4157 331 4220; x_wconf 89' lang='lat' dir='ltr'>clesiae</span> <span class='ocrx_word' id='word_1_274' title='bbox 357 4156 662 4221; x_wconf 88' lang='lat' dir='ltr'>Wratislaviensis</span> <span class='ocrx_word' id='word_1_275' title='bbox 685 4157 720 4219; x_wconf 90' lang='lat' dir='ltr'>in</span> <span class='ocrx_word' id='word_1_276' title='bbox 746 4156 916 4218; x_wconf 90' lang='lat' dir='ltr'>ditionem</span> <span class='ocrx_word' id='word_1_277' title='bbox 940 4175 1038 4217; x_wconf 90' lang='lat' dir='ltr'>suam</span> <span class='ocrx_word' id='word_1_278' title='bbox 1063 4155 1248 4235; x_wconf 78' lang='lat' dir='ltr'>redigere,</span> <span class='ocrx_word' id='word_1_279' title='bbox 1273 4176 1333 4236; x_wconf 87' lang='lat' dir='ltr'>ac,</span> <span class='ocrx_word' id='word_1_280' title='bbox 1358 4166 1400 4219; x_wconf 94' lang='lat' dir='ltr'>ut</span> <span class='ocrx_word' id='word_1_281' title='bbox 1424 4179 1486 4222; x_wconf 90' lang='lat' dir='ltr'>nu·</span> 
     </span>
     <span class='ocr_line' id='line_1_36' title="bbox 202 4262 1487 4346; baseline 0.003 -21"><span class='ocrx_word' id='word_1_282' title='bbox 202 4285 268 4346; x_wconf 90' lang='lat' dir='ltr'>per</span> <span class='ocrx_word' id='word_1_283' title='bbox 302 4263 336 4325; x_wconf 93' lang='lat' dir='ltr'>in</span> <span class='ocrx_word' id='word_1_284' title='bbox 374 4264 518 4326; x_wconf 87' lang='lat' dir='ltr'>Prussia</span> <span class='ocrx_word' id='word_1_285' title='bbox 558 4263 708 4345; x_wconf 90' lang='lat' dir='ltr'>contigit</span> <span class='ocrx_word' id='word_1_286' title='bbox 742 4263 969 4344; x_wconf 84' lang='lat' dir='ltr'>prophanare</span> <span class='ocrx_word' id='word_1_287' title='bbox 1011 4263 1209 4325; x_wconf 87' lang='lat' dir='ltr'>hereditate</span> <span class='ocrx_word' id='word_1_288' title='bbox 1252 4262 1487 4345; x_wconf 90' lang='lat' dir='ltr'>possidenda.</span> 
     </span>
     <span class='ocr_line' id='line_1_37' title="bbox 204 4368 1487 4454; baseline 0.003 -22"><span class='ocrx_word' id='word_1_289' title='bbox 204 4371 391 4432; x_wconf 82' lang='lat' dir='ltr'>Caeterum</span> <span class='ocrx_word' id='word_1_290' title='bbox 416 4390 521 4452; x_wconf 92' lang='lat' dir='ltr'>quum</span> <span class='ocrx_word' id='word_1_291' title='bbox 546 4374 717 4433; x_wconf 90' lang='lat' dir='ltr'>hactenus</span> <span class='ocrx_word' id='word_1_292' title='bbox 742 4389 961 4451; x_wconf 87' lang='lat' dir='ltr'>quecumque</span> <span class='ocrx_word' id='word_1_293' title='bbox 987 4372 1082 4431; x_wconf 92' lang='lat' dir='ltr'>bona</span> <span class='ocrx_word' id='word_1_294' title='bbox 1111 4368 1255 4432; x_wconf 89' lang='lat' dir='ltr'>minoris</span> <span class='ocrx_word' id='word_1_295' title='bbox 1285 4371 1487 4454; x_wconf 88' lang='lat' dir='ltr'>habuerim,</span> 
     </span>
     <span class='ocr_line' id='line_1_38' title="bbox 204 4473 1486 4562; baseline 0.004 -24"><span class='ocrx_word' id='word_1_296' title='bbox 204 4498 308 4557; x_wconf 91' lang='lat' dir='ltr'>quam</span> <span class='ocrx_word' id='word_1_297' title='bbox 334 4479 452 4539; x_wconf 88' lang='lat' dir='ltr'>datam</span> <span class='ocrx_word' id='word_1_298' title='bbox 476 4476 592 4558; x_wconf 88' lang='lat' dir='ltr'>fidem,</span> <span class='ocrx_word' id='word_1_299' title='bbox 617 4484 808 4556; x_wconf 91' lang='lat' dir='ltr'>sancteque</span> <span class='ocrx_word' id='word_1_300' title='bbox 832 4475 965 4538; x_wconf 90' lang='lat' dir='ltr'>factum</span> <span class='ocrx_word' id='word_1_301' title='bbox 988 4473 1220 4539; x_wconf 90' lang='lat' dir='ltr'>iuramentum</span> <span class='ocrx_word' id='word_1_302' title='bbox 1245 4497 1380 4559; x_wconf 91' lang='lat' dir='ltr'>meum,</span> <span class='ocrx_word' id='word_1_303' title='bbox 1404 4499 1486 4562; x_wconf 88' lang='lat' dir='ltr'>pro-</span> 
     </span>
     <span class='ocr_line' id='line_1_39' title="bbox 204 4581 1486 4666; baseline 0.005 -23"><span class='ocrx_word' id='word_1_304' title='bbox 204 4605 271 4664; x_wconf 87' lang='lat' dir='ltr'>que</span> <span class='ocrx_word' id='word_1_305' title='bbox 296 4584 417 4646; x_wconf 87' lang='lat' dir='ltr'>debita</span> <span class='ocrx_word' id='word_1_306' title='bbox 441 4583 652 4647; x_wconf 88' lang='lat' dir='ltr'>obediencia</span> <span class='ocrx_word' id='word_1_307' title='bbox 677 4581 910 4645; x_wconf 88' lang='lat' dir='ltr'>adversitates</span> <span class='ocrx_word' id='word_1_308' title='bbox 935 4601 1058 4644; x_wconf 89' lang='lat' dir='ltr'>omnes</span> <span class='ocrx_word' id='word_1_309' title='bbox 1088 4591 1124 4644; x_wconf 92' lang='lat' dir='ltr'>et</span> <span class='ocrx_word' id='word_1_310' title='bbox 1156 4603 1398 4666; x_wconf 89' lang='lat' dir='ltr'>quascumque</span> <span class='ocrx_word' id='word_1_311' title='bbox 1428 4607 1486 4650; x_wconf 89' lang='lat' dir='ltr'>ca·</span> 
     </span>
     <span class='ocr_line' id='line_1_40' title="bbox 203 4687 1486 4775; baseline 0.005 -24"><span class='ocrx_word' id='word_1_312' title='bbox 203 4690 378 4753; x_wconf 88' lang='lat' dir='ltr'>lamitates</span> <span class='ocrx_word' id='word_1_313' title='bbox 409 4692 535 4754; x_wconf 91' lang='lat' dir='ltr'>lubens</span> <span class='ocrx_word' id='word_1_314' title='bbox 566 4692 760 4770; x_wconf 88' lang='lat' dir='ltr'>volensque</span> <span class='ocrx_word' id='word_1_315' title='bbox 791 4688 940 4767; x_wconf 90' lang='lat' dir='ltr'>tulerim,</span> <span class='ocrx_word' id='word_1_316' title='bbox 965 4687 1074 4750; x_wconf 89' lang='lat' dir='ltr'>vitam</span> <span class='ocrx_word' id='word_1_317' title='bbox 1105 4689 1212 4752; x_wconf 91' lang='lat' dir='ltr'>etiam</span> <span class='ocrx_word' id='word_1_318' title='bbox 1243 4689 1377 4772; x_wconf 84' lang='lat' dir='ltr'>ipsam,</span> <span class='ocrx_word' id='word_1_319' title='bbox 1414 4714 1486 4775; x_wconf 88' lang='lat' dir='ltr'>que</span> 
     </span>
     <span class='ocr_line' id='line_1_41' title="bbox 205 4794 1486 4882; baseline 0.003 -23"><span class='ocrx_word' id='word_1_320' title='bbox 205 4798 262 4860; x_wconf 90' lang='lat' dir='ltr'>vel</span> <span class='ocrx_word' id='word_1_321' title='bbox 286 4798 362 4860; x_wconf 93' lang='lat' dir='ltr'>sola</span> <span class='ocrx_word' id='word_1_322' title='bbox 386 4797 522 4878; x_wconf 85' lang='lat' dir='ltr'>reliqua</span> <span class='ocrx_word' id='word_1_323' title='bbox 538 4807 602 4880; x_wconf 86' lang='lat' dir='ltr'>est,</span> <span class='ocrx_word' id='word_1_324' title='bbox 627 4818 693 4879; x_wconf 92' lang='lat' dir='ltr'>pro</span> <span class='ocrx_word' id='word_1_325' title='bbox 714 4794 846 4860; x_wconf 88' lang='lat' dir='ltr'>Sancta</span> <span class='ocrx_word' id='word_1_326' title='bbox 870 4796 1039 4858; x_wconf 90' lang='lat' dir='ltr'>Romana</span> <span class='ocrx_word' id='word_1_327' title='bbox 1063 4795 1158 4858; x_wconf 85' lang='lat' dir='ltr'>Sede</span> <span class='ocrx_word' id='word_1_328' title='bbox 1182 4795 1367 4862; x_wconf 89' lang='lat' dir='ltr'>effundere</span> <span class='ocrx_word' id='word_1_329' title='bbox 1382 4820 1486 4882; x_wconf 89' lang='lat' dir='ltr'>para·</span> 
     </span>
    </p>
   </div>
   <div class='ocr_carea' id='block_1_3' title="bbox 0 0 1688 5580">
    <p class='ocr_par' dir='ltr' id='par_1_3' title="bbox 0 0 1688 5580">
     <span class='ocr_line' id='line_1_42' title="bbox 0 0 1688 5580; baseline 0 0"><span class='ocrx_word' id='word_1_330' title='bbox 0 0 1688 5580; x_wconf 95' lang='lat' dir='ltr'> </span> 
     </span>
    </p>
   </div>
  </div>
 </body>
</html>
