3330 5580
722 447 949 504 eollo*

190 618 287 661 mam
311 610 372 660 tua
396 597 537 676 virtute,
562 607 598 660 et
621 597 656 659 in
674 597 789 659 Deum
805 592 986 657 Summum
1011 614 1096 656 vere
1120 594 1312 658 christiana
1333 594 1477 676 pietate,

190 705 289 767 omni
320 683 426 768 laude
458 705 761 771 commendamus:
795 703 961 784 quodque
995 710 1049 764 est
1072 700 1262 782 reliquum,
1295 704 1478 765 hortamur

191 812 346 874 eandem
371 822 467 874 tuam
484 810 726 890 Nobilitatem,
750 810 786 872 in
801 809 964 889 Domino,
990 818 1028 870 ut
1051 818 1252 890 susceptam
1269 811 1377 872 semel
1394 809 1476 871 fidei

191 928 340 980 sanctae
364 917 580 997 catholicae,
612 918 763 999 atejus,
795 915 849 978 cui
874 916 954 978 Deo
978 916 1086 977 dante
1111 914 1349 996 presidemuS,
1383 916 1478 979 sedis

192 1025 429 1106 Apostolicae
440 1023 777 1106 propugnationem,
794 1023 872 1104 pari
886 1022 1027 1099 virtute,
1044 1031 1080 1084 et
1093 1022 1292 1086 constantia
1310 1023 1343 1085 in
1358 1036 1476 1105 poste-

191 1152 270 1194 rum
296 1143 433 1203 tueare;
467 1142 506 1193 ut
534 1131 563 1194 si
587 1131 663 1194 fieri
687 1139 806 1213 potest
831 1129 936 1192 etiam
960 1129 1016 1191 isti
1041 1129 1101 1210 qui
1125 1139 1161 1192 et
1184 1131 1300 1193 Deum
1325 1143 1361 1194 et
1385 1151 1475 1193 com-

191 1258 336 1302 munem
366 1259 509 1321 pacem,
539 1238 780 1319 unitatemque
812 1235 1047 1300 Christianam
1081 1236 1282 1300 discindere
1315 1248 1477 1319 querunt,

190 1347 238 1409 ad
274 1346 466 1409 salutarem
490 1344 722 1427 penitentiam
766 1343 942 1422 conversi,
981 1343 1122 1406 veniam
1161 1344 1306 1408 admissi
1348 1345 1478 1408 erroris

190 1464 474 1533 promereantur,
498 1462 559 1514 aut
583 1451 612 1516 si
636 1452 793 1533 maligno
817 1450 942 1532 spiritu
967 1451 1123 1514 occecati
1148 1451 1183 1514 in
1206 1453 1384 1534 pravitate
1400 1473 1477 1533 per-

192 1559 338 1638 sistent,
371 1579 417 1623 ne
446 1559 661 1639 contagione
694 1570 846 1621 noceant
874 1579 895 1620 a
918 1557 1021 1621 bonis
1045 1559 1221 1621 mentibus
1244 1558 1400 1621 fidelium
1425 1581 1476 1622 ar-

192 1677 362 1746 ceantur,
399 1667 494 1747 quod
530 1667 626 1749 apud
661 1686 833 1729 summum
864 1666 978 1728 Deum
1013 1664 1078 1727 tibi
1109 1665 1345 1746 fructuosum,
1380 1668 1477 1749 apud

191 1793 318 1837 omnes
342 1772 502 1836 homines
526 1772 682 1837 futurum
706 1783 760 1836 est
784 1771 988 1855 gloriosum,
1013 1771 1115 1834 nobis
1129 1793 1217 1836 vero
1238 1794 1346 1856 supra
1361 1774 1478 1837 omnia

190 1880 450 1963 gratissimum
483 1879 571 1943 sicut
601 1879 706 1943 latius
737 1901 816 1943 curn
840 1879 1035 1942 Nobilitate
1066 1891 1127 1941 tua
1157 1880 1215 1943 dil.
1241 1879 1293 1944 Fi.
1317 1881 1477 1945 Marinus

191 1987 414 2066 Carraciola,
446 1997 482 2050 et
515 1986 742 2050 Hieronimus
769 1986 949 2050 Aleander
981 1985 1108 2048 notarii
1142 1996 1178 2048 et
1202 1986 1325 2048 Nuntii
1353 1988 1476 2067 nostri,

189 2096 250 2156 vel
275 2096 366 2156 alter
397 2113 517 2156 eorum
543 2104 665 2157 nostro
696 2093 855 2172 nomine,
886 2104 1012 2176 agent,
1046 2092 1174 2174 quibus
1204 2094 1347 2174 plenam
1370 2094 1476 2157 fidem

189 2200 355 2265 habebis.

281 2309 365 2370 Dat.
391 2309 532 2370 Romae
557 2306 682 2371 XXV.
708 2305 812 2370 Febr.
844 2327 854 2367 ι
862 2326 922 2385 521
950 2327 1043 2368 anno
1068 2316 1205 2371 octavo

283 2423 542 2486 Cardinalibus.

283 2528 483 2592 Nobilibus.

282 2635 444 2716 Quatuor
467 2635 624 2716 prelatis.

283 2741 446 2823 Quatuor
471 2740 558 2804 aliis.

809 3117 861 3181 28.

560 3230 886 3312 vicecancellarius
914 3233 1102 3316 Menndro.

600 3360 741 3423 (hunum
761 3361 886 3421 German
905 3363 936 3421 L.
955 3363 1001 3422 iol
1021 3365 1073 3436 25.)

431 3465 480 3513 tEx
499 3462 634 3511 Florentia
654 3462 696 3512 26.
716 3464 793 3512 Febr.
817 3474 892 3526 1521.
911 3491 946 3502 -η
965 3469 1068 3515 Worm.
1088 3468 1113 3516 8·
1133 3469 1241 3538 Martii.)

284 3590 351 3651 Rde
367 3588 426 3650 Pr.
452 3587 563 3650 amice
588 3597 709 3650 noster
732 3588 947 3651 charissime.
979 3592 1118 3655 Perche
1142 3594 1174 3657 el
1198 3606 1366 3676 presente
1382 3596 1476 3661 Gen·

189 3698 366 3760 tilhuomo
398 3696 466 3757 che
497 3694 600 3758 viene
631 3696 702 3758 alla
732 3705 831 3758 corte
863 3708 965 3778 parte
1000 3700 1055 3760 nel
1081 3702 1242 3765 medemo
1266 3713 1386 3785 tempo
1411 3707 1476 3768 che

190 3804 253 3866 Nm
278 3802 314 3869 S.
349 3821 492 3883 appena
515 3803 655 3864 haveva
679 3812 826 3884 possuto
851 3804 984 3867 vedere
1009 3807 1042 3869 le
1066 3818 1186 3871 vostre
1210 3811 1255 3873 de
1279 3810 1377 3891 VIII,
1402 3812 1476 3874 XII

192 3922 230 3973 et
255 3908 358 3986 XIV,
384 3928 454 3971 non
479 3908 513 3970 vi
538 3908 567 3971 si
592 3910 662 3991 pud
687 3912 774 3973 hora
798 3911 1008 3993 rispondere
1032 3916 1123 3977 altro
1148 3918 1213 3979 che
1238 3920 1421 3982 accusarvi
1442 3923 1475 3983 la

192 4025 366 4079 recevuta
401 4026 437 4077 et
472 4017 737 4079 commendarvi
772 4019 865 4082 assai
900 4021 995 4082 dello
1031 4022 1148 4085 studio
1184 4023 1292 4087 fatica
1328 4038 1363 4089 et
1394 4025 1476 4089 fede

192 4134 326 4186 vostra.
375 4122 518 4203 Quanto
554 4126 620 4186 che
651 4125 734 4187 nelli
765 4127 865 4190 brevi
898 4129 1055 4191 mandati
1086 4150 1156 4193 non
1191 4130 1284 4194 fuste
1314 4132 1410 4196 lacta
1440 4135 1475 4196 di

193 4231 253 4292 voi
274 4229 464 4307 mentione,
489 4228 709 4309 eaccaduto,
734 4252 803 4295 non
828 4235 962 4314 perche
986 4238 1080 4298 della
1096 4257 1249 4318 persona
1267 4250 1388 4302 vostra
1405 4261 1474 4303 non

195 4336 223 4397 si
240 4335 350 4397 habbi
375 4333 433 4416 qui
459 4335 543 4417 ogni
568 4338 801 4401 conveniente
825 4341 981 4421 rispecto
1006 4354 1042 4406 et
1066 4346 1118 4406 sia
1141 4365 1206 4426 per
1223 4347 1364 4409 haversi
1382 4350 1475 4412 nello

195 4442 366 4504 advenire
396 4441 572 4522 magiore3
607 4464 663 4506 ma
692 4446 825 4527 perche
856 4447 901 4510 ne
933 4450 992 4510 voi
1022 4452 1056 4512 lo
1080 4451 1260 4514 ricercasti
1286 4453 1414 4535 nequi
1438 4455 1474 4517 fu

197 4547 392 4619 advertito:
418 4548 462 4609 ne
487 4551 599 4611 anche
623 4552 710 4632 perh
736 4555 793 4615 del
809 4552 1015 4618 Caracciolo
1039 4557 1067 4619 si
1092 4557 1171 4621 fece
1189 4561 1367 4641 memoria,
1392 4564 1475 4625 ben·

198 4654 262 4716 che
291 4654 339 4716 lui
372 4654 407 4716 in
439 4665 565 4736 questa
596 4677 703 4719 causa
736 4658 771 4720 di
797 4659 930 4722 Luther
962 4683 1101 4744 sempre
1135 4666 1333 4748 preferisca
1358 4679 1393 4730 et
1417 4669 1476 4730 dia

199 4761 219 4823 l’
229 4762 363 4825 honore
387 4762 433 4823 ad
458 4762 526 4824 voi.
560 4761 746 4846 Seguitate
771 4787 838 4848 pur
863 4767 897 4828 di
924 4771 1017 4832 bono
1042 4772 1157 4834 animo
1174 4788 1210 4836 et
1224 4777 1476 4855 persuadetevi

1285 4881 1317 4933 ὗ*
