<?xml version="1.0" encoding="UTF-8"?>
<!DOCTYPE html PUBLIC "-//W3C//DTD XHTML 1.0 Transitional//EN"
    "http://www.w3.org/TR/xhtml1/DTD/xhtml1-transitional.dtd">
<html xmlns="http://www.w3.org/1999/xhtml" xml:lang="en" lang="en">
 <head>
  <title>
</title>
<meta http-equiv="Content-Type" content="text/html;charset=utf-8" />
  <meta name='ocr-system' content='tesseract 3.04.00' />
  <meta name='ocr-capabilities' content='ocr_page ocr_carea ocr_par ocr_line ocrx_word'/>
</head>
<body>
  <div class='ocr_page' id='page_1' title='image "./monumentareform00vatigoog_0020.png"; bbox 0 0 3330 5580; ppageno 0'>
   <div class='ocr_carea' id='block_1_1' title="bbox 679 426 943 486">
    <p class='ocr_par' dir='ltr' id='par_1_1' title="bbox 679 426 943 486">
     <span class='ocr_line' id='line_1_1' title="bbox 679 426 943 486; baseline 0 0"><span class='ocrx_word' id='word_1_1' title='bbox 679 428 737 486; x_wconf 49' lang='lat' dir='ltr'>aa]</span> <span class='ocrx_word' id='word_1_2' title='bbox 776 428 846 486; x_wconf 81' lang='lat' dir='ltr'>xnt</span> <span class='ocrx_word' id='word_1_3' title='bbox 885 426 943 486; x_wconf 52' lang='grc' dir='ltr'>Ἠ</span> 
     </span>
    </p>
   </div>
   <div class='ocr_carea' id='block_1_2' title="bbox 161 593 1464 4420">
    <p class='ocr_par' dir='ltr' id='par_1_2' title="bbox 161 593 1464 4420">
     <span class='ocr_line' id='line_1_2' title="bbox 161 593 1452 681; baseline -0.002 -20"><span class='ocrx_word' id='word_1_4' title='bbox 161 598 233 661; x_wconf 87' lang='lat' dir='ltr'>viri</span> <span class='ocrx_word' id='word_1_5' title='bbox 259 597 377 681; x_wconf 89' lang='lat' dir='ltr'>ipsum</span> <span class='ocrx_word' id='word_1_6' title='bbox 403 597 573 677; x_wconf 87' lang='lat' dir='ltr'>adierunt,</span> <span class='ocrx_word' id='word_1_7' title='bbox 602 609 636 660; x_wconf 90' lang='lat' dir='ltr'>et</span> <span class='ocrx_word' id='word_1_8' title='bbox 662 616 739 660; x_wconf 91' lang='lat' dir='ltr'>curn</span> <span class='ocrx_word' id='word_1_9' title='bbox 764 597 843 678; x_wconf 92' lang='lat' dir='ltr'>ipso</span> <span class='ocrx_word' id='word_1_10' title='bbox 868 597 1014 679; x_wconf 86' lang='lat' dir='ltr'>loquuti,</span> <span class='ocrx_word' id='word_1_11' title='bbox 1040 598 1151 660; x_wconf 91' lang='lat' dir='ltr'>verba</span> <span class='ocrx_word' id='word_1_12' title='bbox 1175 596 1267 660; x_wconf 89' lang='lat' dir='ltr'>illius</span> <span class='ocrx_word' id='word_1_13' title='bbox 1291 618 1356 679; x_wconf 89' lang='lat' dir='ltr'>per</span> <span class='ocrx_word' id='word_1_14' title='bbox 1372 593 1452 659; x_wconf 87' lang='lat' dir='ltr'>civi-</span> 
     </span>
     <span class='ocr_line' id='line_1_3' title="bbox 162 705 1452 785; baseline 0 -17"><span class='ocrx_word' id='word_1_15' title='bbox 162 717 281 769; x_wconf 85' lang='lat' dir='ltr'>tatem</span> <span class='ocrx_word' id='word_1_16' title='bbox 305 705 533 768; x_wconf 86' lang='lat' dir='ltr'>diffuderunt.</span> <span class='ocrx_word' id='word_1_17' title='bbox 582 705 718 785; x_wconf 76' lang='lat' dir='ltr'>Quibus</span> <span class='ocrx_word' id='word_1_18' title='bbox 735 707 843 766; x_wconf 89' lang='lat' dir='ltr'>rebus</span> <span class='ocrx_word' id='word_1_19' title='bbox 860 715 1041 785; x_wconf 89' lang='lat' dir='ltr'>permotus</span> <span class='ocrx_word' id='word_1_20' title='bbox 1059 706 1242 767; x_wconf 91' lang='lat' dir='ltr'>Aleander</span> <span class='ocrx_word' id='word_1_21' title='bbox 1257 705 1452 768; x_wconf 87' lang='lat' dir='ltr'>scribebat:</span> 
     </span>
     <span class='ocr_line' id='line_1_4' title="bbox 165 810 1452 893; baseline 0 -18"><span class='ocrx_word' id='word_1_22' title='bbox 165 812 288 893; x_wconf 83' lang='lat' dir='ltr'>„Quid</span> <span class='ocrx_word' id='word_1_23' title='bbox 313 833 407 876; x_wconf 90' lang='lat' dir='ltr'>nunc</span> <span class='ocrx_word' id='word_1_24' title='bbox 432 811 599 875; x_wconf 85' lang='lat' dir='ltr'>Pontifex</span> <span class='ocrx_word' id='word_1_25' title='bbox 626 810 730 887; x_wconf 90' lang='lat' dir='ltr'>dicet,</span> <span class='ocrx_word' id='word_1_26' title='bbox 755 811 824 873; x_wconf 93' lang='lat' dir='ltr'>imo</span> <span class='ocrx_word' id='word_1_27' title='bbox 842 811 1002 890; x_wconf 93' lang='lat' dir='ltr'>mundus,</span> <span class='ocrx_word' id='word_1_28' title='bbox 1028 813 1072 873; x_wconf 91' lang='lat' dir='ltr'>de</span> <span class='ocrx_word' id='word_1_29' title='bbox 1093 811 1304 875; x_wconf 90' lang='lat' dir='ltr'>auctoritate</span> <span class='ocrx_word' id='word_1_30' title='bbox 1321 811 1452 875; x_wconf 90' lang='lat' dir='ltr'>officio·</span> 
     </span>
     <span class='ocr_line' id='line_1_5' title="bbox 164 917 1454 1002; baseline -0.001 -20"><span class='ocrx_word' id='word_1_31' title='bbox 164 940 240 1002; x_wconf 87' lang='lat' dir='ltr'>que</span> <span class='ocrx_word' id='word_1_32' title='bbox 264 918 441 998; x_wconf 86' lang='lat' dir='ltr'>Caesaris,</span> <span class='ocrx_word' id='word_1_33' title='bbox 466 920 511 982; x_wconf 89' lang='lat' dir='ltr'>de</span> <span class='ocrx_word' id='word_1_34' title='bbox 536 918 698 995; x_wconf 85' lang='lat' dir='ltr'>decretis,</span> <span class='ocrx_word' id='word_1_35' title='bbox 725 919 769 980; x_wconf 91' lang='lat' dir='ltr'>de</span> <span class='ocrx_word' id='word_1_36' title='bbox 793 917 1087 999; x_wconf 84' lang='lat' dir='ltr'>promissionibus</span> <span class='ocrx_word' id='word_1_37' title='bbox 1111 922 1157 981; x_wconf 92' lang='lat' dir='ltr'>ab</span> <span class='ocrx_word' id='word_1_38' title='bbox 1181 918 1258 1001; x_wconf 91' lang='lat' dir='ltr'>ipso</span> <span class='ocrx_word' id='word_1_39' title='bbox 1275 919 1454 999; x_wconf 73' lang='lat' dir='ltr'>factis“?¹l</span> 
     </span>
     <span class='ocr_line' id='line_1_6' title="bbox 166 1024 1454 1105; baseline 0 -16"><span class='ocrx_word' id='word_1_40' title='bbox 166 1026 307 1090; x_wconf 85' lang='lat' dir='ltr'>Caesar</span> <span class='ocrx_word' id='word_1_41' title='bbox 331 1037 467 1105; x_wconf 89' lang='lat' dir='ltr'>tamen,</span> <span class='ocrx_word' id='word_1_42' title='bbox 498 1024 696 1087; x_wconf 89' lang='lat' dir='ltr'>firmissima</span> <span class='ocrx_word' id='word_1_43' title='bbox 728 1024 857 1086; x_wconf 90' lang='lat' dir='ltr'>virtute</span> <span class='ocrx_word' id='word_1_44' title='bbox 889 1026 1091 1086; x_wconf 87' lang='lat' dir='ltr'>mandatum</span> <span class='ocrx_word' id='word_1_45' title='bbox 1124 1026 1360 1088; x_wconf 85' lang='lat' dir='ltr'>damnationis</span> <span class='ocrx_word' id='word_1_46' title='bbox 1389 1027 1454 1089; x_wconf 93' lang='lat' dir='ltr'>Lu·</span> 
     </span>
     <span class='ocr_line' id='line_1_7' title="bbox 166 1131 1455 1217; baseline -0.001 -20"><span class='ocrx_word' id='word_1_47' title='bbox 166 1132 266 1197; x_wconf 90' lang='lat' dir='ltr'>theri</span> <span class='ocrx_word' id='word_1_48' title='bbox 290 1145 501 1217; x_wconf 91' lang='lat' dir='ltr'>paraverat;</span> <span class='ocrx_word' id='word_1_49' title='bbox 527 1143 610 1195; x_wconf 90' lang='lat' dir='ltr'>tunc</span> <span class='ocrx_word' id='word_1_50' title='bbox 628 1132 781 1194; x_wconf 85' lang='lat' dir='ltr'>maxima</span> <span class='ocrx_word' id='word_1_51' title='bbox 798 1131 990 1194; x_wconf 90' lang='lat' dir='ltr'>Lutherani</span> <span class='ocrx_word' id='word_1_52' title='bbox 1008 1131 1252 1213; x_wconf 83' lang='lat' dir='ltr'>indignatione</span> <span class='ocrx_word' id='word_1_53' title='bbox 1269 1146 1455 1216; x_wconf 90' lang='lat' dir='ltr'>concepta,</span> 
     </span>
     <span class='ocr_line' id='line_1_8' title="bbox 167 1238 1454 1304; baseline 0.001 -1"><span class='ocrx_word' id='word_1_54' title='bbox 167 1252 211 1304; x_wconf 91' lang='lat' dir='ltr'>ut</span> <span class='ocrx_word' id='word_1_55' title='bbox 246 1240 457 1303; x_wconf 83' lang='lat' dir='ltr'>orthodoxis</span> <span class='ocrx_word' id='word_1_56' title='bbox 488 1240 647 1302; x_wconf 91' lang='lat' dir='ltr'>timorem</span> <span class='ocrx_word' id='word_1_57' title='bbox 679 1238 880 1301; x_wconf 89' lang='lat' dir='ltr'>incuterent</span> <span class='ocrx_word' id='word_1_58' title='bbox 913 1247 948 1300; x_wconf 94' lang='lat' dir='ltr'>et</span> <span class='ocrx_word' id='word_1_59' title='bbox 976 1238 1134 1301; x_wconf 91' lang='lat' dir='ltr'>mandati</span> <span class='ocrx_word' id='word_1_60' title='bbox 1163 1240 1364 1303; x_wconf 87' lang='lat' dir='ltr'>executioni</span> <span class='ocrx_word' id='word_1_61' title='bbox 1396 1245 1454 1304; x_wconf 94' lang='lat' dir='ltr'>ob·</span> 
     </span>
     <span class='ocr_line' id='line_1_9' title="bbox 168 1346 1455 1430; baseline 0.001 -20"><span class='ocrx_word' id='word_1_62' title='bbox 168 1348 361 1425; x_wconf 85' lang='lat' dir='ltr'>sisterent,</span> <span class='ocrx_word' id='word_1_63' title='bbox 393 1347 596 1410; x_wconf 83' lang='lat' dir='ltr'>schedulam</span> <span class='ocrx_word' id='word_1_64' title='bbox 628 1347 673 1407; x_wconf 95' lang='lat' dir='ltr'>ad</span> <span class='ocrx_word' id='word_1_65' title='bbox 705 1365 803 1407; x_wconf 89' lang='lat' dir='ltr'>arma</span> <span class='ocrx_word' id='word_1_66' title='bbox 832 1348 1001 1427; x_wconf 90' lang='lat' dir='ltr'>populum</span> <span class='ocrx_word' id='word_1_67' title='bbox 1036 1346 1252 1409; x_wconf 83' lang='lat' dir='ltr'>excitantem</span> <span class='ocrx_word' id='word_1_68' title='bbox 1277 1350 1455 1430; x_wconf 90' lang='lat' dir='ltr'>appende·</span> 
     </span>
     <span class='ocr_line' id='line_1_10' title="bbox 169 1452 1455 1539; baseline 0.002 -22"><span class='ocrx_word' id='word_1_69' title='bbox 169 1453 297 1539; x_wconf 70' lang='lat' dir='ltr'>runt2).</span> <span class='ocrx_word' id='word_1_70' title='bbox 351 1455 542 1535; x_wconf 88' lang='lat' dir='ltr'>Postquam</span> <span class='ocrx_word' id='word_1_71' title='bbox 576 1452 799 1515; x_wconf 89' lang='lat' dir='ltr'>Universitas</span> <span class='ocrx_word' id='word_1_72' title='bbox 828 1452 1022 1514; x_wconf 89' lang='lat' dir='ltr'>studiorum</span> <span class='ocrx_word' id='word_1_73' title='bbox 1055 1453 1266 1517; x_wconf 89' lang='lat' dir='ltr'>Parisiensis</span> <span class='ocrx_word' id='word_1_74' title='bbox 1298 1456 1455 1537; x_wconf 92' lang='lat' dir='ltr'>proposi-</span> 
     </span>
     <span class='ocr_line' id='line_1_11' title="bbox 170 1558 1456 1644; baseline 0.001 -20"><span class='ocrx_word' id='word_1_75' title='bbox 170 1562 292 1625; x_wconf 88' lang='lat' dir='ltr'>tiones</span> <span class='ocrx_word' id='word_1_76' title='bbox 317 1561 462 1624; x_wconf 89' lang='lat' dir='ltr'>Lutheri</span> <span class='ocrx_word' id='word_1_77' title='bbox 494 1562 744 1638; x_wconf 87' lang='lat' dir='ltr'>damnaverat,</span> <span class='ocrx_word' id='word_1_78' title='bbox 780 1559 956 1621; x_wconf 86' lang='lat' dir='ltr'>lutherani</span> <span class='ocrx_word' id='word_1_79' title='bbox 985 1579 1050 1640; x_wconf 91' lang='lat' dir='ltr'>per</span> <span class='ocrx_word' id='word_1_80' title='bbox 1086 1558 1312 1623; x_wconf 84' lang='lat' dir='ltr'>Germaniam</span> <span class='ocrx_word' id='word_1_81' title='bbox 1348 1564 1456 1644; x_wconf 84' lang='lat' dir='ltr'>vulgo</span> 
     </span>
     <span class='ocr_line' id='line_1_12' title="bbox 171 1666 1456 1747; baseline 0.001 -16"><span class='ocrx_word' id='word_1_82' title='bbox 171 1668 455 1731; x_wconf 89' lang='lat' dir='ltr'>disseminabant</span> <span class='ocrx_word' id='word_1_83' title='bbox 484 1666 759 1730; x_wconf 89' lang='lat' dir='ltr'>Universitatem</span> <span class='ocrx_word' id='word_1_84' title='bbox 784 1666 880 1747; x_wconf 88' lang='lat' dir='ltr'>ipsas</span> <span class='ocrx_word' id='word_1_85' title='bbox 905 1669 1144 1747; x_wconf 86' lang='lat' dir='ltr'>approbasse,</span> <span class='ocrx_word' id='word_1_86' title='bbox 1170 1668 1297 1730; x_wconf 90' lang='lat' dir='ltr'>demtis</span> <span class='ocrx_word' id='word_1_87' title='bbox 1322 1680 1456 1732; x_wconf 93' lang='lat' dir='ltr'>tantum</span> 
     </span>
     <span class='ocr_line' id='line_1_13' title="bbox 171 1771 1457 1856; baseline 0 -18"><span class='ocrx_word' id='word_1_88' title='bbox 171 1778 314 1838; x_wconf 90' lang='lat' dir='ltr'>duabus</span> <span class='ocrx_word' id='word_1_89' title='bbox 338 1773 642 1856; x_wconf 90' lang='lat' dir='ltr'>propositionibus</span> <span class='ocrx_word' id='word_1_90' title='bbox 666 1771 826 1855; x_wconf 70' lang='lat' dir='ltr'>dubiisll.</span> <span class='ocrx_word' id='word_1_91' title='bbox 874 1773 1088 1854; x_wconf 80' lang='lat' dir='ltr'>Sparserant</span> <span class='ocrx_word' id='word_1_92' title='bbox 1114 1773 1219 1836; x_wconf 87' lang='lat' dir='ltr'>etiam</span> <span class='ocrx_word' id='word_1_93' title='bbox 1239 1775 1272 1836; x_wconf 94' lang='lat' dir='ltr'>in</span> <span class='ocrx_word' id='word_1_94' title='bbox 1299 1775 1457 1856; x_wconf 88' lang='lat' dir='ltr'>nuncios,</span> 
     </span>
     <span class='ocr_line' id='line_1_14' title="bbox 172 1879 1458 1966; baseline 0 -21"><span class='ocrx_word' id='word_1_95' title='bbox 172 1885 274 1966; x_wconf 89' lang='lat' dir='ltr'>ipsos</span> <span class='ocrx_word' id='word_1_96' title='bbox 298 1880 505 1961; x_wconf 86' lang='lat' dir='ltr'>Caesarem,</span> <span class='ocrx_word' id='word_1_97' title='bbox 537 1881 737 1959; x_wconf 85' lang='lat' dir='ltr'>consilium,</span> <span class='ocrx_word' id='word_1_98' title='bbox 771 1879 906 1942; x_wconf 92' lang='lat' dir='ltr'>aulicos</span> <span class='ocrx_word' id='word_1_99' title='bbox 938 1890 973 1942; x_wconf 93' lang='lat' dir='ltr'>et</span> <span class='ocrx_word' id='word_1_100' title='bbox 1004 1901 1126 1943; x_wconf 90' lang='lat' dir='ltr'>omnes</span> <span class='ocrx_word' id='word_1_101' title='bbox 1156 1881 1309 1961; x_wconf 89' lang='lat' dir='ltr'>pecunia</span> <span class='ocrx_word' id='word_1_102' title='bbox 1340 1883 1458 1945; x_wconf 91' lang='lat' dir='ltr'>venali</span> 
     </span>
     <span class='ocr_line' id='line_1_15' title="bbox 172 1986 1456 2070; baseline -0.002 -17"><span class='ocrx_word' id='word_1_103' title='bbox 172 1991 282 2053; x_wconf 90' lang='lat' dir='ltr'>modo</span> <span class='ocrx_word' id='word_1_104' title='bbox 320 1987 564 2070; x_wconf 84' lang='lat' dir='ltr'>captivasse⁴).</span> <span class='ocrx_word' id='word_1_105' title='bbox 621 1988 659 2049; x_wconf 95' lang='lat' dir='ltr'>In</span> <span class='ocrx_word' id='word_1_106' title='bbox 703 1987 818 2049; x_wconf 89' lang='lat' dir='ltr'>reditu</span> <span class='ocrx_word' id='word_1_107' title='bbox 859 2007 922 2048; x_wconf 89' lang='lat' dir='ltr'>suo</span> <span class='ocrx_word' id='word_1_108' title='bbox 964 1986 1140 2049; x_wconf 78' lang='lat' dir='ltr'>lutherus</span> <span class='ocrx_word' id='word_1_109' title='bbox 1172 2007 1250 2050; x_wconf 89' lang='lat' dir='ltr'>sese</span> <span class='ocrx_word' id='word_1_110' title='bbox 1281 1987 1313 2050; x_wconf 93' lang='lat' dir='ltr'>in</span> <span class='ocrx_word' id='word_1_111' title='bbox 1340 2009 1456 2051; x_wconf 88' lang='lat' dir='ltr'>arcem</span> 
     </span>
     <span class='ocr_line' id='line_1_16' title="bbox 173 2094 1459 2177; baseline -0.002 -17"><span class='ocrx_word' id='word_1_112' title='bbox 173 2096 403 2174; x_wconf 90' lang='lat' dir='ltr'>tutissimam,</span> <span class='ocrx_word' id='word_1_113' title='bbox 439 2107 576 2158; x_wconf 89' lang='lat' dir='ltr'>secreta</span> <span class='ocrx_word' id='word_1_114' title='bbox 612 2094 782 2158; x_wconf 87' lang='lat' dir='ltr'>Friderici</span> <span class='ocrx_word' id='word_1_115' title='bbox 807 2095 917 2156; x_wconf 89' lang='lat' dir='ltr'>Ducis</span> <span class='ocrx_word' id='word_1_116' title='bbox 942 2115 1069 2176; x_wconf 89' lang='lat' dir='ltr'>opera,</span> <span class='ocrx_word' id='word_1_117' title='bbox 1095 2105 1297 2177; x_wconf 80' lang='lat' dir='ltr'>receperat:</span> <span class='ocrx_word' id='word_1_118' title='bbox 1323 2108 1360 2157; x_wconf 90' lang='lat' dir='ltr'>at</span> <span class='ocrx_word' id='word_1_119' title='bbox 1384 2097 1459 2158; x_wconf 91' lang='lat' dir='ltr'>eius</span> 
     </span>
     <span class='ocr_line' id='line_1_17' title="bbox 175 2201 1460 2284; baseline 0 -17"><span class='ocrx_word' id='word_1_120' title='bbox 175 2204 337 2268; x_wconf 84' lang='lat' dir='ltr'>fautores</span> <span class='ocrx_word' id='word_1_121' title='bbox 371 2202 595 2266; x_wconf 89' lang='lat' dir='ltr'>interfectum</span> <span class='ocrx_word' id='word_1_122' title='bbox 629 2223 650 2263; x_wconf 92' lang='lat' dir='ltr'>a</span> <span class='ocrx_word' id='word_1_123' title='bbox 687 2201 870 2263; x_wconf 83' lang='lat' dir='ltr'>catholicis</span> <span class='ocrx_word' id='word_1_124' title='bbox 906 2201 1176 2284; x_wconf 89' lang='lat' dir='ltr'>praedicarunt,</span> <span class='ocrx_word' id='word_1_125' title='bbox 1214 2205 1383 2284; x_wconf 92' lang='lat' dir='ltr'>populum</span> <span class='ocrx_word' id='word_1_126' title='bbox 1425 2216 1460 2267; x_wconf 90' lang='lat' dir='ltr'>et</span> 
     </span>
     <span class='ocr_line' id='line_1_18' title="bbox 176 2307 1459 2392; baseline -0.002 -18"><span class='ocrx_word' id='word_1_127' title='bbox 176 2313 295 2374; x_wconf 89' lang='lat' dir='ltr'>aulam</span> <span class='ocrx_word' id='word_1_128' title='bbox 319 2309 432 2392; x_wconf 87' lang='lat' dir='ltr'>ipsam</span> <span class='ocrx_word' id='word_1_129' title='bbox 457 2309 491 2371; x_wconf 92' lang='lat' dir='ltr'>in</span> <span class='ocrx_word' id='word_1_130' title='bbox 517 2307 719 2390; x_wconf 88' lang='lat' dir='ltr'>pontificios</span> <span class='ocrx_word' id='word_1_131' title='bbox 744 2309 977 2385; x_wconf 90' lang='lat' dir='ltr'>concitarunt,</span> <span class='ocrx_word' id='word_1_132' title='bbox 1003 2308 1150 2370; x_wconf 91' lang='lat' dir='ltr'>nuncios</span> <span class='ocrx_word' id='word_1_133' title='bbox 1174 2309 1305 2390; x_wconf 90' lang='lat' dir='ltr'>primo,</span> <span class='ocrx_word' id='word_1_134' title='bbox 1331 2311 1459 2372; x_wconf 89' lang='lat' dir='ltr'>deinde</span> 
     </span>
     <span class='ocr_line' id='line_1_19' title="bbox 176 2413 1414 2500; baseline 0 -19"><span class='ocrx_word' id='word_1_135' title='bbox 176 2420 411 2500; x_wconf 90' lang='lat' dir='ltr'>presbyteros</span> <span class='ocrx_word' id='word_1_136' title='bbox 435 2436 557 2477; x_wconf 90' lang='lat' dir='ltr'>omnes</span> <span class='ocrx_word' id='word_1_137' title='bbox 582 2414 776 2477; x_wconf 89' lang='lat' dir='ltr'>catholicos</span> <span class='ocrx_word' id='word_1_138' title='bbox 801 2413 1016 2478; x_wconf 88' lang='lat' dir='ltr'>occidendos</span> <span class='ocrx_word' id='word_1_139' title='bbox 1041 2436 1119 2477; x_wconf 90' lang='lat' dir='ltr'>esse</span> <span class='ocrx_word' id='word_1_140' title='bbox 1144 2415 1414 2498; x_wconf 63' lang='lat' dir='ltr'>inclamantesi).</span> 
     </span>
     <span class='ocr_line' id='line_1_20' title="bbox 268 2520 1458 2602; baseline 0 -16"><span class='ocrx_word' id='word_1_141' title='bbox 268 2523 349 2586; x_wconf 82' lang='lat' dir='ltr'>Non</span> <span class='ocrx_word' id='word_1_142' title='bbox 373 2522 641 2585; x_wconf 86' lang='lat' dir='ltr'>reformatorem</span> <span class='ocrx_word' id='word_1_143' title='bbox 666 2520 860 2601; x_wconf 82' lang='lat' dir='ltr'>religionis,</span> <span class='ocrx_word' id='word_1_144' title='bbox 886 2531 960 2583; x_wconf 88' lang='lat' dir='ltr'>erat</span> <span class='ocrx_word' id='word_1_145' title='bbox 986 2521 1077 2583; x_wconf 88' lang='lat' dir='ltr'>enim</span> <span class='ocrx_word' id='word_1_146' title='bbox 1102 2523 1220 2602; x_wconf 92' lang='lat' dir='ltr'>potius</span> <span class='ocrx_word' id='word_1_147' title='bbox 1245 2525 1458 2593; x_wconf 87' lang='lat' dir='ltr'>destructor:</span> 
     </span>
     <span class='ocr_line' id='line_1_21' title="bbox 177 2628 1460 2709; baseline 0 -15"><span class='ocrx_word' id='word_1_148' title='bbox 177 2652 250 2696; x_wconf 91' lang='lat' dir='ltr'>non</span> <span class='ocrx_word' id='word_1_149' title='bbox 276 2631 387 2693; x_wconf 87' lang='lat' dir='ltr'>virum</span> <span class='ocrx_word' id='word_1_150' title='bbox 412 2631 553 2692; x_wconf 91' lang='lat' dir='ltr'>doctum</span> <span class='ocrx_word' id='word_1_151' title='bbox 579 2640 613 2691; x_wconf 91' lang='lat' dir='ltr'>et</span> <span class='ocrx_word' id='word_1_152' title='bbox 638 2628 743 2709; x_wconf 91' lang='lat' dir='ltr'>pium,</span> <span class='ocrx_word' id='word_1_153' title='bbox 769 2630 850 2690; x_wconf 91' lang='lat' dir='ltr'>dum</span> <span class='ocrx_word' id='word_1_154' title='bbox 876 2628 1036 2690; x_wconf 70' lang='lat' dir='ltr'>‹rmnibus</span> <span class='ocrx_word' id='word_1_155' title='bbox 1055 2640 1138 2691; x_wconf 92' lang='lat' dir='ltr'>nota</span> <span class='ocrx_word' id='word_1_156' title='bbox 1161 2630 1248 2691; x_wconf 93' lang='lat' dir='ltr'>vitia</span> <span class='ocrx_word' id='word_1_157' title='bbox 1272 2631 1363 2701; x_wconf 79' lang='lat' dir='ltr'>eius:</span> <span class='ocrx_word' id='word_1_158' title='bbox 1390 2653 1460 2694; x_wconf 91' lang='lat' dir='ltr'>non</span> 
     </span>
     <span class='ocr_line' id='line_1_22' title="bbox 178 2735 1461 2820; baseline 0 -20"><span class='ocrx_word' id='word_1_159' title='bbox 178 2739 334 2820; x_wconf 80' lang='lat' dir='ltr'>(lenique</span> <span class='ocrx_word' id='word_1_160' title='bbox 359 2737 543 2819; x_wconf 86' lang='lat' dir='ltr'>egregium</span> <span class='ocrx_word' id='word_1_161' title='bbox 568 2736 777 2818; x_wconf 88' lang='lat' dir='ltr'>scriptorem</span> <span class='ocrx_word' id='word_1_162' title='bbox 805 2735 996 2797; x_wconf 91' lang='lat' dir='ltr'>Martinum</span> <span class='ocrx_word' id='word_1_163' title='bbox 1028 2738 1181 2818; x_wconf 93' lang='lat' dir='ltr'>populus</span> <span class='ocrx_word' id='word_1_164' title='bbox 1213 2750 1247 2799; x_wconf 90' lang='lat' dir='ltr'>et</span> <span class='ocrx_word' id='word_1_165' title='bbox 1283 2738 1461 2820; x_wconf 76' lang='lat' dir='ltr'>principes</span> 
     </span>
     <span class='ocr_line' id='line_1_23' title="bbox 179 2844 1459 2925; baseline -0.002 -15"><span class='ocrx_word' id='word_1_166' title='bbox 179 2845 451 2915; x_wconf 84' lang='lat' dir='ltr'>existimabant;</span> <span class='ocrx_word' id='word_1_167' title='bbox 488 2845 552 2906; x_wconf 89' lang='lat' dir='ltr'>sed</span> <span class='ocrx_word' id='word_1_168' title='bbox 587 2845 724 2906; x_wconf 92' lang='lat' dir='ltr'>hostem</span> <span class='ocrx_word' id='word_1_169' title='bbox 756 2844 914 2922; x_wconf 89' lang='lat' dir='ltr'>Romae,</span> <span class='ocrx_word' id='word_1_170' title='bbox 946 2845 1009 2906; x_wconf 88' lang='lat' dir='ltr'>sed</span> <span class='ocrx_word' id='word_1_171' title='bbox 1042 2844 1111 2905; x_wconf 91' lang='lat' dir='ltr'>odii</span> <span class='ocrx_word' id='word_1_172' title='bbox 1137 2844 1330 2925; x_wconf 85' lang='lat' dir='ltr'>germanici</span> <span class='ocrx_word' id='word_1_173' title='bbox 1356 2845 1459 2908; x_wconf 89' lang='lat' dir='ltr'>inter·</span> 
     </span>
     <span class='ocr_line' id='line_1_24' title="bbox 177 2950 1460 3035; baseline 0 -20"><span class='ocrx_word' id='word_1_174' title='bbox 177 2963 329 3035; x_wconf 86' lang='lat' dir='ltr'>pretem,</span> <span class='ocrx_word' id='word_1_175' title='bbox 364 2953 427 3014; x_wconf 90' lang='lat' dir='ltr'>sed</span> <span class='ocrx_word' id='word_1_176' title='bbox 470 2951 731 3031; x_wconf 91' lang='lat' dir='ltr'>quodammodo</span> <span class='ocrx_word' id='word_1_177' title='bbox 772 2950 940 3012; x_wconf 88' lang='lat' dir='ltr'>vexillum</span> <span class='ocrx_word' id='word_1_178' title='bbox 982 2950 1187 3013; x_wconf 87' lang='lat' dir='ltr'>rebellionis</span> <span class='ocrx_word' id='word_1_179' title='bbox 1212 2961 1247 3013; x_wconf 91' lang='lat' dir='ltr'>et</span> <span class='ocrx_word' id='word_1_180' title='bbox 1286 2952 1460 3015; x_wconf 85' lang='lat' dir='ltr'>licentiae.</span> 
     </span>
     <span class='ocr_line' id='line_1_25' title="bbox 271 3056 1462 3140; baseline 0.001 -20"><span class='ocrx_word' id='word_1_181' title='bbox 271 3058 350 3120; x_wconf 77' lang='lat' dir='ltr'>Non</span> <span class='ocrx_word' id='word_1_182' title='bbox 376 3078 497 3120; x_wconf 89' lang='lat' dir='ltr'>omnes</span> <span class='ocrx_word' id='word_1_183' title='bbox 522 3059 631 3120; x_wconf 89' lang='lat' dir='ltr'>libros</span> <span class='ocrx_word' id='word_1_184' title='bbox 656 3057 714 3138; x_wconf 93' lang='lat' dir='ltr'>qui</span> <span class='ocrx_word' id='word_1_185' title='bbox 740 3057 884 3119; x_wconf 89' lang='lat' dir='ltr'>Lutheri</span> <span class='ocrx_word' id='word_1_186' title='bbox 911 3077 1037 3119; x_wconf 90' lang='lat' dir='ltr'>nomen</span> <span class='ocrx_word' id='word_1_187' title='bbox 1069 3056 1102 3119; x_wconf 93' lang='lat' dir='ltr'>in</span> <span class='ocrx_word' id='word_1_188' title='bbox 1134 3058 1251 3121; x_wconf 90' lang='lat' dir='ltr'>fronte</span> <span class='ocrx_word' id='word_1_189' title='bbox 1287 3062 1462 3140; x_wconf 84' lang='lat' dir='ltr'>gerebant</span> 
     </span>
     <span class='ocr_line' id='line_1_26' title="bbox 181 3165 1461 3245; baseline -0.004 -15"><span class='ocrx_word' id='word_1_190' title='bbox 181 3168 358 3230; x_wconf 84' lang='lat' dir='ltr'>Lutherus</span> <span class='ocrx_word' id='word_1_191' title='bbox 397 3165 605 3245; x_wconf 86' lang='lat' dir='ltr'>scripserat;</span> <span class='ocrx_word' id='word_1_192' title='bbox 647 3167 714 3227; x_wconf 92' lang='lat' dir='ltr'>hoc</span> <span class='ocrx_word' id='word_1_193' title='bbox 754 3165 897 3245; x_wconf 89' lang='lat' dir='ltr'>publice</span> <span class='ocrx_word' id='word_1_194' title='bbox 935 3167 1143 3244; x_wconf 90' lang='lat' dir='ltr'>notabatur,</span> <span class='ocrx_word' id='word_1_195' title='bbox 1184 3168 1251 3228; x_wconf 89' lang='lat' dir='ltr'>hoc</span> <span class='ocrx_word' id='word_1_196' title='bbox 1287 3167 1461 3228; x_wconf 84' lang='lat' dir='ltr'>Martinus</span> 
     </span>
     <span class='ocr_line' id='line_1_27' title="bbox 179 3271 1461 3353; baseline -0.002 -17"><span class='ocrx_word' id='word_1_197' title='bbox 179 3272 385 3337; x_wconf 79' lang='lat' dir='ltr'>&#39;l&#39;revirensi</span> <span class='ocrx_word' id='word_1_198' title='bbox 410 3272 555 3334; x_wconf 90' lang='lat' dir='ltr'>electori</span> <span class='ocrx_word' id='word_1_199' title='bbox 580 3271 781 3349; x_wconf 82' lang='lat' dir='ltr'>fatebatur,</span> <span class='ocrx_word' id='word_1_200' title='bbox 807 3272 1026 3352; x_wconf 83' lang='lat' dir='ltr'>subiungens</span> <span class='ocrx_word' id='word_1_201' title='bbox 1050 3273 1156 3352; x_wconf 90' lang='lat' dir='ltr'>quod,</span> <span class='ocrx_word' id='word_1_202' title='bbox 1181 3273 1208 3333; x_wconf 90' lang='lat' dir='ltr'>si</span> <span class='ocrx_word' id='word_1_203' title='bbox 1240 3273 1316 3353; x_wconf 89' lang='lat' dir='ltr'>ipse</span> <span class='ocrx_word' id='word_1_204' title='bbox 1352 3274 1461 3336; x_wconf 86' lang='lat' dir='ltr'>libros</span> 
     </span>
     <span class='ocr_line' id='line_1_28' title="bbox 181 3378 1462 3461; baseline -0.001 -18"><span class='ocrx_word' id='word_1_205' title='bbox 181 3391 219 3444; x_wconf 87' lang='lat' dir='ltr'>et</span> <span class='ocrx_word' id='word_1_206' title='bbox 235 3379 414 3442; x_wconf 88' lang='lat' dir='ltr'>doctrinas</span> <span class='ocrx_word' id='word_1_207' title='bbox 429 3390 643 3458; x_wconf 90' lang='lat' dir='ltr'>revocasset,</span> <span class='ocrx_word' id='word_1_208' title='bbox 661 3382 846 3460; x_wconf 88' lang='lat' dir='ltr'>plusquam</span> <span class='ocrx_word' id='word_1_209' title='bbox 865 3378 989 3460; x_wconf 83' lang='lat' dir='ltr'>viginti</span> <span class='ocrx_word' id='word_1_210' title='bbox 1008 3379 1241 3441; x_wconf 89' lang='lat' dir='ltr'>succederent</span> <span class='ocrx_word' id='word_1_211' title='bbox 1257 3380 1315 3460; x_wconf 82' lang='lat' dir='ltr'>qui</span> <span class='ocrx_word' id='word_1_212' title='bbox 1340 3381 1462 3461; x_wconf 87' lang='lat' dir='ltr'>peiora</span> 
     </span>
     <span class='ocr_line' id='line_1_29' title="bbox 181 3485 1461 3567; baseline 0.001 -18"><span class='ocrx_word' id='word_1_213' title='bbox 181 3497 219 3549; x_wconf 88' lang='lat' dir='ltr'>et</span> <span class='ocrx_word' id='word_1_214' title='bbox 244 3486 402 3548; x_wconf 83' lang='lat' dir='ltr'>dicerent</span> <span class='ocrx_word' id='word_1_215' title='bbox 427 3496 461 3547; x_wconf 88' lang='lat' dir='ltr'>et</span> <span class='ocrx_word' id='word_1_216' title='bbox 486 3486 696 3564; x_wconf 71' lang='lat' dir='ltr'>docerentl).</span> <span class='ocrx_word' id='word_1_217' title='bbox 745 3485 882 3567; x_wconf 85' lang='lat' dir='ltr'>Viginti</span> <span class='ocrx_word' id='word_1_218' title='bbox 907 3485 964 3546; x_wconf 90' lang='lat' dir='ltr'>isti</span> <span class='ocrx_word' id='word_1_219' title='bbox 989 3496 1090 3548; x_wconf 90' lang='lat' dir='ltr'>erant</span> <span class='ocrx_word' id='word_1_220' title='bbox 1114 3507 1158 3547; x_wconf 81' lang='lat' dir='ltr'>ex</span> <span class='ocrx_word' id='word_1_221' title='bbox 1180 3487 1461 3550; x_wconf 87' lang='lat' dir='ltr'>academicorum</span> 
     </span>
     <span class='ocr_line' id='line_1_30' title="bbox 181 3590 1461 3674; baseline -0.001 -19"><span class='ocrx_word' id='word_1_222' title='bbox 181 3612 348 3663; x_wconf 85' lang='lat' dir='ltr'>numero;</span> <span class='ocrx_word' id='word_1_223' title='bbox 383 3593 416 3654; x_wconf 94' lang='lat' dir='ltr'>in</span> <span class='ocrx_word' id='word_1_224' title='bbox 447 3590 638 3653; x_wconf 79' lang='lat' dir='ltr'>Germania</span> <span class='ocrx_word' id='word_1_225' title='bbox 670 3592 761 3653; x_wconf 92' lang='lat' dir='ltr'>enim</span> <span class='ocrx_word' id='word_1_226' title='bbox 793 3591 938 3654; x_wconf 90' lang='lat' dir='ltr'>litterati</span> <span class='ocrx_word' id='word_1_227' title='bbox 971 3591 1034 3652; x_wconf 90' lang='lat' dir='ltr'>viri</span> <span class='ocrx_word' id='word_1_228' title='bbox 1069 3613 1161 3654; x_wconf 82' lang='lat' dir='ltr'>nova</span> <span class='ocrx_word' id='word_1_229' title='bbox 1196 3594 1347 3674; x_wconf 88' lang='lat' dir='ltr'>quadarn</span> <span class='ocrx_word' id='word_1_230' title='bbox 1373 3593 1461 3655; x_wconf 88' lang='lat' dir='ltr'>litte-</span> 
     </span>
     <span class='ocr_line' id='line_1_31' title="bbox 182 3699 1462 3780; baseline 0 -18"><span class='ocrx_word' id='word_1_231' title='bbox 182 3719 299 3762; x_wconf 88' lang='lat' dir='ltr'>rarum</span> <span class='ocrx_word' id='word_1_232' title='bbox 325 3699 545 3779; x_wconf 87' lang='lat' dir='ltr'>antiquarum</span> <span class='ocrx_word' id='word_1_233' title='bbox 572 3699 850 3760; x_wconf 86' lang='lat' dir='ltr'>ressurrectione</span> <span class='ocrx_word' id='word_1_234' title='bbox 875 3699 974 3776; x_wconf 84' lang='lat' dir='ltr'>elati,</span> <span class='ocrx_word' id='word_1_235' title='bbox 1004 3699 1213 3780; x_wconf 83' lang='lat' dir='ltr'>gentilitatis</span> <span class='ocrx_word' id='word_1_236' title='bbox 1238 3699 1343 3762; x_wconf 85' lang='lat' dir='ltr'>flores</span> <span class='ocrx_word' id='word_1_237' title='bbox 1375 3701 1462 3762; x_wconf 93' lang='lat' dir='ltr'>chri·</span> 
     </span>
     <span class='ocr_line' id='line_1_32' title="bbox 182 3805 1463 3886; baseline 0.002 -20"><span class='ocrx_word' id='word_1_238' title='bbox 182 3805 308 3867; x_wconf 83' lang='lat' dir='ltr'>stianis</span> <span class='ocrx_word' id='word_1_239' title='bbox 333 3806 506 3867; x_wconf 83' lang='lat' dir='ltr'>fructibus</span> <span class='ocrx_word' id='word_1_240' title='bbox 524 3805 787 3873; x_wconf 86' lang='lat' dir='ltr'>anteferebant:</span> <span class='ocrx_word' id='word_1_241' title='bbox 816 3805 1120 3886; x_wconf 89' lang='lat' dir='ltr'>„morosissimum,</span> <span class='ocrx_word' id='word_1_242' title='bbox 1146 3818 1183 3869; x_wconf 90' lang='lat' dir='ltr'>ut</span> <span class='ocrx_word' id='word_1_243' title='bbox 1206 3807 1254 3869; x_wconf 87' lang='lat' dir='ltr'>ait</span> <span class='ocrx_word' id='word_1_244' title='bbox 1273 3808 1463 3881; x_wconf 84' lang='lat' dir='ltr'>Aleander,</span> 
     </span>
     <span class='ocr_line' id='line_1_33' title="bbox 183 3912 1463 3994; baseline 0.002 -20"><span class='ocrx_word' id='word_1_245' title='bbox 183 3912 505 3993; x_wconf 73' lang='lat' dir='ltr'>grammatistarum</span> <span class='ocrx_word' id='word_1_246' title='bbox 551 3924 585 3974; x_wconf 91' lang='lat' dir='ltr'>et</span> <span class='ocrx_word' id='word_1_247' title='bbox 629 3912 885 3994; x_wconf 90' lang='lat' dir='ltr'>poeticulorum</span> <span class='ocrx_word' id='word_1_248' title='bbox 926 3933 1040 3993; x_wconf 84' lang='lat' dir='ltr'>genus</span> <span class='ocrx_word' id='word_1_249' title='bbox 1081 3933 1229 3994; x_wconf 92' lang='lat' dir='ltr'>quorum</span> <span class='ocrx_word' id='word_1_250' title='bbox 1274 3915 1463 3977; x_wconf 75' lang='lat' dir='ltr'>Germania</span> 
     </span>
     <span class='ocr_line' id='line_1_34' title="bbox 183 4019 1463 4101; baseline 0.002 -20"><span class='ocrx_word' id='word_1_251' title='bbox 183 4019 389 4101; x_wconf 86' lang='lat' dir='ltr'>plenissima</span> <span class='ocrx_word' id='word_1_252' title='bbox 422 4031 494 4090; x_wconf 90' lang='lat' dir='ltr'>est;</span> <span class='ocrx_word' id='word_1_253' title='bbox 526 4019 561 4081; x_wconf 93' lang='lat' dir='ltr'>hi</span> <span class='ocrx_word' id='word_1_254' title='bbox 594 4031 676 4081; x_wconf 93' lang='lat' dir='ltr'>tunc</span> <span class='ocrx_word' id='word_1_255' title='bbox 708 4021 846 4081; x_wconf 87' lang='lat' dir='ltr'>demum</span> <span class='ocrx_word' id='word_1_256' title='bbox 886 4029 1011 4099; x_wconf 89' lang='lat' dir='ltr'>putant</span> <span class='ocrx_word' id='word_1_257' title='bbox 1045 4040 1083 4081; x_wconf 91' lang='lat' dir='ltr'>se</span> <span class='ocrx_word' id='word_1_258' title='bbox 1116 4020 1238 4082; x_wconf 90' lang='lat' dir='ltr'>haberi</span> <span class='ocrx_word' id='word_1_259' title='bbox 1270 4022 1394 4083; x_wconf 89' lang='lat' dir='ltr'>doctos</span> <span class='ocrx_word' id='word_1_260' title='bbox 1428 4034 1463 4084; x_wconf 89' lang='lat' dir='ltr'>et</span> 
     </span>
     <span class='ocr_line' id='line_1_35' title="bbox 183 4124 1462 4208; baseline 0.002 -20"><span class='ocrx_word' id='word_1_261' title='bbox 183 4127 393 4208; x_wconf 87' lang='lat' dir='ltr'>praesertim</span> <span class='ocrx_word' id='word_1_262' title='bbox 419 4146 549 4206; x_wconf 78' lang='lat' dir='ltr'>graece</span> <span class='ocrx_word' id='word_1_263' title='bbox 574 4127 716 4206; x_wconf 92' lang='lat' dir='ltr'>quando</span> <span class='ocrx_word' id='word_1_264' title='bbox 741 4124 952 4207; x_wconf 84' lang='lat' dir='ltr'>profitentur</span> <span class='ocrx_word' id='word_1_265' title='bbox 977 4147 1015 4188; x_wconf 90' lang='lat' dir='ltr'>se</span> <span class='ocrx_word' id='word_1_266' title='bbox 1040 4126 1226 4188; x_wconf 90' lang='lat' dir='ltr'>dissentire</span> <span class='ocrx_word' id='word_1_267' title='bbox 1252 4149 1273 4188; x_wconf 92' lang='lat' dir='ltr'>a</span> <span class='ocrx_word' id='word_1_268' title='bbox 1290 4129 1462 4191; x_wconf 76' lang='lat' dir='ltr'>communi</span> 
     </span>
     <span class='ocr_line' id='line_1_36' title="bbox 185 4230 1464 4309; baseline 0.001 -14"><span class='ocrx_word' id='word_1_269' title='bbox 185 4233 368 4295; x_wconf 78' lang='lat' dir='ltr'>Ecclesiae</span> <span class='ocrx_word' id='word_1_270' title='bbox 392 4233 478 4294; x_wconf 61' lang='lat' dir='ltr'>via:</span> <span class='ocrx_word' id='word_1_271' title='bbox 530 4232 572 4294; x_wconf 81' lang='lat' dir='ltr'>Et</span> <span class='ocrx_word' id='word_1_272' title='bbox 599 4232 699 4294; x_wconf 86' lang='lat' dir='ltr'>alibi:</span> <span class='ocrx_word' id='word_1_273' title='bbox 734 4230 852 4309; x_wconf 82' lang='lat' dir='ltr'>,Sicut</span> <span class='ocrx_word' id='word_1_274' title='bbox 877 4252 984 4293; x_wconf 85' lang='lat' dir='ltr'>canes·</span> <span class='ocrx_word' id='word_1_275' title='bbox 1009 4232 1122 4293; x_wconf 89' lang='lat' dir='ltr'>rabidi</span> <span class='ocrx_word' id='word_1_276' title='bbox 1148 4234 1275 4294; x_wconf 86' lang='lat' dir='ltr'>litteris</span> <span class='ocrx_word' id='word_1_277' title='bbox 1299 4247 1334 4295; x_wconf 86' lang='lat' dir='ltr'>et</span> <span class='ocrx_word' id='word_1_278' title='bbox 1359 4235 1464 4296; x_wconf 80' lang='lat' dir='ltr'>armis</span> 
     </span>
     <span class='ocr_line' id='line_1_37' title="bbox 185 4338 1462 4420; baseline 0.002 -19"><span class='ocrx_word' id='word_1_279' title='bbox 185 4339 358 4418; x_wconf 86' lang='lat' dir='ltr'>instructi,</span> <span class='ocrx_word' id='word_1_280' title='bbox 384 4339 535 4402; x_wconf 78' lang='lat' dir='ltr'>maxime</span> <span class='ocrx_word' id='word_1_281' title='bbox 559 4339 758 4420; x_wconf 82' lang='lat' dir='ltr'>gloriantur</span> <span class='ocrx_word' id='word_1_282' title='bbox 784 4339 877 4419; x_wconf 84' lang='lat' dir='ltr'>quod</span> <span class='ocrx_word' id='word_1_283' title='bbox 903 4338 970 4399; x_wconf 87' lang='lat' dir='ltr'>iam</span> <span class='ocrx_word' id='word_1_284' title='bbox 996 4360 1064 4400; x_wconf 91' lang='lat' dir='ltr'>non</span> <span class='ocrx_word' id='word_1_285' title='bbox 1086 4340 1219 4401; x_wconf 82' lang='lat' dir='ltr'>hestiae</span> <span class='ocrx_word' id='word_1_286' title='bbox 1236 4341 1323 4401; x_wconf 84' lang='lat' dir='ltr'>sicut</span> <span class='ocrx_word' id='word_1_287' title='bbox 1342 4362 1462 4404; x_wconf 81' lang='lat' dir='ltr'>eorum</span> 
     </span>
    </p>
   </div>
   <div class='ocr_carea' id='block_1_3' title="bbox 260 4543 1316 4854">
    <p class='ocr_par' dir='ltr' id='par_1_3' title="bbox 262 4543 1073 4607">
     <span class='ocr_line' id='line_1_38' title="bbox 262 4543 1073 4607; baseline -0.001 -14"><span class='ocrx_word' id='word_1_288' title='bbox 262 4544 279 4606; x_wconf 69' lang='lat'>¹)</span> <span class='ocrx_word' id='word_1_289' title='bbox 301 4547 411 4593; x_wconf 81' lang='lat' dir='ltr'>llornm.</span> <span class='ocrx_word' id='word_1_290' title='bbox 432 4545 474 4599; x_wconf 81' lang='lat'>62,</span> <span class='ocrx_word' id='word_1_291' title='bbox 495 4544 540 4592; x_wconf 84' lang='lat' dir='ltr'>fol.</span> <span class='ocrx_word' id='word_1_292' title='bbox 567 4546 611 4606; x_wconf 73' lang='grc'>165</span> <span class='ocrx_word' id='word_1_293' title='bbox 633 4551 658 4592; x_wconf 87' lang='lat' dir='ltr'>et</span> <span class='ocrx_word' id='word_1_294' title='bbox 678 4545 781 4592; x_wconf 74' lang='lat' dir='ltr'>«locum.</span> <span class='ocrx_word' id='word_1_295' title='bbox 802 4545 844 4605; x_wconf 74' lang='lat'>04.</span> <span class='ocrx_word' id='word_1_296' title='bbox 866 4543 912 4598; x_wconf 85' lang='lat' dir='ltr'>fol.</span> <span class='ocrx_word' id='word_1_297' title='bbox 938 4556 993 4606; x_wconf 81' lang='lat'>170,</span> <span class='ocrx_word' id='word_1_298' title='bbox 1017 4557 1073 4607; x_wconf 71' lang='lat'>171.</span> 
     </span>
    </p>

    <p class='ocr_par' dir='ltr' id='par_1_4' title="bbox 261 4622 1235 4692">
     <span class='ocr_line' id='line_1_39' title="bbox 261 4622 1235 4692; baseline 0 -20"><span class='ocrx_word' id='word_1_299' title='bbox 261 4628 282 4692; x_wconf 70' lang='lat' dir='ltr'>l)</span> <span class='ocrx_word' id='word_1_300' title='bbox 303 4628 413 4674; x_wconf 86' lang='lat' dir='ltr'>Ducum.</span> <span class='ocrx_word' id='word_1_301' title='bbox 434 4638 476 4688; x_wconf 74' lang='lat'>74.</span> <span class='ocrx_word' id='word_1_302' title='bbox 497 4626 543 4677; x_wconf 82' lang='lat' dir='ltr'>fol.</span> <span class='ocrx_word' id='word_1_303' title='bbox 567 4638 623 4685; x_wconf 65' lang='lat'>193.</span> <span class='ocrx_word' id='word_1_304' title='bbox 875 4622 894 4683; x_wconf 72' lang='lat'>³)</span> <span class='ocrx_word' id='word_1_305' title='bbox 916 4627 1025 4672; x_wconf 85' lang='lat' dir='ltr'>Ducum.</span> <span class='ocrx_word' id='word_1_306' title='bbox 1047 4628 1088 4673; x_wconf 72' lang='lat' dir='ltr'>liu.</span> <span class='ocrx_word' id='word_1_307' title='bbox 1110 4626 1155 4676; x_wconf 80' lang='lat' dir='ltr'>[ol.</span> <span class='ocrx_word' id='word_1_308' title='bbox 1177 4638 1235 4685; x_wconf 78' lang='lat'>213.</span> 
     </span>
    </p>

    <p class='ocr_par' dir='ltr' id='par_1_5' title="bbox 260 4703 1239 4773">
     <span class='ocr_line' id='line_1_40' title="bbox 260 4703 1239 4773; baseline 0.002 -19"><span class='ocrx_word' id='word_1_309' title='bbox 260 4705 282 4773; x_wconf 76' lang='lat'>⁴)</span> <span class='ocrx_word' id='word_1_310' title='bbox 305 4708 414 4754; x_wconf 74' lang='lat' dir='ltr'>lloeuur.</span> <span class='ocrx_word' id='word_1_311' title='bbox 435 4716 477 4766; x_wconf 75' lang='lat'>95.</span> <span class='ocrx_word' id='word_1_312' title='bbox 498 4705 544 4754; x_wconf 90' lang='lat' dir='ltr'>lol.</span> <span class='ocrx_word' id='word_1_313' title='bbox 564 4718 624 4768; x_wconf 74' lang='lat'><strong>243.</strong></span> <span class='ocrx_word' id='word_1_314' title='bbox 877 4703 898 4770; x_wconf 72' lang='grc' dir='ltr'>ι)</span> <span class='ocrx_word' id='word_1_315' title='bbox 919 4707 1031 4754; x_wconf 82' lang='lat' dir='ltr'>Docmu.</span> <span class='ocrx_word' id='word_1_316' title='bbox 1051 4717 1092 4765; x_wconf 75' lang='lat' dir='ltr'>os.</span> <span class='ocrx_word' id='word_1_317' title='bbox 1114 4707 1159 4754; x_wconf 89' lang='lat' dir='ltr'>fol.</span> <span class='ocrx_word' id='word_1_318' title='bbox 1181 4718 1239 4770; x_wconf 73' lang='lat'>245.</span> 
     </span>
    </p>

    <p class='ocr_par' dir='ltr' id='par_1_6' title="bbox 260 4785 1316 4854">
     <span class='ocr_line' id='line_1_41' title="bbox 260 4785 1316 4854; baseline 0.003 -23"><span class='ocrx_word' id='word_1_319' title='bbox 260 4787 282 4853; x_wconf 71' lang='lat' dir='ltr'>“J</span> <span class='ocrx_word' id='word_1_320' title='bbox 304 4788 412 4832; x_wconf 75' lang='lat' dir='ltr'>Ducum.</span> <span class='ocrx_word' id='word_1_321' title='bbox 434 4794 475 4848; x_wconf 61' lang='lat' dir='ltr'>by.</span> <span class='ocrx_word' id='word_1_322' title='bbox 497 4786 541 4835; x_wconf 78' lang='lat' dir='ltr'>sol.</span> <span class='ocrx_word' id='word_1_323' title='bbox 567 4797 622 4847; x_wconf 72' lang='lat'>173,</span> <span class='ocrx_word' id='word_1_324' title='bbox 642 4785 746 4837; x_wconf 62' lang='lat' dir='ltr'>(locutu.</span> <span class='ocrx_word' id='word_1_325' title='bbox 767 4802 799 4848; x_wconf 62' lang='lat' dir='ltr'>ua</span> <span class='ocrx_word' id='word_1_326' title='bbox 822 4785 867 4834; x_wconf 83' lang='lat' dir='ltr'>fol.</span> <span class='ocrx_word' id='word_1_327' title='bbox 892 4794 947 4839; x_wconf 79' lang='lat' dir='ltr'>luo,</span> <span class='ocrx_word' id='word_1_328' title='bbox 973 4799 1027 4848; x_wconf 61' lang='lat' dir='ltr'>luy,</span> <span class='ocrx_word' id='word_1_329' title='bbox 1048 4788 1106 4833; x_wconf 78' lang='lat' dir='ltr'>dor.</span> <span class='ocrx_word' id='word_1_330' title='bbox 1127 4798 1168 4848; x_wconf 72' lang='lat'>95.</span> <span class='ocrx_word' id='word_1_331' title='bbox 1190 4789 1233 4835; x_wconf 82' lang='lat' dir='ltr'>l&#39;ol.</span> <span class='ocrx_word' id='word_1_332' title='bbox 1259 4800 1316 4854; x_wconf 67' lang='lat'>³†⁰·</span> 
     </span>
    </p>
   </div>
   <div class='ocr_carea' id='block_1_4' title="bbox 0 0 1699 5580">
    <p class='ocr_par' dir='ltr' id='par_1_7' title="bbox 0 0 1699 5580">
     <span class='ocr_line' id='line_1_42' title="bbox 0 0 1699 5580; baseline 0 0"><span class='ocrx_word' id='word_1_333' title='bbox 0 0 1699 5580; x_wconf 95' lang='lat' dir='ltr'> </span> 
     </span>
    </p>
   </div>
  </div>
 </body>
</html>
