3330 5580
730 123 976 177 0-<329l[}>·0

209 289 295 330 cosa
320 278 356 330 et
381 268 429 331 mi
454 268 547 330 disse
565 269 618 330 ch’
634 268 669 331 io
692 268 932 351 rengratiasse
955 291 1020 351 per
1043 269 1138 332 mille
1162 271 1259 333 volte
1282 271 1326 334 V.
1345 268 1381 334 S.
1397 273 1492 334 Rma

209 385 246 437 et
269 374 431 437 offereva
455 398 493 438 se
518 387 553 439 et
577 385 668 438 tutto
693 376 749 439 cio
774 378 840 439 che
864 378 911 438 ha
935 379 969 438 01
1002 378 1129 439 mondo
1161 379 1207 438 ad
1237 377 1322 458 ogni
1346 391 1431 441 nuto
1456 379 1491 442 di

208 481 254 545 V.
280 481 316 545 S.
342 482 456 552 Rma;
583 530 591 545 .
638 483 828 546 Bruxelles
852 483 909 545 die
939 504 986 563 15.
1005 484 1105 566 Sept.
1129 484 1311 548 MDXXI.

745 695 952 708 mmmm

817 928 891 992 124.

580 1043 903 1125 vicecancellarius
930 1045 1119 1127 Alcandnc.

619 1189 791 1260 (11001101.
810 1192 962 1251 German.
985 1191 1016 1249 lr.
1036 1193 1089 1262 89.)

679 1311 731 1369 118.
751 1312 913 1376 Septembris
936 1310 1022 1380 1521.)

300 1445 465 1508 Havemo
488 1445 582 1507 lecto
606 1445 641 1507 le
665 1453 785 1507 vostre
809 1445 868 1508 del
893 1444 926 1507 II
951 1446 1008 1507 del
1032 1455 1215 1526 presente,
1251 1466 1316 1527 per
1340 1449 1373 1509 le
1398 1449 1493 1529 quali

193 1553 242 1615 si
267 1552 362 1615 vede
385 1571 453 1634 pur
477 1553 543 1615 che
567 1553 685 1633 quella
709 1552 958 1616 maledictione
986 1574 1032 1615 va
1055 1574 1179 1634 spesso
1204 1573 1274 1634 qua
1310 1564 1345 1615 et
1376 1557 1410 1616 la
1443 1576 1493 1617 re·

188 1659 417 1741 pululando,
443 1660 538 1722 unde
562 1679 629 1742 par
652 1679 673 1721 a
695 1658 739 1722 N.
764 1657 801 1722 S.
827 1661 892 1722 che
917 1661 1073 1722 anchora
1097 1660 1131 1722 in
1156 1661 1273 1741 quelle
1297 1662 1415 1723 bande
1441 1661 1492 1724 sia

189 1768 321 1830 nrolto
345 1766 549 1831 necessaria
572 1767 607 1828 10
637 1764 730 1829 virtia
764 1776 799 1828 et
830 1766 1016 1848 diligentia
1047 1776 1186 1839 vostra;
1221 1767 1333 1847 perho
1366 1767 1398 1828 vi
1433 1788 1491 1829 ex-

186 1871 387 1937 hortiamo
411 1872 457 1934 ad
482 1890 553 1934 non
577 1871 713 1935 levarvi
737 1870 852 1935 finecs
877 1884 1066 1936 conoscete
1100 1875 1134 1935 10
1163 1873 1338 1936 medicina
1371 1883 1492 1936 vostra

187 1979 383 2064 bisognar
406 1981 441 2042 al
466 1981 611 2060 morb0,
636 1989 672 2042 et
694 1979 729 2042 in
754 1990 879 2060 questo
905 1981 1088 2044 attendete
1112 1981 1172 2062 pici
1196 1992 1318 2063 presto
1343 1981 1377 2043 al
1402 2001 1491 2043 com-

191 2088 320 2150 modo
344 2086 489 2170 publico
515 2105 614 2149 corne
629 2087 759 2149 havete
776 2085 873 2149 facto
897 2085 968 2151 fino
993 2086 1053 2169 qui
1078 2090 1143 2151 che
1168 2090 1202 2151 al
1225 2087 1376 2169 privato.
1424 2089 1492 2151 Noi

188 2205 310 2259 certo
335 2193 371 2257 vi
394 2192 706 2257 desideraressimo
736 2213 883 2276 apresso
908 2194 944 2256 di
974 2195 1054 2276 noi,
1087 2216 1144 2257 rna
1176 2216 1246 2258 non
1277 2195 1492 2259 vorressimo

190 2301 270 2383 gia
293 2300 444 2365 havervi
468 2300 528 2382 poi
552 2321 574 2363 a
597 2300 798 2365 rimandare
823 2300 858 2363 di
882 2320 1019 2375 nuov03
1051 2303 1139 2384 pero
1168 2323 1238 2366 non
1264 2302 1284 2364 e
1307 2304 1420 2364 anche
1446 2305 1492 2364 da

189 2408 383 2489 tnoversi,
407 2407 560 2471 maxime
585 2409 651 2471 che
674 2410 844 2471 vederete
868 2409 991 2490 peria
1015 2408 1151 2472 inclusa
1175 2411 1302 2473 cedula
1325 2411 1491 2473 mandata

190 2517 271 2579 dal
293 2516 392 2578 Rmo
407 2514 620 2596 Magnntino
644 2534 666 2577 a
689 2513 732 2577 N.
757 2512 794 2578 S.
819 2525 1032 2578 novamente
1057 2515 1080 2578 li
1106 2516 1233 2597 grandi
1258 2517 1427 2580 disordini
1457 2528 1492 2579 et

191 2622 372 2687 scandali
402 2620 521 2685 chesi
547 2621 653 2684 fanno
678 2623 771 2684 nelle
796 2631 890 2685 terre
924 2633 960 2684 et
990 2632 1084 2684 sotto
1109 2623 1130 2684 l'
1148 2627 1272 2685 ombra
1308 2626 1365 2687 del
1390 2626 1491 2687 Duca

187 2730 246 2793 di
258 2728 438 2794 Sassonia.
477 2728 519 2791 N.
534 2726 570 2792 S.
595 2729 673 2792 dice
689 2749 733 2792 ve
748 2750 793 2792 ne
809 2729 990 2792 risentiate
1008 2748 1074 2790 con
1093 2728 1224 2792 Cesare
1248 2740 1283 2792 et
1300 2732 1488 2811 preghiate

193 2837 335 2919 voglia
368 2837 568 2919 provedere
600 2857 620 2899 a
650 2841 678 2899 sl
712 2836 904 2918 perniciosi
946 2836 1211 2898 inconvenienti
1243 2847 1277 2898 et
1316 2840 1491 2918 proceder

192 2955 336 3009 contra
368 2943 478 3027 quelli
509 2945 574 3007 che
609 2964 654 3007 ne
691 2964 779 3007 sono
811 2943 960 3025 cagione
994 2943 1150 3005 secondo
1182 2943 1216 3004 la
1251 2944 1364 3006 forma
1395 2947 1489 3007 dello

193 3053 349 3134 edicte,
374 3053 407 3115 el
432 3053 537 3133 quale
560 3072 598 3114 se
623 3049 698 3114 Sua
729 3049 892 3114 Serenitn
916 3070 987 3113 non
1010 3050 1048 3113 fa
1072 3071 1216 3113 servare
1248 3062 1384 3114 mentre
1415 3051 1434 3113 ὲ
1465 3051 1489 3113 11

191 3169 378 3240 presente
393 3160 428 3222 in
444 3159 540 3222 facto
565 3168 601 3222 et
624 3179 694 3223 000
719 3160 737 3222 ὁ
762 3160 875 3222 anche
899 3157 1034 3221 asciuto
1059 3159 1093 3220 10
1118 3157 1310 3220 inchiostro
1333 3158 1368 3219 di
1384 3159 1488 3220 decto

193 3267 338 3348 edicto,
366 3287 479 3350 pensa
509 3285 609 3330 corne
642 3266 671 3329 si
696 3266 839 3330 serveria
864 3265 1007 3347 quando
1032 3263 1105 3327 Sua
1128 3263 1268 3326 Maesta
1291 3264 1387 3326 fusse
1410 3285 1488 3345 pas·

195 3384 289 3439 sata
318 3373 344 3437 11
373 3393 472 3437 mare
504 3384 540 3436 et
563 3374 598 3436 la
620 3372 825 3456 provisione
848 3370 1033 3435 rimanessi
1059 3372 1218 3433 desolata
1242 3373 1299 3432 del
1325 3392 1387 3434 suo
1412 3393 1488 3452 pre-

195 3481 301 3545 sidio
333 3491 369 3545 et
400 3490 568 3563 presente
599 3479 723 3542 favore
757 3489 794 3541 et
816 3488 949 3561 quanta
979 3479 1083 3541 stirna
1106 3477 1197 3540 faeci
1222 3481 1302 3558 quel
1328 3479 1429 3540 Duce
1453 3480 1488 3540 di

198 3582 286 3653 Sua
307 3586 448 3651 Maesta
482 3596 519 3650 et
542 3586 578 3649 di
602 3595 694 3648 tutto
728 3586 750 3649 l'
773 3585 927 3668 Imperio
961 3595 996 3648 et
1027 3585 1073 3646 de
1106 3586 1138 3646 le
1173 3587 1248 3645 loro
1274 3585 1488 3648 ordinationi

199 3706 250 3758 et
269 3694 390 3759 bandi.
435 3693 525 3758 Fate
550 3694 635 3775 ogni
659 3713 771 3774 opera
795 3703 831 3756 et
854 3691 970 3755 sforzo
996 3693 1061 3754 che
1085 3689 1158 3754 Sua
1179 3690 1316 3753 Maesta
1341 3691 1373 3752 ci
1398 3690 1489 3753 faeci

204 3805 363 3883 qualche
396 3803 492 3864 bona
525 3810 561 3865 et
591 3802 709 3864 celere
746 3798 965 3882 provisione,
1001 3799 1066 3860 che
1106 3808 1204 3859 certo
1238 3818 1275 3859 se
1306 3796 1341 3860 in
1374 3798 1489 3879 questi

201 3906 376 3990 principii
398 3927 471 3971 non
493 3905 529 3970 vi
553 3906 583 3970 si
606 3907 766 3989 provede
792 3907 837 3969 de
861 3914 957 3968 sorte
981 3925 1080 3967 come
1104 3904 1262 3966 richiede
1295 3905 1329 3966 10
1354 3925 1489 3967 summa

206 4006 431 4098 importanza
454 4013 490 4077 di
513 4016 564 4077 tal
588 4022 710 4096 peste,
738 4012 963 4076 ritornerassi
994 4032 1015 4073 a
1043 4011 1177 4092 peggio
1212 4013 1278 4073 che
1310 4012 1423 4093 prima
1453 4022 1489 4074 et

212 4120 292 4184 sara
315 4121 349 4186 el
372 4120 563 4184 novissimo
588 4141 687 4185 error
710 4119 875 4203 maggior
899 4117 992 4181 assai
1016 4119 1074 4180 del
1098 4119 1223 4199 primo,
1248 4128 1283 4179 et
1308 4116 1382 4181 Sua
1402 4117 1486 4181 San-

213 4226 276 4291 titt
291 4238 327 4292 et
340 4227 480 4292 Maesta
496 4230 562 4292 che
579 4246 667 4291 sono
683 4228 694 4291 i
711 4227 795 4290 duoi
813 4225 917 4309 primi
933 4224 1017 4288 lurni
1042 4235 1078 4288 et
1102 4225 1236 4307 signori
1261 4226 1320 4288 del
1344 4226 1487 4306 mondo,

220 4350 260 4398 ne
280 4334 499 4399 rimarranno
523 4333 811 4417 vituperatissimi
835 4345 871 4396 et
895 4331 1150 4405 confusissimi;
1185 4353 1241 4395 rna
1271 4351 1378 4413 sopra
1407 4332 1487 4395 tutti

222 4434 287 4505 Sna
306 4442 452 4506 Altezza
474 4441 607 4525 perche
631 4441 653 4504 'l
676 4442 768 4505 male
793 4441 811 4504 ὲ
835 4442 930 4504 00110
952 4438 1100 4522 imperio
1125 4459 1199 4520 su0,
1225 4449 1260 4500 et
1277 4459 1298 4500 a
1314 4439 1360 4502 lei
1385 4448 1488 4502 tocca

1277 4544 1326 4597 19⁶
