3344 5564
718 474 775 528 ⁰·ss
815 476 849 527 24
889 473 946 526 ΕΝ

191 643 272 686 sera
297 621 354 703 poi
380 622 547 683 mandate
571 620 639 681 mie
664 621 789 682 lettere
814 642 869 683 me
894 621 1026 682 mostro
1051 629 1087 682 et
1110 641 1177 682 con
1201 622 1326 702 parole
1351 633 1387 683 et
1406 642 1474 684 con

192 730 293 812 segni
311 749 455 791 esserne
472 748 578 808 sopra
594 728 699 790 modo
717 729 785 790 mal
810 738 978 790 contento
1003 728 1069 790 che
1094 748 1164 790 non
1190 727 1286 790 fusse
1303 738 1357 790 sta
1383 728 1475 792 fatto

192 857 291 899 come
317 836 410 897 nelle
435 836 524 896 altre
548 834 643 897 citta.
677 834 771 896 Pero
792 855 850 896 me
874 834 968 895 disse
992 836 1094 897 voler
1117 854 1312 916 corregger
1335 836 1406 898 tale
1421 856 1474 898 er-

191 965 271 1006 rore
287 962 454 1024 processo
471 941 606 1003 da’suoi
621 941 770 1003 ministri
796 952 831 1002 et
851 942 976 1003 ordino
998 943 1065 1003 che
1086 944 1120 1003 la
1137 942 1284 1004 mattina
1300 954 1476 1024 seguente

191 1052 270 1112 adr
304 1048 489 1111 XXVIIII
519 1047 615 1109 fusse
646 1067 711 1128 per
736 1059 827 1110 tutta
858 1050 892 1109 la
920 1062 1015 1110 terra
1039 1050 1245 1129 pubblicata
1274 1070 1295 1111 a
1319 1070 1407 1113 sono
1438 1051 1475 1113 di

191 1161 383 1220 trombetto
408 1157 442 1217 la
466 1154 760 1217 condemnatione
785 1156 916 1218 detali
941 1156 1019 1217 libri
1051 1166 1087 1217 et
1110 1156 1260 1218 invitato
1292 1156 1315 1219 il
1340 1159 1475 1239 populo

192 1267 237 1327 ad
261 1264 441 1345 publicum
465 1261 665 1324 incendium
691 1263 725 1323 di
750 1262 819 1324 essi
844 1263 938 1342 quod
964 1273 1000 1324 et
1023 1262 1156 1325 factum
1180 1263 1263 1334 suin
1297 1265 1474 1327 ancorche

191 1372 286 1433 dicto
311 1372 393 1435 carlt
423 1369 516 1431 disse
541 1389 638 1431 esser
662 1380 717 1430 sta
740 1371 927 1430 molestato
951 1370 998 1431 da
1012 1369 1105 1432 assai
1120 1368 1392 1451 gentilhuomini
1408 1374 1475 1434 che

192 1480 260 1541 mai
285 1480 317 1539 el
343 1480 502 1540 lassorno
528 1476 691 1553 dormire,
716 1475 981 1538 dissuadendoli
1014 1479 1047 1538 el
1076 1476 1132 1539 lar
1155 1477 1315 1540 brusciar
1342 1479 1403 1541 tali
1437 1479 1474 1540 li-

192 1585 257 1665 bri,
281 1598 316 1646 et
341 1585 420 1646 dice
445 1584 567 1647 esserli
592 1584 718 1645 durata
741 1585 812 1645 tale
827 1583 989 1647 molestia
1012 1586 1058 1646 de
1082 1584 1143 1646 tali
1167 1584 1358 1665 importuni
1374 1587 1475 1667 quasi

191 1703 282 1754 tutta
306 1694 340 1753 la
364 1702 479 1760 hotta:
504 1711 571 1771 pur
594 1691 738 1753 tandem
763 1701 801 1752 ut
825 1690 899 1752 dixi
924 1701 1015 1753 tutto
1041 1691 1078 1753 fu
1102 1694 1172 1753 ben
1198 1693 1298 1755 fatto.

280 1799 324 1860 Et
349 1798 549 1860 anchorche
574 1797 623 1879 gli
648 1797 776 1859 ribaldi
808 1797 937 1859 occulti
967 1798 1142 1860 lutherani
1171 1798 1341 1878 fingendo
1366 1820 1477 1881 agere

191 1928 264 1970 rem
291 1916 446 1967 nostram
470 1905 502 1966 ci
527 1904 712 1967 consiliino
737 1907 803 1967 che
828 1925 897 1967 non
916 1905 1158 1967 deveressimo
1175 1904 1252 1967 fare
1272 1907 1343 1969 tale
1358 1906 1475 1969 incen-

192 2015 267 2093 dio,
293 2033 336 2074 ne
362 2013 474 2094 magis
500 2015 759 2074 exacerbantur
782 2014 904 2073 hostes
929 2023 1054 2074 contra
1079 2032 1143 2074 nos
1166 2013 1195 2074 si
1220 2013 1333 2095 magis
1357 2025 1476 2077 tamen

192 2120 401 2183 exacerbari
418 2131 575 2201 possent.
607 2119 824 2197 'I*uttavolta,
849 2119 1012 2180 omnibus
1036 2118 1117 2180 hinc
1142 2118 1224 2182 inde
1245 2120 1422 2200 discussis,
1447 2120 1477 2182 si

191 2230 238 2290 ha
268 2238 408 2290 trovato
439 2228 505 2288 che
534 2238 659 2306 questo
684 2225 843 2287 brusciar
868 2226 903 2287 di
927 2225 1007 2287 libri
1032 2226 1051 2287 e
1082 2245 1152 2287 una
1182 2246 1267 2288 cosa
1290 2228 1399 2290 molto
1424 2248 1475 2290 sa·

193 2338 306 2397 lutare
331 2346 367 2397 et
391 2334 486 2412 utile,
519 2336 632 2414 primo
658 2332 789 2412 perche
814 2334 923 2393 molto
949 2331 1080 2414 meglio
1104 2333 1179 2395 cosi
1212 2333 1240 2395 si
1265 2333 1412 2416 dlvulga
1440 2346 1478 2397 et

192 2463 257 2525 per
281 2441 476 2506 Germania·
498 2452 533 2502 et
557 2452 647 2502 tutte
669 2443 759 2501 altre
784 2439 918 2501 nationi
943 2441 977 2501 la
1008 2440 1304 2503 condemnatione
1336 2442 1381 2502 de
1413 2442 1476 2503 tali

193 2549 271 2612 libri
308 2552 373 2612 che
404 2568 469 2630 per
497 2568 567 2609 una
601 2546 821 2608 intimatione
846 2547 940 2608 della
964 2548 1062 2609 bulla
1085 2546 1177 2609 satta
1209 2548 1269 2608 alli
1305 2548 1476 2610 ordinarii

192 2677 278 2719 over
303 2654 435 2733 vicarii,
461 2654 620 2734 quamvis
645 2672 776 2715 ancora
799 2664 924 2734 questo
949 2674 1089 2734 semper
1114 2663 1149 2716 et
1173 2654 1305 2735 ubique
1329 2654 1477 2719 fecerim

192 2774 228 2826 et
252 2762 390 2825 faciam.
438 2761 578 2824 Deinde
602 2760 735 2842 perche
771 2761 794 2822 li
828 2760 909 2823 laici
940 2761 1001 2842 gia
1032 2761 1147 2824 infetti
1171 2782 1237 2843 per
1261 2763 1294 2824 le
1318 2763 1476 2843 predica·

193 2871 279 2933 tioni
311 2880 347 2932 et
379 2869 460 2931 libri
490 2868 629 2950 volgari
663 2869 698 2930 di
730 2878 855 2949 questo
886 2869 947 2950 piu
972 2871 1038 2931 che
1063 2870 1157 2931 mille
1181 2868 1279 2950 Arii,
1311 2871 1477 2934 vadendo

192 2981 262 3041 tale
287 2976 451 3039 incendio
466 2975 563 3038 facto
580 2976 790 3038 auctoritate
807 2976 1005 3056 apostolica
1021 2987 1056 3038 et
1073 2976 1284 3039 executione
1301 2975 1476 3058 CaesariS,

194 3105 344 3148 moveno
369 3084 460 3146 assai
485 3104 506 3145 a
531 3084 677 3146 credere
710 3083 772 3145 tali
797 3083 877 3145 libri
902 3103 1000 3146 esser
1032 3103 1159 3147 revera
1192 3096 1228 3146 et
1260 3085 1416 3147 damnati
1442 3095 1478 3147 et

192 3190 288 3270 mali,
322 3201 357 3252 et
388 3193 500 3271 perho
529 3211 669 3271 semper
697 3191 742 3251 ad
775 3211 853 3252 esso
885 3190 1048 3253 incendio
1084 3191 1130 3252 da
1154 3190 1285 3252 diversi
1310 3211 1397 3254 sono
1423 3201 1478 3253 sta

193 3297 323 3378 portati
361 3308 487 3378 sponte
525 3296 624 3358 molti
660 3297 751 3359 libri.
811 3296 892 3358 Uno
933 3307 1143 3378 argumento
1180 3297 1226 3358 mi
1262 3317 1391 3360 muove
1425 3318 1477 3360 as-

193 3404 244 3466 sai
269 3425 289 3466 a
313 3404 460 3466 credere
485 3405 555 3465 tale
580 3423 664 3466 cosa
689 3424 807 3466 essere
824 3403 994 3484 proficua,
1019 3403 1150 3485 perche
1175 3403 1257 3465 tutti
1280 3403 1389 3485 quelli
1410 3406 1476 3467 che

193 3511 224 3573 ci
242 3511 455 3573 dissuadeno
473 3511 544 3572 tale
562 3522 660 3573 costa
685 3512 730 3572 ad
756 3531 861 3572 unum
886 3504 1047 3573 trovamo
1072 3531 1191 3573 essere
1206 3511 1415 3593 Lutherani,
1441 3522 1476 3575 et

192 3618 216 3680 li
240 3617 418 3680 manifesti
442 3617 616 3679 lutherani
641 3619 758 3679 hanno
783 3638 923 3698 sempre
948 3617 1042 3680 omni
1066 3627 1145 3681 astu
1178 3630 1213 3680 et
1247 3628 1375 3681 conatu
1403 3639 1474 3681 cer·

193 3736 272 3788 cato
297 3724 469 3806 impedIre
493 3725 541 3785 tal
566 3724 888 3801 abbrusciamento,
915 3725 958 3786 ed
983 3724 1155 3787 Insomma
1179 3746 1217 3787 se
1243 3745 1312 3787 non
1337 3724 1365 3786 si
1390 3726 1476 3806 puol

192 3834 296 3894 indur
311 3842 436 3913 questo
457 3831 596 3893 ribaldo
620 3832 666 3893 ad
691 3831 990 3912 retractationem,
1016 3831 1124 3893 none
1149 3831 1310 3914 meinor,
1334 3831 1404 3894 imo
1431 3831 1476 3894 ne

192 3941 283 4001 altra
308 3939 365 4000 via
388 3936 548 4019 proficua
573 3939 637 3999 che
663 3949 798 4019 questa.

282 4044 326 4107 A'
360 4045 394 4106 dl
432 4044 551 4106 XXX
585 4044 643 4106 del
675 4055 819 4125 passato
854 4045 1076 4125 partendomi
1108 4047 1155 4107 da
1185 4045 1373 4127 Moguntia
1411 4066 1477 4128 per

193 4152 359 4214 Wormes
384 4151 505 4214 lasciai
530 4152 563 4212 al
588 4151 790 4214 Provincial
815 4153 859 4213 de
876 4151 1099 4214 Predicatori
1123 4172 1188 4233 per
1212 4151 1404 4215 Germania
1429 4174 1475 4217 un

193 4260 358 4321 mandato
384 4260 428 4321 de
453 4258 507 4320 far
532 4258 696 4339 predicar
720 4279 785 4340 per
808 4267 899 4320 tutta
916 4279 979 4320 sua
995 4259 1181 4340 provincia
1202 4270 1326 4323 contra
1342 4259 1476 4323 Luther

194 4376 230 4428 et
252 4367 287 4428 la
311 4365 607 4428 condemnatione
638 4365 722 4428 delli
753 4365 849 4435 libri;
882 4366 966 4427 item
999 4366 1078 4429 altri
1104 4367 1258 4429 mandati
1292 4388 1314 4430 a
1338 4368 1417 4430 tutti
1451 4369 1475 4430 li

193 4472 358 4538 conventi
383 4482 419 4535 et
442 4472 570 4535 rectori
596 4472 630 4534 di
656 4471 848 4534 Parrochie
872 4471 907 4533 di
929 4472 1117 4554 Mogontia
1141 4475 1206 4537 che
1230 4475 1476 4555 predicassero

193 4582 230 4642 la
253 4579 449 4642 Domenica
480 4589 673 4661 seguente,
707 4589 743 4642 et
772 4581 821 4640 tal
851 4599 962 4661 carga
986 4578 1092 4641 lassai
1117 4581 1149 4642 al
1175 4580 1296 4653 Rev¹¹20
1321 4581 1412 4651 Cari?
1443 4583 1476 4645 el

193 4688 297 4768 quale
327 4689 378 4765 (ut
402 4696 527 4768 postea
551 4685 722 4766 intellexi)
746 4685 825 4748 fece
850 4687 996 4748 mandar
1021 4687 1066 4749 ad
1091 4686 1473 4770 executionediligen·

194 4803 359 4857 temente.
