3330 5580
781 515 1001 575 *oxu*

255 660 359 726 imiae
383 683 489 744 pares
513 662 710 726 reddiderit
735 663 867 743 exitus,
899 685 965 726 nec
989 664 1204 726 mediocrem
1228 665 1403 726 maculam
1427 683 1448 724 a
1472 684 1536 725 sua

256 784 292 832 et
322 770 478 833 familiae
513 780 549 832 et
573 769 809 834 Germanicae
843 771 996 834 nationis
1021 770 1182 833 claritate
1207 770 1397 851 repulerit,
1430 771 1536 833 hanc·

256 898 324 958 que
356 879 452 960 apud
486 877 600 940 Deum
634 889 669 940 et
697 879 858 941 homines
888 881 1066 941 excelsam
1098 878 1238 940 laudem
1274 876 1537 958 promereberis

255 1005 333 1047 esse
361 994 443 1047 tuae
467 985 662 1047 nobilitatis
688 1005 798 1066 opera
823 1006 864 1047 ac
889 986 1040 1068 pietate,
1068 986 1199 1046 ardens
1222 983 1423 1046 incendium
1447 1004 1536 1046 sum-

255 1102 385 1154 motum
411 1102 446 1154 et
471 1092 664 1155 extinctum
690 1094 766 1155 ...“
808 1093 907 1155 Haec
932 1091 1050 1155 omnia
1073 1091 1249 1173 benignus
1272 1094 1385 1154 lector
1409 1090 1538 1154 clarius

258 1199 362 1260 etiam
388 1199 510 1261 videre
534 1200 685 1281 poterit,
720 1200 748 1262 si
780 1201 1001 1262 lutheranam
1027 1199 1211 1280 epistolam
1237 1219 1314 1261 cum
1340 1197 1453 1280 primo
1478 1218 1537 1260 no·

255 1317 405 1368 strorum
436 1317 741 1369 monumentorum
765 1307 944 1378 conferat;
969 1307 1195 1388 perspicuum
1221 1305 1312 1368 enim
1338 1306 1404 1367 erit
1429 1305 1536 1367 omni-

256 1416 322 1475 bus
346 1413 533 1494 epistolam
559 1414 702 1476 secundi
727 1414 916 1476 voluminis
941 1433 1088 1494 operum
1104 1412 1248 1474 Lutheri
1266 1413 1441 1475 sinceram
1466 1433 1535 1475 non

256 1540 333 1583 esse
358 1522 421 1583 sed
446 1520 598 1582 fortasse
623 1541 644 1582 a
661 1520 854 1583 lutheranis
879 1519 1075 1599 confictam,
1102 1519 1228 1582 demtis
1258 1519 1420 1582 omnibus
1444 1540 1537 1601 quae

255 1627 526 1709 promissioneS,
565 1627 808 1690 infidelitatem
834 1628 958 1707 Ducis,
998 1628 1142 1708 eiusque
1182 1627 1342 1690 favorem
1380 1627 1536 1689 Luthero

257 1734 464 1815 praestitum
497 1735 703 1817 respiciunt,
744 1735 996 1798 dissimulando
1042 1755 1182 1816 quoque
1220 1734 1537 1815 longanimitatem,

256 1840 491 1921 prudentiam,
516 1842 822 1904 mansuetudinem
848 1841 1039 1905 Pontificis

346 1948 454 2010 Aliud
479 1948 585 2010 etiam
609 1958 874 2011 monumentum
899 1969 970 2010 non
994 1969 1119 2030 parum
1144 1947 1333 2011 alectione
1349 1949 1537 2012 lutherana

258 2055 438 2117 diversum
462 2055 636 2117 edidimus
661 2055 816 2118 Numero
842 2059 883 2133 48
908 2055 969 2118 fol.
999 2077 1068 2118 120.
1117 2054 1249 2133 Agitur
1278 2055 1369 2117 enim
1395 2056 1440 2118 de
1465 2055 1535 2137 epi·

256 2164 348 2224 stola
372 2183 392 2223 a
410 2161 537 2224 Carolo
553 2163 773 2244 Imperatore
790 2164 835 2224 ad
851 2163 1044 2225 Lutherum
1068 2162 1183 2241 missa,
1208 2172 1247 2224 ut
1271 2183 1350 2225 eum
1375 2164 1419 2224 ad
1445 2163 1537 2226 diae·

256 2279 328 2331 tam
354 2268 575 2333 Wormatiae
599 2270 775 2335 invitaret.
824 2270 923 2333 Haec
947 2268 1099 2351 epistola
1120 2268 1182 2331 fol.
1200 2289 1261 2346 411
1288 2270 1358 2330 vol.
1376 2269 1420 2332 II.
1446 2268 1538 2351 Ope·

257 2396 332 2438 rum
359 2376 504 2439 Lutheri
528 2377 678 2458 legitur,
714 2380 777 2440 sed
809 2380 918 2440 habet
948 2381 1015 2439 hoc
1049 2377 1153 2438 modo
1187 2376 1362 2438 rationem
1386 2377 1539 2438 vocandi

255 2483 418 2545 Martini:
455 2485 640 2565 „quoniam
673 2485 921 2567 proposuimus
954 2495 1102 2566 propter
1136 2483 1333 2545 doctrinam
1370 2494 1406 2545 et
1429 2483 1539 2545 libros

258 2590 461 2672 aliquandiu
474 2593 645 2653 hactenus
658 2595 723 2654 abs
736 2604 771 2655 te
785 2593 899 2654 editos
913 2591 1122 2655 scrutinium
1136 2592 1193 2653 abs
1204 2597 1234 2653 tr
1245 2593 1399 2653 rutncrc“
1409 2617 1422 2663 ,·
1448 2612 1538 2672 quae

257 2700 368 2760 verba
394 2698 669 2780 disputationem
694 2719 764 2761 non
790 2700 999 2775 excludunt,
1034 2699 1103 2760 imo
1137 2719 1340 2781 supponere
1373 2699 1539 2761 videntur

256 2803 293 2866 in
318 2804 487 2867 scrutinio
506 2805 741 2874 instituendo:
768 2806 896 2869 clarius
920 2806 1112 2888 disputatio
1137 2805 1338 2867 excluditur
1361 2805 1396 2866 in
1421 2826 1539 2868 monu-

257 2923 375 2972 mento
408 2921 528 2974 nostro
565 2912 655 2974 sicut
690 2913 820 2994 legitur
854 2913 888 2976 in
928 2912 1136 2976 collectione
1161 2912 1351 2983 Alcandri;
1391 2912 1427 2974 in
1461 2913 1539 2994 ipso

257 3018 350 3080 enim
383 3019 566 3081 scribitur:
607 3020 842 3099 „intendimus
874 3032 909 3083 et
943 3020 1178 3083 conclusimus
1201 3020 1339 3082 ratione
1365 3019 1539 3081 doetrina-

257 3145 333 3187 rum
359 3136 394 3187 et
417 3126 588 3188 librorum
612 3127 671 3208 qui
696 3148 761 3208 per
785 3127 926 3208 aliquod
961 3138 1100 3209 tempus
1129 3148 1149 3188 a
1182 3138 1216 3189 te
1248 3126 1333 3188 editi
1362 3126 1460 3206 sunt}
1493 3147 1538 3187 ex

258 3241 293 3295 te
317 3232 565 3295 certitudinem
589 3234 786 3316 accipere“.
839 3235 957 3296 Minus
981 3245 1146 3297 accurate
1170 3235 1284 3296 relata
1309 3244 1362 3295 est
1386 3233 1539 3315 epistola

257 3341 303 3400 ab
335 3339 530 3403 editoribus
565 3341 797 3412 Lutheranis;
834 3342 902 3423 ipsi
938 3341 1028 3404 enim
1064 3344 1196 3404 habent
1233 3341 1268 3403 in
1306 3339 1374 3403 fine
1410 3340 1538 3422 ipsius:

261 3448 410 3524 „Datum
447 3446 668 3509 Wormatiae
712 3449 769 3511 die
804 3450 855 3511 Vl
890 3449 1010 3512 Martii
1051 3468 1144 3511 anno
1188 3447 1330 3510 Domini
1366 3447 1538 3509 MDXXI

257 3573 449 3635 regnorum
467 3567 667 3618 nostrorum
686 3556 930 3619 rmnam'tcrttb
948 3559 1039 3620 ecc.“
1082 3554 1155 3618 Sed
1172 3575 1293 3617 mense
1309 3553 1428 3616 Martii
1445 3574 1538 3616 anno

262 3682 340 3740 1521
369 3661 563 3743 signandus
588 3673 665 3724 erat
684 3684 797 3725 annus
822 3664 998 3725 secundus
1022 3683 1093 3725 non
1114 3662 1253 3732 tertius;
1280 3661 1427 3723 Carolus
1445 3660 1537 3723 enim

257 3772 391 3832 electus
416 3769 532 3831 fuerat
557 3769 694 3831 decima
717 3771 806 3832 hora
831 3770 900 3832 diei
927 3773 966 3831 28
990 3769 1085 3848 Junii
1115 3789 1207 3846 1519.
1262 3768 1300 3829 In
1327 3768 1538 3831 collectione

260 3875 430 3938 rlleandri
456 3877 653 3938 accuratius
678 3877 829 3957 legitur:
869 3878 1019 3958 „Datum
1050 3876 1084 3937 in
1117 3875 1260 3938 civitate
1285 3885 1406 3938 nostra
1430 3876 1537 3957 impe-

256 3983 334 4045 riali
358 3982 558 4045 Wormatia
583 3984 640 4046 die
666 3984 716 4046 VI
740 3985 871 4047 mensis
895 3984 1014 4046 Martii
1039 3993 1105 4046 etc.
1130 4003 1321 4065 regnorum
1339 3993 1537 4046 nostrorum

256 4090 412 4153 Romani
435 4092 590 4172 rectruda,
616 4101 814 4153 coterorum
839 4111 924 4153 vero
949 4093 1084 4153 sexto“.

347 4198 425 4277 Qua
450 4219 494 4259 ex
520 4218 627 4259 causa
651 4198 883 4278 proveniant,
920 4218 1086 4278 quorsum
1122 4198 1271 4259 tendant
1294 4198 1362 4261 hae
1388 4208 1423 4260 et
1447 4195 1538 4259 aliae

256 4304 472 4367 variationes
497 4317 812 4381 monumentorum,
838 4325 907 4366 non
931 4304 1153 4385 inquirimus;
1179 4314 1333 4367 attamen
1360 4306 1404 4368 de
1428 4304 1538 4367 sinec-

256 4412 360 4474 ritate
385 4423 523 4493 patrum
550 4411 820 4473 reformatorum
845 4413 1059 4474 luculentum
1083 4411 1320 4474 testimonium
1344 4433 1414 4474 non
1438 4432 1537 4493 prae·

258 4523 353 4582 bent.
402 4519 500 4598 Quae
525 4518 709 4580 sinceritas
734 4519 837 4580 etiam
864 4518 1006 4580 aliunde
1031 4519 1132 4580 nimis
1158 4520 1265 4581 dubia
1288 4522 1477 4600 probatur,
1501 4530 1539 4580 ut

258 4648 304 4688 ex
328 4625 562 4687 monumentis
587 4625 716 4687 nostris
741 4626 826 4687 satis
851 4625 971 4705 liquet.
1021 4626 1203 4689 Aleander
1236 4646 1343 4705 saepe
1369 4636 1539 4708 expertus

258 4746 317 4797 est·
329 4743 423 4795 artes
442 4742 476 4794 et
494 4742 692 4795 commenta
717 4731 1007 4802 reformatorum:
1033 4732 1147 4813 ipsum
1173 4732 1265 4795 enim
1289 4731 1345 4793 isti
1371 4732 1539 4794 dicebant

256 4856 292 4904 et
307 4842 537 4922 neophytum,
554 4852 590 4902 et
599 4839 741 4921 judaico
759 4852 861 4921 patre
874 4850 1005 4921 natum,
1031 4851 1067 4902 et
1083 4860 1129 4902 ex
1146 4839 1265 4901 infima
1280 4839 1388 4919 plebe
1403 4848 1537 4912 ortum;
