3330 5580
715 488 773 539 &3
811 488 864 541 437
904 487 961 540 (Ῠτῡ

195 641 310 701 cultus
326 637 456 700 Christi
482 657 552 697 non
578 635 683 696 modo
707 633 910 715 transgredi
935 635 998 695 sed
1024 635 1140 715 palam
1167 634 1271 721 etiam
1289 637 1465 716 reprehen

198 749 279 809 dere
305 758 342 808 et
367 763 576 826 oppugnare
602 742 744 819 audent,
769 761 918 821 quorum
943 742 1106 821 impietas
1131 743 1236 804 etiam
1262 743 1339 804 aliis
1360 754 1480 825 potest

200 874 273 916 esse
299 860 522 915 nocumento.
563 849 666 929 Quod
691 868 755 909 nos
774 847 1054 929 aegreferentes,
1080 869 1159 911 cum
1183 870 1356 912 memores
1373 851 1481 912 simus

201 961 279 1042 quid
304 960 381 1022 cir¹¹¹
404 969 486 1020 tuae
511 976 617 1037 super
641 956 695 1018 his
720 955 922 1018 dederimus
946 955 1126 1018 facultatis
1150 975 1192 1018 ac
1214 957 1258 1019 de
1276 968 1335 1019 tua
1349 956 1479 1021 virtute

199 1080 233 1130 et
254 1064 445 1149 prudentia
475 1074 511 1126 et
535 1083 622 1144 erga
646 1082 816 1135 sutrinum
844 1064 955 1124 Deum
988 1062 1163 1144 religione
1197 1064 1329 1144 optime
1355 1065 1479 1126 sentia·

198 1195 281 1252 mus,
307 1171 482 1234 voluimus
505 1180 541 1233 te
566 1171 683 1231 denuo
707 1189 773 1250 per
796 1170 860 1231 has
886 1169 1021 1231 litteras
1046 1171 1180 1232 hortari
1205 1181 1242 1232 ut
1259 1172 1412 1233 studium
1437 1193 1478 1234 ac

193 1279 418 1371 diligentiam
451 1278 622 1340 exhibere
646 1277 758 1338 velles
790 1296 860 1356 quo
885 1278 973 1338 haec
1003 1285 1102 1338 tanta
1125 1279 1225 1338 labes
1257 1288 1376 1340 rectae
1401 1279 1478 1341 reli·

189 1387 313 1470 gionis
347 1386 382 1447 in
417 1385 467 1446 eis
491 1384 578 1446 locis
611 1382 841 1464 extinguatur
873 1402 908 1444 tn
938 1383 1065 1464 quibus
1099 1403 1178 1445 cum
1210 1384 1291 1446 talis
1324 1385 1479 1448 faemina

189 1494 289 1557 omni
321 1492 450 1554 virtute
484 1502 519 1553 et
551 1491 685 1572 pietate
719 1498 883 1571 prestans
917 1501 1055 1571 gratam
1089 1491 1222 1553 habeat
1254 1502 1478 1574 potestatem,

188 1621 266 1665 non
292 1619 479 1683 possumus
503 1598 666 1659 dubitare
690 1597 783 1659 illius
807 1596 961 1659 instante
992 1597 1219 1678 auctoritate,
1243 1608 1304 1661 tua
1327 1599 1478 1662 interve·

189 1709 317 1771 niente
351 1727 436 1768 cura
468 1714 504 1767 et
535 1702 790 1782 sollicitudine,
827 1703 910 1784 quin
945 1704 1063 1765 omnia
1096 1705 1165 1766 sint
1193 1705 1310 1768 futura
1343 1709 1388 1768 ad
1413 1708 1481 1770 Dei

187 1826 233 1878 et
254 1813 423 1894 autiquae
447 1811 531 1873 fidei
546 1812 716 1873 honorem
741 1830 782 1872 ac
800 1810 1063 1873 observantiam
1087 1810 1206 1875 facilia
1231 1823 1337 1894 atque
1355 1835 1478 1895 prona.

191 1922 276 1986 Non
303 1920 395 1983 enim
428 1919 463 1980 in
487 1917 590 1979 nobis
613 1917 729 1979 inesse
753 1927 872 1999 potest
903 1919 975 1980 ulla
999 1917 1173 1981 dubitatio
1198 1919 1293 1981 illam
1326 1922 1433 1983 tantis
1458 1943 1478 1984 a

192 2030 275 2091 Deo
309 2026 412 2089 donis
443 2034 479 2088 et
503 2025 645 2086 dotibus
670 2034 828 2086 ornatam
854 2024 1036 2086 mulierem
1070 2046 1161 2106 quae
1193 2026 1264 2089 suis
1288 2027 1478 2090 virtutibus

189 2135 351 2198 omniurn
384 2153 527 2195 suorum
551 2130 721 2193 maiorum
755 2130 904 2193 virtutes
937 2142 1163 2214 representat
1195 2134 1477 2214 posthabituram

188 2245 343 2305 tutelam
368 2251 403 2303 et
427 2238 668 2302 defensionem
687 2236 907 2300 Christianae
931 2237 1115 2318 religionis
1140 2239 1215 2301 eius
1239 2260 1330 2320 quae
1355 2261 1376 2302 a
1400 2240 1475 2322 Spi-

191 2349 264 2412 ritu
289 2348 423 2410 Sancto
454 2366 519 2427 per
542 2365 666 2406 manus
699 2354 900 2406 sanctorum
931 2354 1071 2425 patrum
1105 2340 1130 2407 a¹
1151 2355 1203 2408 tot
1234 2346 1302 2409 iam
1327 2349 1477 2411 saeculis

197 2466 342 2537 recepta
366 2464 402 2516 et
425 2456 578 2534 probata
602 2461 664 2514 est.
707 2450 825 2530 Quare
849 2461 884 2512 te
907 2451 974 2513 hac
999 2473 1063 2534 spe
1078 2450 1247 2515 fidentem
1272 2466 1308 2516 et
1324 2475 1392 2537 ope
1409 2456 1477 2518 Dei

202 2584 238 2626 ac
262 2575 384 2625 nostra
404 2559 614 2621 auctoritate
639 2569 769 2638 tuaque
793 2558 925 2619 virtute
940 2569 1112 2621 armatum
1138 2561 1224 2622 dare
1240 2562 1476 2625 omnimodam

201 2690 342 2753 operam
366 2670 527 2730 volumus
552 2675 589 2726 ut
614 2685 734 2727 eorum
759 2664 818 2744 qui
835 2663 1064 2727 ministerium
1088 2668 1155 2728 hoc
1176 2687 1324 2747 pravum
1349 2681 1384 2731 et
1399 2689 1476 2749 per·

201 2777 366 2840 niciosum
391 2772 638 2855 corrumpendi
663 2771 823 2853 puriores
838 2770 973 2832 animas
995 2768 1176 2835 Sathanae
1194 2777 1346 2855 prebent
1361 2777 1477 2837 scelus

202 2895 302 2966 atque
327 2880 494 2964 perfidia,
526 2890 588 2940 aut
612 2898 675 2960 per
700 2877 932 2960 penitentiam
964 2877 1081 2940 delicti
1115 2881 1158 2941 ad
1184 2880 1370 2943 sanitatem
1396 2903 1477 2944 con·

201 3000 366 3070 vertatur,
387 2997 447 3050 aut
463 2985 580 3069 dignis
603 2983 785 3066 suppliciis
802 2985 1026 3056 cohibeatur;
1052 2985 1172 3066 inquo
1196 2987 1476 3069 circumspectio-

202 3097 252 3160 nis
275 3111 357 3159 tuae
382 3094 534 3156 studium
559 3103 593 3154 et
618 3112 736 3153 curam
762 3101 797 3152 et
818 3093 895 3152 Deo
921 3103 956 3153 et
981 3092 1083 3154 nobis
1107 3097 1267 3156 volumus
1292 3095 1474 3158 inservire.

204 3205 328 3266 Datum
352 3203 492 3264 Romae
517 3200 575 3262 die
600 3197 698 3260 XXI
722 3197 858 3279 Aprilis
883 3198 1083 3263 MDXXV.
1109 3200 1215 3261 Anno
1240 3202 1407 3263 secundo

793 3449 796 3452 ·
811 3455 813 3458 -
839 3449 936 3461 vax-m

794 3715 881 3780 201:

383 3851 542 3931 Clemens
575 3850 652 3928 VII.
693 3849 943 3951 Margarethae
981 3849 1075 3930 arch.
1109 3850 1285 3931 lustriae.

419 3997 511 4065 (diem
530 3996 611 4070 epist.
631 3996 668 4054 ad
685 3997 826 4069 rmupes
844 4012 894 4069 per
913 3996 1035 4054 sedulii.
1053 4010 1104 4054 tor.
1123 3996 1160 4054 fol
1186 3996 1251 4068 127.)

690 4112 743 4183 (21.
766 4116 867 4179 Aprilis
890 4113 975 4183 1525.)

284 4268 340 4331 Ex
375 4266 522 4348 regione
547 4267 760 4329 Hollandiae
797 4278 831 4328 et
867 4267 996 4329 circum
1032 4266 1276 4330 adiacentibus
1312 4268 1398 4329 locis
1437 4270 1472 4331 in

203 4376 324 4458 quibus
347 4385 429 4437 tuae
454 4373 657 4437 Nobilitatis
680 4384 840 4457 potestas
864 4385 900 4437 et
924 4376 1116 4437 auctoritas
1141 4395 1275 4436 summa
1297 4383 1365 4454 est,
1390 4395 1472 4457 quo-

202 4482 282 4547 tidie
305 4484 350 4545 ad
375 4502 439 4545 nos
463 4481 673 4544 deferuntur
696 4482 862 4561 querelae
887 4482 1058 4543 adversus
1081 4482 1290 4563 complures
1316 4481 1374 4563 qui
1399 4481 1474 4545 eius

203 4609 288 4672 quae
312 4609 404 4651 nunc
429 4590 669 4652 debacchatur
692 4591 860 4650 hereseos
884 4587 1033 4668 perfidia
1057 4588 1227 4670 inquinat,
1252 4597 1392 4650 vetusta
1411 4588 1473 4652 Ec·

203 4696 326 4760 clesiae
359 4703 579 4758 sacramenta
611 4704 646 4756 et
669 4694 774 4756 fidem
808 4695 948 4776 synceri
973 4696 1087 4757 cultus
1112 4694 1240 4757 Christi
1272 4715 1342 4757 non
1366 4696 1474 4758 modo

204 4802 409 4886 transgredi,
434 4804 495 4864 sed
514 4803 632 4884 palam
650 4802 756 4864 etiam
774 4803 1036 4883 reprehendere
1054 4814 1090 4864 et
1107 4822 1317 4884 oppugnare
1333 4804 1474 4883 audeat,
