3330 5580
706 512 952 568 edisse*

187 658 359 720 moniales
383 658 511 739 partim
543 660 651 735 ultro,
693 658 822 737 partim
857 656 970 718 coacti
1006 657 1209 738 relinquunt
1246 654 1478 725 monasteria,

187 767 322 827 nubent
347 773 382 827 et
406 766 593 843 nubentur,
619 774 654 826 et
679 767 841 827 nolentes
865 763 1066 826 consentire
1091 774 1126 826 et
1150 762 1312 826 habiturn
1327 760 1480 824 reiicere

189 872 428 954 expelluntur.

277 979 366 1041 Item
390 978 624 1060 Nerobergae
651 979 840 1061 occupavit
864 991 1009 1042 senatus
1032 976 1249 1041 monasteria
1274 972 1310 1040 S.
1327 975 1480 1056 Aegidii

189 1085 459 1147 Benedictinum
476 1084 713 1165 Cartusiense,
725 1084 1004 1164 Carmelitarum,
1015 1083 1327 1165 Augustinianum.
1352 1082 1399 1144 Et
1410 1081 1477 1146 Cli·

189 1194 321 1275 gemel,
335 1193 504 1254 Pillereut
520 1202 555 1254 et
565 1191 772 1255 Gerundeln
789 1213 830 1255 ac
841 1193 989 1255 fratrum
1000 1191 1275 1254 Teutonicorum
1288 1189 1323 1255 S.
1335 1190 1478 1266 Clarae,

189 1299 225 1364 S.
252 1300 477 1379 Catharinae,
501 1300 762 1362 interdixerunt
784 1301 839 1361 his
863 1300 975 1381 primo
998 1297 1214 1361 audientiam
1237 1297 1479 1360 confessionis

191 1407 320 1469 deinde
331 1407 612 1488 predicationem
623 1408 668 1469 ad
680 1409 861 1488 populum,
872 1407 976 1469 tertio
990 1407 1174 1469 missarum
1185 1405 1478 1485 celebrationem,

189 1525 315 1594 quarto
341 1514 459 1576 omnia
482 1513 603 1576 divina
627 1513 755 1578 officia.
803 1515 877 1576 Iam
894 1514 1027 1576 instant
1042 1523 1081 1575 ut
1097 1513 1256 1575 habitum
1278 1514 1473 1594 deponant,

190 1641 229 1682 se
253 1619 362 1682 fuisse
386 1621 421 1682 in
447 1630 539 1682 statu
565 1621 801 1683 damnationis
825 1621 952 1683 litteris
976 1620 1181 1702 patentibus
1208 1630 1477 1699 recognoscant

191 1738 226 1791 et
258 1728 473 1790 monasteria
503 1728 641 1790 senatui
673 1729 913 1809 dispensanda
949 1727 1163 1790 eleemosina
1195 1728 1358 1806 tradant,
1397 1747 1476 1789 curn

190 1835 353 1897 omnibus
377 1834 585 1897 redditibus
631 1834 791 1897 Minores
826 1834 861 1895 in
890 1836 983 1896 hunc
1015 1833 1106 1896 diem
1139 1833 1368 1910 restiterunt,
1395 1835 1476 1897 Pre-

191 1943 366 2004 dicatores
392 1941 473 2003 mali
497 1951 767 2015 consenserunt,
792 1941 877 2003 boni
901 1952 1018 2003 autem
1043 1941 1263 2003 clandestine
1288 1943 1334 2002 ad
1362 1942 1476 2003 Bava-

190 2049 277 2112 riam
290 2049 469 2130 fugerunt.
506 2049 585 2110 Hoc
602 2058 638 2110 et
654 2048 689 2108 in
706 2047 823 2109 multis
840 2046 916 2109 aliis
937 2045 976 2108 fit
992 2047 1195 2110 civitatibus
1220 2048 1477 2128 imperialibus.

190 2157 303 2218 Porro
318 2155 491 2236 incipiunt
506 2155 617 2217 ferme
641 2154 676 2216 in
702 2154 864 2217 omnibus
880 2154 1083 2216 civitatibus
1100 2156 1315 2235 compellere
1332 2155 1478 2218 Clerum

191 2272 227 2325 et
251 2261 440 2344 religiosos
458 2275 495 2323 ut
510 2262 717 2324 renunciata
733 2261 898 2324 libertate
914 2260 1156 2323 ecclesiastica
1172 2263 1268 2323 nulla
1292 2265 1480 2344 gaudeant

189 2369 418 2447 immunitate,
436 2369 499 2430 sed
517 2367 634 2430 omnia
650 2389 759 2430 onera
775 2367 891 2429 ferant
906 2367 1024 2430 civilia
1038 2377 1199 2449 tempore
1216 2367 1316 2449 pacis
1333 2380 1371 2431 et
1390 2371 1477 2433 belli

189 2476 279 2537 sicut
293 2475 352 2537 alli
364 2475 453 2539 laici.
479 2476 536 2538 Ita
546 2474 677 2537 factum
702 2487 755 2536 est
774 2474 1006 2555 Argentinae,
1032 2472 1271 2552 Constantiae‚
1296 2476 1478 2557 Basileae,

189 2580 328 2665 Spirae,
344 2582 563 2664 Moguntiae,
579 2581 823 2663 Nerobergae,
842 2580 1107 2662 Wittemburgi,
1124 2581 1341 2665 Wimpinae,
1364 2583 1478 2646 Haill-

189 2689 328 2768 brunni,
338 2689 574 2769 Ratisponae,
584 2698 619 2750 et
628 2697 665 2750 ut
676 2688 794 2750 ferunt
807 2686 1055 2768 Onoltzpachii
1064 2699 1100 2750 et
1108 2689 1269 2771 pluribus
1283 2690 1362 2751 aliis
1377 2692 1478 2755 locis.

189 2795 444 2860 Sacerdotibus
456 2796 506 2859 eis
520 2795 792 2858 adversantibus
806 2794 958 2856 libenter
970 2795 1108 2857 veniam
1123 2797 1208 2858 dant
1221 2797 1379 2859 abeundi
1396 2820 1478 2861 cum

189 2904 379 2966 medietate
393 2903 570 2965 fructuum
580 2903 821 2984 praebendae,
831 2901 1001 2984 reliquam
1011 2903 1236 2966 medietatem
1248 2916 1475 2968 servantnon

188 3032 253 3093 pro
262 3010 381 3073 Missis
392 3011 611 3092 supplendis,
622 3030 707 3090 quas
720 3010 834 3071 nullas
849 3008 925 3071 fieri
936 3009 1154 3090 permittunt,
1166 3012 1228 3073 sed
1238 3011 1272 3072 in
1286 3031 1478 3075 commune

188 3129 364 3199 reponunt
388 3138 453 3200 pro
479 3116 693 3179 eleemosina
717 3126 754 3177 ut
780 3117 911 3195 dicunt,
937 3126 972 3178 et
996 3115 1045 3177 ita
1069 3118 1114 3179 de
1139 3118 1337 3180 redditibus
1363 3123 1463 3182 eccle

189 3224 339 3287 siasticis
362 3227 497 3288 habent
520 3223 631 3286 ferme
661 3244 766 3285 12000
789 3222 943 3286 florenos
967 3244 1033 3306 pro
1059 3224 1291 3303 eleemosinis,
1317 3225 1378 3287 alii
1395 3228 1476 3289 esti-

191 3340 287 3393 mant
318 3333 363 3393 ad
400 3351 504 3409 ¹5000
532 3329 654 3392 floren.
683 3329 868 3411 Principes
897 3350 983 3392 vero
1012 3330 1118 3412 aliqui
1155 3331 1224 3393 etsi
1248 3351 1314 3412 pro
1338 3333 1478 3396 viribus

187 3438 354 3500 resistant
379 3437 544 3500 seditioni
568 3436 789 3513 rusticorum,
813 3436 921 3518 aliqui
938 3447 1054 3499 tamen
1070 3438 1284 3500 monasteria
1306 3440 1475 3521 spoliant,

189 3545 297 3626 aliqui
322 3544 565 3607 ordinationes
596 3543 855 3605 haereticorum
884 3543 918 3604 in
951 3543 1081 3605 divinis
1113 3543 1239 3606 officiis
1270 3559 1475 3628 acceptant,

190 3655 382 3715 monachos
407 3673 427 3715 e
451 3650 673 3714 monasteriis
697 3653 844 3732 pellunt,
876 3651 1121 3714 sacerdotibus
1154 3672 1285 3715 uxores
1309 3653 1345 3715 in
1381 3653 1475 3717 facie

189 3760 372 3823 Ecclesiae
405 3759 615 3841 permittunt
648 3759 796 3837 ducere,
841 3757 948 3839 aliqui
983 3758 1133 3821 subditis
1157 3761 1396 3840 permiserunt
1429 3785 1474 3824 ne

191 3866 359 3946 deinceps
383 3866 538 3928 minores
562 3865 717 3927 decimas
742 3874 776 3926 et
801 3866 1008 3947 personales
1033 3868 1119 3928 dare
1148 3879 1322 3947 cogantur
1356 3880 1393 3931 et
1423 3881 1473 3932 ta·

190 3970 270 4035 men
296 3974 340 4035 de
365 3973 437 4035 suis
461 3972 628 4035 oneribus
653 3972 738 4033 nibil
763 3971 959 4044 remittunt;
986 3974 1081 4033 nulla
1098 3973 1299 4035 reverentia
1322 3973 1362 4036 fit
1376 3978 1474 4039 clero

192 4079 371 4162 episcopis
396 4091 430 4142 et
454 4079 622 4160 potestati
647 4079 811 4149 clavium;
836 4078 872 4141 in
897 4079 1001 4141 curiis
1037 4079 1234 4161 principum
1267 4101 1332 4143 nec
1365 4084 1472 4145 nomi·

191 4207 276 4250 nare
307 4186 383 4268 quis
422 4187 552 4247 audeat
593 4185 1005 4258 excommunicationem
1041 4188 1158 4248 nullae
1197 4185 1285 4249 fiunt
1320 4190 1474 4272 amplius

192 4293 391 4356 oblationes
433 4294 478 4354 ad
522 4294 650 4364 altare;
689 4291 936 4372 praecationes
973 4312 1039 4373 pro
1072 4292 1218 4355 mortuis
1253 4294 1472 4368 rarissimae;

192 4401 339 4463 mortuis
371 4399 634 4482 praebendatis,
659 4400 694 4462 in
726 4399 844 4462 multis
874 4399 1015 4482 oppidis
1044 4399 1254 4461 beneficium
1289 4421 1359 4464 non
1393 4423 1472 4465 con·

192 4506 311 4568 ferunt
352 4507 454 4570 alteri
485 4508 547 4569 sed
582 4507 813 4588 extinguunt,
850 4515 884 4568 et
919 4507 1013 4588 quod
1051 4516 1104 4568 est
1128 4507 1332 4571 horribilius
1362 4509 1474 4574 maior

192 4634 275 4695 pars
299 4613 478 4676 hominum
513 4613 549 4676 in
587 4614 769 4696 Augusta,
800 4613 1019 4695 Argentina,
1052 4614 1195 4694 ‘lurego
1224 4624 1259 4675 et
1291 4615 1369 4677 aliis
1402 4637 1471 4678 non

193 4722 342 4783 credunt
365 4741 487 4782 verum
512 4720 648 4801 Corpus
673 4719 803 4784 Christi
827 4740 905 4783 esse
926 4722 992 4782 sub
1017 4717 1247 4782 Sacramento
1271 4723 1335 4783 sed
1360 4725 1472 4786 solum

192 4847 321 4907 panem
346 4837 380 4889 et
405 4828 533 4893 vinum.
586 4826 641 4889 llli
669 4827 738 4889 iam
767 4827 853 4889 nihil
883 4839 1007 4889 curant
1039 4827 1083 4889 de
1115 4826 1309 4890 mutatione
1340 4829 1470 4893 Missae
