3330 5580
743 454 800 505 ΜΒ
839 451 917 505 XXII
956 450 1014 505 ἰθύ

243 595 462 675 quorundam
487 595 613 675 studia,
639 599 733 677 quod
760 600 814 658 vel
851 598 1001 660 nominis
1029 599 1112 660 inde
1144 599 1418 681 perpetuitatem
1452 600 1524 663 vin-

242 699 362 763 dicare
378 701 444 764 sibi
461 703 606 784 cupiunt
624 714 683 765 aut
697 715 793 767 certe
810 704 919 767 ultum
936 705 979 767 iri
994 706 1165 768 adversus
1180 726 1242 769 eos
1259 726 1347 787 quos
1360 705 1525 788 implaca-

242 807 304 870 bili
328 809 411 871 odio
436 821 717 891 prosequuntur;
743 811 905 873 civitates
931 831 1071 892 quoque
1106 811 1187 874 huic
1212 812 1358 892 negotio
1382 813 1524 876 minime

242 916 380 994 desunt,
405 917 500 998 quod
526 937 564 980 se
589 920 656 981 hac
681 918 898 999 potissimum
930 918 988 980 via
1013 939 1034 980 a
1058 918 1209 980 caeteris
1233 938 1375 1001 quoque
1399 939 1524 1002 regum

240 1044 282 1084 ae
307 1022 559 1106 imperatorum
583 1026 752 1088 oneribus
777 1036 946 1088 excutere
971 1026 1179 1106 sperant“¹).

330 1129 430 1210 Quae
455 1152 534 1194 cum
558 1132 607 1195 ita
632 1142 760 1210 essent,
784 1133 890 1196 facile
915 1154 936 1195 a
960 1133 1196 1214 prudentibus
1219 1133 1420 1196 hominibus
1445 1154 1523 1215 pro·

242 1237 337 1300 xima
385 1239 545 1320 pericula
587 1240 901 1322 praevidebantur.
967 1240 1132 1303 Hanerus
1174 1239 1251 1321 ipse
1297 1242 1523 1303 hortabatur:

245 1344 423 1423 ,Caveant
448 1346 638 1429 principes,
662 1357 813 1409 caveant
837 1361 874 1410 et
903 1348 1066 1411 civitates
1090 1349 1186 1409 nulla
1210 1347 1426 1410 clancularia
1449 1346 1527 1409 fieri

241 1451 498 1529 conventicula,
512 1456 627 1516 nullas
639 1453 921 1535 conspirationes
934 1477 940 1526 ;
955 1474 1012 1516 res
1026 1454 1118 1516 enim
1127 1454 1240 1535 magis
1252 1454 1408 1518 factione
1417 1476 1524 1537 quarn

241 1578 306 1639 pro
328 1558 478 1621 veritate
496 1560 645 1641 agitur“.
680 1561 751 1623 Sed
775 1561 1033 1640 conventicula,
1052 1563 1115 1624 sed
1136 1561 1398 1625 coniurationes
1419 1563 1523 1627 solito

242 1664 398 1746 apertius
414 1670 687 1749 exercebantur,
704 1669 786 1732 odia
807 1672 1036 1747 acuebantur,
1055 1670 1246 1751 populares
1266 1669 1339 1732 irae
1359 1670 1523 1733 incende·

240 1776 379 1836 bantur.
399 1775 427 1836 F
429 1775 622 1838 rustraiam
636 1778 722 1839 adie
737 1776 851 1858 prima
862 1774 1083 1858 Septembris
1096 1775 1178 1838 anni
1192 1797 1249 1853 152
1260 1798 1270 1838 1
1283 1775 1395 1856 Julius
1404 1777 1522 1839 Cardi-

241 1880 331 1943 nalis
343 1882 387 1943 de
400 1882 550 1945 Medicis
561 1892 643 1945 tunc
657 1882 981 1945 Vicecancellarius
992 1883 1179 1946 Romanae
1189 1883 1371 1947 Ecclesiae
1380 1883 1524 1965 (deinde

242 1988 410 2052 Pontifex
434 1989 597 2052 Clemens
612 1990 705 2069 VII.)
725 1990 916 2071 scripserat
944 1990 1140 2052 Aleandro:
1175 1989 1367 2070 ,Omnibus
1389 1990 1524 2054 viribus

242 2095 418 2158 conamini
441 2108 479 2159 ut
504 2096 647 2160 Caesari
672 2109 707 2161 et
737 2096 959 2179 principibus
991 2096 1241 2159 ecclesiasticis
1274 2109 1309 2159 et
1338 2098 1523 2160 saeculari·

240 2205 307 2265 bus
330 2203 576 2284 persuadeatis
600 2203 657 2266 hic
684 2225 756 2267 non
780 2213 915 2267 tantum
941 2203 1001 2285 agi
1025 2204 1070 2266 de
1094 2203 1304 2267 confusione
1328 2203 1410 2266 fidei
1435 2204 1523 2267 chri·

241 2310 376 2374 stianae
390 2321 426 2374 et
438 2310 649 2390 catholicae,
663 2313 725 2373 sed
740 2312 845 2374 etiarn
859 2312 904 2373 de
919 2311 1096 2373 molienda
1121 2310 1340 2394 principibus
1362 2311 1525 2374 omnibus

244 2417 345 2481 ruina
356 2420 498 2481 eosdem
515 2439 536 2480 a
548 2417 703 2499 propriis
716 2418 974 2499 principatibus
987 2429 1022 2480 et
1036 2418 1199 2480 dominiis
1211 2420 1388 2480 trudendo
1400 2441 1407 2491 ;
1421 2417 1471 2480 ita
1487 2426 1528 2481 ut

242 2546 349 2587 causa
359 2524 404 2587 sit
417 2545 501 2589 vere
513 2525 671 2589 comunis
685 2536 720 2588 et
729 2546 793 2607 pro
807 2525 878 2588 fide
892 2537 927 2587 et
937 2545 1003 2606 pro
1015 2525 1225 2589 defensione
1239 2525 1324 2587 iuris
1339 2544 1445 2605 quum
1465 2545 1523 2588 ne·

241 2631 398 2714 quissimi
435 2632 485 2694 illi
520 2652 642 2694 omnes
676 2631 935 2694 dominationes
966 2631 1225 2695 ecclesiasticas
1256 2644 1291 2694 et
1323 2634 1524 2694 saeculares

241 2749 402 2802 evertere
436 2736 662 2821 conentur“²)
737 2738 918 2801 Aleander
955 2739 1031 2820 ipse
1065 2740 1172 2820 paulo
1216 2748 1297 2821 post
1333 2737 1525 2819 scripserat

241 2846 370 2909 Eckio:
401 2846 496 2928 ,Nisi
521 2846 653 2909 Caesar
678 2848 796 2908 obstet
820 2844 1058 2915 miserandam
1081 2845 1189 2907 visuri
1213 2866 1332 2908 sumus
1348 2845 1383 2908 in
1402 2845 1523 2909 Eccle-

241 2954 293 3017 sia
318 2954 386 3017 llei
410 2953 666 3031 calamitatem,
700 2954 763 3016 sed
798 2973 875 3015 curn
906 2972 1035 3034 magno
1065 2968 1101 3013 et
1124 2952 1239 3034 primo
1264 2951 1523 3016 Germanorum

242 3061 396 3141 maloth.

332 3170 381 3231 At
405 3169 537 3232 Caesar
564 3188 634 3230 non
661 3167 810 3230 viriliter
836 3166 991 3238 obstitit;
1017 3187 1038 3228 a
1053 3164 1245 3228 Germania
1261 3166 1295 3227 in
1314 3165 1524 3248 Hispaniam

242 3275 426 3339 discedere
451 3285 609 3355 coactus,
634 3274 715 3337 hinc
740 3273 917 3337 lutherani
947 3273 1126 3355 principes
1151 3273 1380 3336 audentiores
1405 3285 1440 3336 et
1473 3295 1523 3337 se-

241 3384 385 3465 gniores
411 3382 576 3445 catholici
601 3402 706 3464 quum
731 3381 816 3444 facti
842 3391 972 3460 essent,
997 3400 1055 3442 res
1080 3380 1115 3441 in
1141 3380 1242 3460 peius
1266 3380 1345 3443 ruit.
1394 3381 1524 3443 Parum

241 3491 378 3554 faustus
403 3488 724 3570 Nurembergensis
748 3497 943 3551 conventus
968 3486 1123 3550 ostendit
1148 3486 1320 3565 omnibus,
1345 3506 1383 3548 se
1408 3486 1522 3568 parvi·

242 3598 400 3680 pendere
425 3595 633 3659 Pontificem
659 3605 694 3658 et
718 3594 922 3666 Caesarem
954 3596 1108 3656 nondum
1140 3593 1233 3656 sicco
1262 3593 1397 3656 decreti
1421 3592 1524 3655 Wor-

243 3702 424 3767 matiensis
467 3712 665 3766 atramento
674 3751 682 3782 ,
728 3702 839 3784 ipsius
870 3700 1112 3764 ordinationes
1151 3721 1285 3763 vacuae
1325 3710 1524 3780 evaserant,

244 3822 385 3895 spretae
422 3833 442 3873 a
479 3810 699 3893 principibus
746 3821 781 3872 et
824 3808 1109 3891 magistratibus,
1148 3808 1387 3871 labefactatae
1424 3806 1525 3870 novis

244 3920 362 3982 dietae
385 3916 706 3998 Nurembergensis
738 3915 1021 3998 provisionibus;
1055 3916 1104 3977 ita
1135 3930 1172 3976 ut
1204 3915 1317 3978 nuntii
1347 3913 1526 3997 pontificis

244 4029 289 4090 ad
315 4027 478 4090 Carolurn
505 4024 598 4088 missi
624 4024 738 4088 eidem
762 4023 967 4105 imperatori
992 4024 1231 4085 declararent:
1259 4022 1359 4103 „Non
1385 4022 1525 4103 privato

244 4135 430 4197 commodo
455 4143 515 4194 aut
539 4131 684 4213 propria
710 4130 861 4193 utilitate
885 4131 920 4193 in
947 4150 985 4192 re
1014 4129 1218 4211 germanica
1249 4140 1411 4191 movetur
1435 4129 1524 4190 Pon·

244 4241 334 4304 tifex
358 4241 421 4303 sed
443 4250 495 4301 tot
519 4237 714 4301 animarum
737 4237 873 4299 iactura
898 4247 933 4299 et
948 4236 1103 4308 damnis;
1129 4237 1282 4298 addatur
1298 4235 1404 4298 etiam
1429 4236 1524 4316 quod

245 4369 351 4430 quum
391 4347 578 4409 Caesarem
616 4356 766 4428 paterno
806 4364 926 4406 amore
959 4343 1094 4425 diligat,
1135 4342 1292 4424 graviter
1334 4342 1524 4404 admodum

244 4455 355 4518 ferret
379 4453 408 4515 si
433 4453 534 4514 huius
558 4451 779 4533 temporibus
803 4473 824 4513 a
857 4468 970 4533 grege
994 4449 1063 4512 Dei
1094 4449 1190 4512 natio
1220 4447 1424 4531 germanica
1457 4447 1523 4510 dis·

245 4571 458 4644 gregaretur
482 4558 596 4621 eidem
620 4557 800 4621 Maiestati
829 4557 1061 4639 imputaretur
1085 4558 1180 4637 quod
1206 4555 1348 4619 defectu
1372 4555 1523 4637 pruden-

244 4687 457 4695 *ρ*

320 4737 341 4803 ι)
360 4741 473 4787 Docum.
496 4750 553 4800 141.
573 4737 619 4787 sol.
639 4737 700 4797 316,
719 4747 781 4799 317.
926 4732 948 4805 ²)
967 4737 1081 4785 Docum.
1105 4747 1143 4798 17.
1163 4734 1211 4787 fol.
1230 4748 1273 4799 44,
1293 4744 1336 4797 45.

318 4817 338 4885 ³)
358 4821 425 4867 Duc.
447 4829 488 4877 23.
508 4817 554 4868 fol.
576 4818 618 4879 58.
