<?xml version="1.0" encoding="UTF-8"?>
<!DOCTYPE html PUBLIC "-//W3C//DTD XHTML 1.0 Transitional//EN"
    "http://www.w3.org/TR/xhtml1/DTD/xhtml1-transitional.dtd">
<html xmlns="http://www.w3.org/1999/xhtml" xml:lang="en" lang="en">
 <head>
  <title>
</title>
<meta http-equiv="Content-Type" content="text/html;charset=utf-8" />
  <meta name='ocr-system' content='tesseract 3.04.00' />
  <meta name='ocr-capabilities' content='ocr_page ocr_carea ocr_par ocr_line ocrx_word'/>
</head>
<body>
  <div class='ocr_page' id='page_1' title='image "./monumentareform00vatigoog_0300.png"; bbox 0 0 3330 5580; ppageno 0'>
   <div class='ocr_carea' id='block_1_1' title="bbox 658 445 905 501">
    <p class='ocr_par' dir='ltr' id='par_1_1' title="bbox 658 445 905 501">
     <span class='ocr_line' id='line_1_1' title="bbox 658 445 905 501; baseline -0.004 -1"><span class='ocrx_word' id='word_1_1' title='bbox 658 445 808 501; x_wconf 44' lang='lat'>043‘259</span> <span class='ocrx_word' id='word_1_2' title='bbox 847 446 905 499; x_wconf 52' lang='lat'>&amp;0</span> 
     </span>
    </p>
   </div>
   <div class='ocr_carea' id='block_1_2' title="bbox 122 590 1421 891">
    <p class='ocr_par' dir='ltr' id='par_1_2' title="bbox 122 590 1421 891">
     <span class='ocr_line' id='line_1_2' title="bbox 122 590 1420 676; baseline -0.003 -21"><span class='ocrx_word' id='word_1_3' title='bbox 122 594 255 673; x_wconf 87' lang='lat' dir='ltr'>tione,</span> <span class='ocrx_word' id='word_1_4' title='bbox 288 615 345 656; x_wconf 89' lang='lat' dir='ltr'>ma</span> <span class='ocrx_word' id='word_1_5' title='bbox 377 593 486 656; x_wconf 88' lang='lat' dir='ltr'>credo</span> <span class='ocrx_word' id='word_1_6' title='bbox 517 594 583 655; x_wconf 88' lang='lat' dir='ltr'>che</span> <span class='ocrx_word' id='word_1_7' title='bbox 615 591 722 676; x_wconf 90' lang='lat' dir='ltr'>quelli</span> <span class='ocrx_word' id='word_1_8' title='bbox 754 594 820 654; x_wconf 88' lang='lat' dir='ltr'>che</span> <span class='ocrx_word' id='word_1_9' title='bbox 850 612 905 653; x_wconf 90' lang='lat' dir='ltr'>me</span> <span class='ocrx_word' id='word_1_10' title='bbox 938 591 1102 653; x_wconf 87' lang='lat' dir='ltr'>scriveno</span> <span class='ocrx_word' id='word_1_11' title='bbox 1133 595 1206 652; x_wconf 85' lang='lat' dir='ltr'>cosl</span> <span class='ocrx_word' id='word_1_12' title='bbox 1238 590 1346 653; x_wconf 87' lang='lat' dir='ltr'>fanno</span> <span class='ocrx_word' id='word_1_13' title='bbox 1385 601 1420 652; x_wconf 90' lang='lat' dir='ltr'>et</span> 
     </span>
     <span class='ocr_line' id='line_1_3' title="bbox 124 697 1421 783; baseline -0.004 -19"><span class='ocrx_word' id='word_1_14' title='bbox 124 702 336 783; x_wconf 87' lang='lat' dir='ltr'>divulgano</span> <span class='ocrx_word' id='word_1_15' title='bbox 369 703 418 763; x_wconf 92' lang='lat' dir='ltr'>tal</span> <span class='ocrx_word' id='word_1_16' title='bbox 450 699 544 764; x_wconf 85' lang='lat' dir='ltr'>sama</span> <span class='ocrx_word' id='word_1_17' title='bbox 576 720 642 782; x_wconf 90' lang='lat' dir='ltr'>per</span> <span class='ocrx_word' id='word_1_18' title='bbox 670 700 821 781; x_wconf 84' lang='lat' dir='ltr'>qualche</span> <span class='ocrx_word' id='word_1_19' title='bbox 858 700 934 760; x_wconf 93' lang='lat' dir='ltr'>loro</span> <span class='ocrx_word' id='word_1_20' title='bbox 967 701 1037 760; x_wconf 90' lang='lat' dir='ltr'>bon</span> <span class='ocrx_word' id='word_1_21' title='bbox 1072 697 1266 779; x_wconf 85' lang='lat' dir='ltr'>proposito.</span> <span class='ocrx_word' id='word_1_22' title='bbox 1320 697 1365 758; x_wconf 90' lang='lat' dir='ltr'>Et</span> <span class='ocrx_word' id='word_1_23' title='bbox 1400 718 1421 759; x_wconf 93' lang='lat' dir='ltr'>a</span> 
     </span>
     <span class='ocr_line' id='line_1_4' title="bbox 125 805 812 891; baseline -0.004 -19"><span class='ocrx_word' id='word_1_24' title='bbox 125 811 258 891; x_wconf 87' lang='lat' dir='ltr'>quella</span> <span class='ocrx_word' id='word_1_25' title='bbox 282 809 512 872; x_wconf 91' lang='lat' dir='ltr'>humilmente</span> <span class='ocrx_word' id='word_1_26' title='bbox 536 810 625 870; x_wconf 89' lang='lat' dir='ltr'>baso</span> <span class='ocrx_word' id='word_1_27' title='bbox 649 808 682 870; x_wconf 91' lang='lat' dir='ltr'>le</span> <span class='ocrx_word' id='word_1_28' title='bbox 708 805 812 869; x_wconf 87' lang='lat' dir='ltr'>mani.</span> 
     </span>
    </p>
   </div>
   <div class='ocr_carea' id='block_1_3' title="bbox 742 1243 815 1310">
    <p class='ocr_par' dir='ltr' id='par_1_3' title="bbox 742 1243 815 1310">
     <span class='ocr_line' id='line_1_5' title="bbox 742 1243 815 1310; baseline 0.041 -3"><span class='ocrx_word' id='word_1_29' title='bbox 742 1243 815 1310; x_wconf 89' lang='grc'><strong>101.</strong></span> 
     </span>
    </p>
   </div>
   <div class='ocr_carea' id='block_1_4' title="bbox 416 1360 1151 1440">
    <p class='ocr_par' dir='ltr' id='par_1_4' title="bbox 416 1360 1151 1440">
     <span class='ocr_line' id='line_1_6' title="bbox 416 1360 1151 1440; baseline 0.001 -1"><span class='ocrx_word' id='word_1_30' title='bbox 416 1360 663 1440; x_wconf 83' lang='lat' dir='ltr'>Aleander</span> <span class='ocrx_word' id='word_1_31' title='bbox 696 1360 1151 1440; x_wconf 70' lang='lat' dir='ltr'>vicecancellario.</span> 
     </span>
    </p>
   </div>
   <div class='ocr_carea' id='block_1_5' title="bbox 570 1497 989 1678">
    <p class='ocr_par' dir='ltr' id='par_1_5' title="bbox 570 1497 989 1678">
     <span class='ocr_line' id='line_1_7' title="bbox 570 1497 989 1568; baseline -0.002 -10"><span class='ocrx_word' id='word_1_32' title='bbox 570 1498 712 1568; x_wconf 69' lang='lat' dir='ltr'>(Nuntiat</span> <span class='ocrx_word' id='word_1_33' title='bbox 729 1498 856 1559; x_wconf 67' lang='lat' dir='ltr'>demun.</span> <span class='ocrx_word' id='word_1_34' title='bbox 873 1497 904 1557; x_wconf 72' lang='lat'>11·</span> <span class='ocrx_word' id='word_1_35' title='bbox 922 1499 989 1567; x_wconf 75' lang='lat'><strong>129.)</strong></span> 
     </span>
     <span class='ocr_line' id='line_1_8' title="bbox 632 1606 925 1678; baseline 0.003 -20"><span class='ocrx_word' id='word_1_36' title='bbox 632 1606 722 1678; x_wconf 81' lang='lat'><strong>(21.(?)</strong></span> <span class='ocrx_word' id='word_1_37' title='bbox 742 1611 816 1675; x_wconf 90' lang='lat' dir='ltr'>Junii</span> <span class='ocrx_word' id='word_1_38' title='bbox 839 1607 925 1676; x_wconf 80' lang='lat'><strong>1521.)</strong></span> 
     </span>
    </p>
   </div>
   <div class='ocr_carea' id='block_1_6' title="bbox 127 1749 1420 4294">
    <p class='ocr_par' dir='ltr' id='par_1_6' title="bbox 127 1749 1420 3012">
     <span class='ocr_line' id='line_1_9' title="bbox 230 1749 1420 1832; baseline -0.001 -18"><span class='ocrx_word' id='word_1_39' title='bbox 230 1752 273 1814; x_wconf 88' lang='lat' dir='ltr'>A’</span> <span class='ocrx_word' id='word_1_40' title='bbox 297 1750 334 1814; x_wconf 88' lang='lat' dir='ltr'>dl</span> <span class='ocrx_word' id='word_1_41' title='bbox 358 1750 433 1814; x_wconf 87' lang='lat' dir='ltr'>XII</span> <span class='ocrx_word' id='word_1_42' title='bbox 457 1751 587 1832; x_wconf 85' lang='lat' dir='ltr'>partite</span> <span class='ocrx_word' id='word_1_43' title='bbox 612 1749 721 1813; x_wconf 88' lang='lat' dir='ltr'>Cesar</span> <span class='ocrx_word' id='word_1_44' title='bbox 754 1752 800 1813; x_wconf 86' lang='lat' dir='ltr'>da</span> <span class='ocrx_word' id='word_1_45' title='bbox 824 1751 986 1814; x_wconf 91' lang='lat' dir='ltr'>Mastrict</span> <span class='ocrx_word' id='word_1_46' title='bbox 1015 1753 1061 1813; x_wconf 92' lang='lat' dir='ltr'>ad</span> <span class='ocrx_word' id='word_1_47' title='bbox 1087 1751 1290 1831; x_wconf 84' lang='lat' dir='ltr'>Curinghen</span> <span class='ocrx_word' id='word_1_48' title='bbox 1316 1753 1420 1813; x_wconf 90' lang='lat' dir='ltr'>luoco</span> 
     </span>
     <span class='ocr_line' id='line_1_10' title="bbox 128 1857 1420 1941; baseline -0.003 -17"><span class='ocrx_word' id='word_1_49' title='bbox 128 1862 197 1924; x_wconf 88' lang='lat' dir='ltr'>del</span> <span class='ocrx_word' id='word_1_50' title='bbox 222 1858 402 1941; x_wconf 90' lang='lat' dir='ltr'>Episcopo</span> <span class='ocrx_word' id='word_1_51' title='bbox 426 1858 462 1920; x_wconf 93' lang='lat' dir='ltr'>di</span> <span class='ocrx_word' id='word_1_52' title='bbox 481 1857 593 1939; x_wconf 88' lang='lat' dir='ltr'>Liege</span> <span class='ocrx_word' id='word_1_53' title='bbox 616 1878 682 1939; x_wconf 91' lang='lat' dir='ltr'>per</span> <span class='ocrx_word' id='word_1_54' title='bbox 705 1859 817 1920; x_wconf 90' lang='lat' dir='ltr'>andar</span> <span class='ocrx_word' id='word_1_55' title='bbox 842 1860 911 1921; x_wconf 90' lang='lat' dir='ltr'>alle</span> <span class='ocrx_word' id='word_1_56' title='bbox 935 1858 1087 1939; x_wconf 79' lang='lat' dir='ltr'>exequie</span> <span class='ocrx_word' id='word_1_57' title='bbox 1123 1857 1158 1920; x_wconf 95' lang='lat' dir='ltr'>di</span> <span class='ocrx_word' id='word_1_58' title='bbox 1183 1858 1353 1921; x_wconf 82' lang='lat' dir='ltr'>Chievres</span> <span class='ocrx_word' id='word_1_59' title='bbox 1385 1859 1420 1920; x_wconf 89' lang='lat' dir='ltr'>in</span> 
     </span>
     <span class='ocr_line' id='line_1_11' title="bbox 130 1965 1420 2047; baseline -0.005 -16"><span class='ocrx_word' id='word_1_60' title='bbox 130 1969 303 2046; x_wconf 79' lang='lat' dir='ltr'>Arescot‚</span> <span class='ocrx_word' id='word_1_61' title='bbox 328 1965 362 2027; x_wconf 92' lang='lat' dir='ltr'>io</span> <span class='ocrx_word' id='word_1_62' title='bbox 388 1985 459 2027; x_wconf 89' lang='lat' dir='ltr'>non</span> <span class='ocrx_word' id='word_1_63' title='bbox 482 1967 649 2027; x_wconf 85' lang='lat' dir='ltr'>havendo</span> <span class='ocrx_word' id='word_1_64' title='bbox 674 1985 695 2026; x_wconf 99' lang='lat' dir='ltr'>a</span> <span class='ocrx_word' id='word_1_65' title='bbox 719 1965 774 2027; x_wconf 79' lang='lat' dir='ltr'>far</span> <span class='ocrx_word' id='word_1_66' title='bbox 798 1965 833 2027; x_wconf 89' lang='lat' dir='ltr'>in</span> <span class='ocrx_word' id='word_1_67' title='bbox 858 1966 908 2027; x_wconf 92' lang='lat' dir='ltr'>tal</span> <span class='ocrx_word' id='word_1_68' title='bbox 932 1985 1016 2028; x_wconf 88' lang='lat' dir='ltr'>cosa</span> <span class='ocrx_word' id='word_1_69' title='bbox 1040 1965 1146 2028; x_wconf 88' lang='lat' dir='ltr'>andai</span> <span class='ocrx_word' id='word_1_70' title='bbox 1171 1987 1192 2027; x_wconf 93' lang='lat' dir='ltr'>a</span> <span class='ocrx_word' id='word_1_71' title='bbox 1209 1965 1330 2047; x_wconf 85' lang='lat' dir='ltr'>Liege,</span> <span class='ocrx_word' id='word_1_72' title='bbox 1356 1986 1420 2046; x_wconf 90' lang='lat' dir='ltr'>per</span> 
     </span>
     <span class='ocr_line' id='line_1_12' title="bbox 129 2070 1419 2153; baseline -0.002 -16"><span class='ocrx_word' id='word_1_73' title='bbox 129 2075 250 2138; x_wconf 87' lang='lat' dir='ltr'>veder</span> <span class='ocrx_word' id='word_1_74' title='bbox 273 2092 374 2136; x_wconf 90' lang='lat' dir='ltr'>come</span> <span class='ocrx_word' id='word_1_75' title='bbox 396 2074 430 2135; x_wconf 95' lang='lat' dir='ltr'>le</span> <span class='ocrx_word' id='word_1_76' title='bbox 455 2092 537 2151; x_wconf 87' lang='lat' dir='ltr'>cose</span> <span class='ocrx_word' id='word_1_77' title='bbox 553 2072 738 2134; x_wconf 83' lang='lat' dir='ltr'>lutherane</span> <span class='ocrx_word' id='word_1_78' title='bbox 754 2070 783 2134; x_wconf 91' lang='lat' dir='ltr'>si</span> <span class='ocrx_word' id='word_1_79' title='bbox 795 2082 994 2152; x_wconf 84' lang='lat' dir='ltr'>portavano</span> <span class='ocrx_word' id='word_1_80' title='bbox 1011 2071 1046 2134; x_wconf 93' lang='lat' dir='ltr'>in</span> <span class='ocrx_word' id='word_1_81' title='bbox 1064 2073 1183 2153; x_wconf 90' lang='lat' dir='ltr'>quella</span> <span class='ocrx_word' id='word_1_82' title='bbox 1206 2071 1302 2152; x_wconf 66' lang='lat' dir='ltr'>citui,</span> <span class='ocrx_word' id='word_1_83' title='bbox 1327 2075 1419 2134; x_wconf 91' lang='lat' dir='ltr'>dove</span> 
     </span>
     <span class='ocr_line' id='line_1_13' title="bbox 127 2176 1419 2262; baseline -0.003 -18"><span class='ocrx_word' id='word_1_84' title='bbox 127 2181 253 2244; x_wconf 83' lang='lat' dir='ltr'>trovai</span> <span class='ocrx_word' id='word_1_85' title='bbox 277 2200 343 2262; x_wconf 90' lang='lat' dir='ltr'>per</span> <span class='ocrx_word' id='word_1_86' title='bbox 367 2182 402 2241; x_wconf 88' lang='lat' dir='ltr'>la</span> <span class='ocrx_word' id='word_1_87' title='bbox 432 2178 501 2241; x_wconf 94' lang='lat' dir='ltr'>Dio</span> <span class='ocrx_word' id='word_1_88' title='bbox 532 2176 649 2259; x_wconf 77' lang='lat' dir='ltr'>gratia</span> <span class='ocrx_word' id='word_1_89' title='bbox 683 2178 767 2260; x_wconf 84' lang='lat' dir='ltr'>ogni</span> <span class='ocrx_word' id='word_1_90' title='bbox 798 2198 882 2241; x_wconf 90' lang='lat' dir='ltr'>cosa</span> <span class='ocrx_word' id='word_1_91' title='bbox 915 2179 1029 2242; x_wconf 88' lang='lat' dir='ltr'>andar</span> <span class='ocrx_word' id='word_1_92' title='bbox 1061 2178 1254 2242; x_wconf 86' lang='lat' dir='ltr'>benissimo</span> <span class='ocrx_word' id='word_1_93' title='bbox 1287 2190 1419 2260; x_wconf 88' lang='lat' dir='ltr'>quanto</span> 
     </span>
     <span class='ocr_line' id='line_1_14' title="bbox 129 2283 1420 2372; baseline -0.005 -19"><span class='ocrx_word' id='word_1_94' title='bbox 129 2286 349 2372; x_wconf 85' lang='lat' dir='ltr'>appertiene</span> <span class='ocrx_word' id='word_1_95' title='bbox 373 2284 433 2348; x_wconf 91' lang='lat' dir='ltr'>alli</span> <span class='ocrx_word' id='word_1_96' title='bbox 458 2285 516 2348; x_wconf 89' lang='lat' dir='ltr'>del</span> <span class='ocrx_word' id='word_1_97' title='bbox 541 2305 666 2366; x_wconf 88' lang='lat' dir='ltr'>paese;</span> <span class='ocrx_word' id='word_1_98' title='bbox 700 2305 787 2347; x_wconf 88' lang='lat' dir='ltr'>vero</span> <span class='ocrx_word' id='word_1_99' title='bbox 818 2283 837 2347; x_wconf 77' lang='lat' dir='ltr'>e</span> <span class='ocrx_word' id='word_1_100' title='bbox 869 2287 935 2347; x_wconf 89' lang='lat' dir='ltr'>che</span> <span class='ocrx_word' id='word_1_101' title='bbox 963 2285 1082 2368; x_wconf 88' lang='lat' dir='ltr'>aliqua</span> <span class='ocrx_word' id='word_1_102' title='bbox 1106 2295 1225 2348; x_wconf 89' lang='lat' dir='ltr'>tamen</span> <span class='ocrx_word' id='word_1_103' title='bbox 1250 2289 1420 2348; x_wconf 85' lang='lat' dir='ltr'>suberant</span> 
     </span>
     <span class='ocr_line' id='line_1_15' title="bbox 128 2390 1420 2473; baseline -0.003 -15"><span class='ocrx_word' id='word_1_104' title='bbox 128 2393 272 2458; x_wconf 82' lang='lat' dir='ltr'>veteris</span> <span class='ocrx_word' id='word_1_105' title='bbox 294 2390 449 2473; x_wconf 83' lang='lat' dir='ltr'>vestigia</span> <span class='ocrx_word' id='word_1_106' title='bbox 472 2391 608 2453; x_wconf 86' lang='lat' dir='ltr'>fraudis</span> <span class='ocrx_word' id='word_1_107' title='bbox 631 2391 667 2454; x_wconf 91' lang='lat' dir='ltr'>in</span> <span class='ocrx_word' id='word_1_108' title='bbox 692 2391 809 2453; x_wconf 90' lang='lat' dir='ltr'>alcuni</span> <span class='ocrx_word' id='word_1_109' title='bbox 832 2390 1009 2454; x_wconf 84' lang='lat' dir='ltr'>forestieri</span> <span class='ocrx_word' id='word_1_110' title='bbox 1033 2392 1057 2455; x_wconf 92' lang='lat' dir='ltr'>li</span> <span class='ocrx_word' id='word_1_111' title='bbox 1073 2393 1168 2473; x_wconf 90' lang='lat' dir='ltr'>quali</span> <span class='ocrx_word' id='word_1_112' title='bbox 1193 2413 1301 2455; x_wconf 89' lang='lat' dir='ltr'>erano</span> <span class='ocrx_word' id='word_1_113' title='bbox 1326 2392 1360 2455; x_wconf 91' lang='lat' dir='ltr'>in</span> <span class='ocrx_word' id='word_1_114' title='bbox 1387 2397 1420 2455; x_wconf 88' lang='lat' dir='ltr'>la</span> 
     </span>
     <span class='ocr_line' id='line_1_16' title="bbox 130 2497 1419 2581; baseline -0.003 -16"><span class='ocrx_word' id='word_1_115' title='bbox 130 2499 383 2565; x_wconf 87' lang='lat' dir='ltr'>coniuratione</span> <span class='ocrx_word' id='word_1_116' title='bbox 408 2498 443 2560; x_wconf 89' lang='lat' dir='ltr'>di</span> <span class='ocrx_word' id='word_1_117' title='bbox 468 2498 583 2579; x_wconf 88' lang='lat' dir='ltr'>questi</span> <span class='ocrx_word' id='word_1_118' title='bbox 617 2498 745 2561; x_wconf 89' lang='lat' dir='ltr'>ribaldi</span> <span class='ocrx_word' id='word_1_119' title='bbox 778 2497 895 2579; x_wconf 86' lang='lat' dir='ltr'>impii,</span> <span class='ocrx_word' id='word_1_120' title='bbox 931 2519 1000 2561; x_wconf 92' lang='lat' dir='ltr'>non</span> <span class='ocrx_word' id='word_1_121' title='bbox 1030 2502 1117 2580; x_wconf 83' lang='lat' dir='ltr'>pero</span> <span class='ocrx_word' id='word_1_122' title='bbox 1149 2509 1248 2562; x_wconf 90' lang='lat' dir='ltr'>tanto</span> <span class='ocrx_word' id='word_1_123' title='bbox 1281 2501 1419 2581; x_wconf 87' lang='lat' dir='ltr'>potenti</span> 
     </span>
     <span class='ocr_line' id='line_1_17' title="bbox 130 2606 1420 2688; baseline -0.001 -18"><span class='ocrx_word' id='word_1_124' title='bbox 130 2608 206 2671; x_wconf 88' lang='lat' dir='ltr'>che</span> <span class='ocrx_word' id='word_1_125' title='bbox 231 2608 506 2670; x_wconf 88' lang='lat' dir='ltr'>subvertesseno</span> <span class='ocrx_word' id='word_1_126' title='bbox 526 2606 608 2687; x_wconf 90' lang='lat' dir='ltr'>quel</span> <span class='ocrx_word' id='word_1_127' title='bbox 624 2606 758 2686; x_wconf 90' lang='lat' dir='ltr'>populo</span> <span class='ocrx_word' id='word_1_128' title='bbox 783 2606 842 2667; x_wconf 94' lang='lat' dir='ltr'>del</span> <span class='ocrx_word' id='word_1_129' title='bbox 858 2613 949 2667; x_wconf 89' lang='lat' dir='ltr'>tutto</span> <span class='ocrx_word' id='word_1_130' title='bbox 965 2606 1161 2678; x_wconf 87' lang='lat' dir='ltr'>catholico;</span> <span class='ocrx_word' id='word_1_131' title='bbox 1186 2627 1253 2688; x_wconf 86' lang='lat' dir='ltr'>pur</span> <span class='ocrx_word' id='word_1_132' title='bbox 1269 2607 1420 2669; x_wconf 88' lang='lat' dir='ltr'>faceano</span> 
     </span>
     <span class='ocr_line' id='line_1_18' title="bbox 131 2694 1419 2797; baseline -0.002 -19"><span class='ocrx_word' id='word_1_133' title='bbox 131 2723 312 2797; x_wconf 80' lang='lat' dir='ltr'>apportat</span> <span class='ocrx_word' id='word_1_134' title='bbox 339 2724 376 2777; x_wconf 89' lang='lat' dir='ltr'>et</span> <span class='ocrx_word' id='word_1_135' title='bbox 398 2694 534 2775; x_wconf 84' lang='lat' dir='ltr'>vender</span> <span class='ocrx_word' id='word_1_136' title='bbox 559 2711 619 2774; x_wconf 87' lang='lat' dir='ltr'>alli</span> <span class='ocrx_word' id='word_1_137' title='bbox 643 2711 765 2775; x_wconf 89' lang='lat' dir='ltr'>librari</span> <span class='ocrx_word' id='word_1_138' title='bbox 796 2713 833 2774; x_wconf 92' lang='lat' dir='ltr'>di</span> <span class='ocrx_word' id='word_1_139' title='bbox 858 2711 938 2775; x_wconf 90' lang='lat' dir='ltr'>libri</span> <span class='ocrx_word' id='word_1_140' title='bbox 966 2713 1002 2775; x_wconf 90' lang='lat' dir='ltr'>di</span> <span class='ocrx_word' id='word_1_141' title='bbox 1027 2713 1177 2793; x_wconf 79' lang='lat' dir='ltr'>Luther,</span> <span class='ocrx_word' id='word_1_142' title='bbox 1212 2716 1245 2776; x_wconf 95' lang='lat' dir='ltr'>al</span> <span class='ocrx_word' id='word_1_143' title='bbox 1271 2715 1337 2776; x_wconf 87' lang='lat' dir='ltr'>cho</span> <span class='ocrx_word' id='word_1_144' title='bbox 1362 2715 1419 2776; x_wconf 88' lang='lat' dir='ltr'>del</span> 
     </span>
     <span class='ocr_line' id='line_1_19' title="bbox 129 2819 1419 2901; baseline -0.002 -17"><span class='ocrx_word' id='word_1_145' title='bbox 129 2831 232 2885; x_wconf 90' lang='lat' dir='ltr'>tutto</span> <span class='ocrx_word' id='word_1_146' title='bbox 254 2822 301 2883; x_wconf 92' lang='lat' dir='ltr'>ho</span> <span class='ocrx_word' id='word_1_147' title='bbox 326 2822 411 2883; x_wconf 90' lang='lat' dir='ltr'>dato</span> <span class='ocrx_word' id='word_1_148' title='bbox 436 2819 560 2883; x_wconf 90' lang='lat' dir='ltr'>ordine</span> <span class='ocrx_word' id='word_1_149' title='bbox 585 2821 651 2882; x_wconf 90' lang='lat' dir='ltr'>che</span> <span class='ocrx_word' id='word_1_150' title='bbox 675 2839 786 2882; x_wconf 86' lang='lat' dir='ltr'>ancor</span> <span class='ocrx_word' id='word_1_151' title='bbox 809 2830 936 2901; x_wconf 90' lang='lat' dir='ltr'>questo</span> <span class='ocrx_word' id='word_1_152' title='bbox 953 2822 1072 2883; x_wconf 88' lang='lat' dir='ltr'>ulcere</span> <span class='ocrx_word' id='word_1_153' title='bbox 1088 2821 1145 2883; x_wconf 91' lang='lat' dir='ltr'>del</span> <span class='ocrx_word' id='word_1_154' title='bbox 1161 2829 1252 2883; x_wconf 93' lang='lat' dir='ltr'>tutto</span> <span class='ocrx_word' id='word_1_155' title='bbox 1278 2821 1312 2882; x_wconf 89' lang='lat' dir='ltr'>in</span> <span class='ocrx_word' id='word_1_156' title='bbox 1337 2822 1419 2901; x_wconf 92' lang='lat' dir='ltr'>quel</span> 
     </span>
     <span class='ocr_line' id='line_1_20' title="bbox 130 2926 521 3012; baseline -0.003 -21"><span class='ocrx_word' id='word_1_157' title='bbox 130 2948 247 3012; x_wconf 87' lang='lat' dir='ltr'>paese</span> <span class='ocrx_word' id='word_1_158' title='bbox 271 2926 351 2990; x_wconf 75' lang='lat' dir='ltr'>sara</span> <span class='ocrx_word' id='word_1_159' title='bbox 376 2928 521 2990; x_wconf 89' lang='lat' dir='ltr'>extinto.</span> 
     </span>
    </p>

    <p class='ocr_par' dir='ltr' id='par_1_7' title="bbox 130 3033 1419 4294">
     <span class='ocr_line' id='line_1_21' title="bbox 228 3033 1419 3118; baseline -0.001 -20"><span class='ocrx_word' id='word_1_160' title='bbox 228 3034 353 3118; x_wconf 82' lang='lat' dir='ltr'>Hoggi</span> <span class='ocrx_word' id='word_1_161' title='bbox 377 3033 532 3097; x_wconf 86' lang='lat' dir='ltr'>arrivato</span> <span class='ocrx_word' id='word_1_162' title='bbox 556 3055 577 3095; x_wconf 90' lang='lat' dir='ltr'>a</span> <span class='ocrx_word' id='word_1_163' title='bbox 602 3033 761 3096; x_wconf 89' lang='lat' dir='ltr'>Lovanio</span> <span class='ocrx_word' id='word_1_164' title='bbox 793 3035 839 3096; x_wconf 91' lang='lat' dir='ltr'>ho</span> <span class='ocrx_word' id='word_1_165' title='bbox 863 3045 1034 3116; x_wconf 89' lang='lat' dir='ltr'>receputo</span> <span class='ocrx_word' id='word_1_166' title='bbox 1060 3036 1185 3096; x_wconf 90' lang='lat' dir='ltr'>lettere</span> <span class='ocrx_word' id='word_1_167' title='bbox 1218 3036 1264 3096; x_wconf 89' lang='lat' dir='ltr'>da</span> <span class='ocrx_word' id='word_1_168' title='bbox 1292 3055 1337 3097; x_wconf 92' lang='lat' dir='ltr'>un</span> <span class='ocrx_word' id='word_1_169' title='bbox 1364 3035 1419 3097; x_wconf 85' lang='lat' dir='ltr'>de&#39;</span> 
     </span>
     <span class='ocr_line' id='line_1_22' title="bbox 131 3141 1418 3224; baseline -0.002 -17"><span class='ocrx_word' id='word_1_170' title='bbox 131 3142 220 3207; x_wconf 87' lang='lat' dir='ltr'>miei</span> <span class='ocrx_word' id='word_1_171' title='bbox 244 3142 281 3204; x_wconf 94' lang='lat' dir='ltr'>di</span> <span class='ocrx_word' id='word_1_172' title='bbox 304 3143 476 3205; x_wconf 85' lang='lat' dir='ltr'>Bruxelle</span> <span class='ocrx_word' id='word_1_173' title='bbox 501 3162 620 3205; x_wconf 87' lang='lat' dir='ltr'>essere</span> <span class='ocrx_word' id='word_1_174' title='bbox 645 3141 817 3224; x_wconf 84' lang='lat' dir='ltr'>aggiunte</span> <span class='ocrx_word' id='word_1_175' title='bbox 842 3142 967 3203; x_wconf 86' lang='lat' dir='ltr'>lettere</span> <span class='ocrx_word' id='word_1_176' title='bbox 992 3163 1057 3223; x_wconf 85' lang='lat' dir='ltr'>per</span> <span class='ocrx_word' id='word_1_177' title='bbox 1082 3163 1135 3204; x_wconf 88' lang='lat' dir='ltr'>me</span> <span class='ocrx_word' id='word_1_178' title='bbox 1160 3142 1195 3203; x_wconf 92' lang='lat' dir='ltr'>di</span> <span class='ocrx_word' id='word_1_179' title='bbox 1220 3142 1264 3204; x_wconf 83' lang='lat' dir='ltr'>V.</span> <span class='ocrx_word' id='word_1_180' title='bbox 1290 3142 1326 3204; x_wconf 82' lang='lat' dir='ltr'>S.</span> <span class='ocrx_word' id='word_1_181' title='bbox 1344 3143 1418 3204; x_wconf 57' lang='grc' dir='ltr'>ΚΜ</span> 
     </span>
     <span class='ocr_line' id='line_1_23' title="bbox 131 3248 1418 3330; baseline -0.002 -17"><span class='ocrx_word' id='word_1_182' title='bbox 131 3260 174 3314; x_wconf 91' lang='lat' dir='ltr'>et</span> <span class='ocrx_word' id='word_1_183' title='bbox 207 3251 273 3312; x_wconf 88' lang='lat' dir='ltr'>che</span> <span class='ocrx_word' id='word_1_184' title='bbox 310 3250 423 3330; x_wconf 81' lang='lat' dir='ltr'>perhd</span> <span class='ocrx_word' id='word_1_185' title='bbox 456 3269 520 3311; x_wconf 88' lang='lat' dir='ltr'>son</span> <span class='ocrx_word' id='word_1_186' title='bbox 552 3257 752 3330; x_wconf 80' lang='lat' dir='ltr'>expectato,</span> <span class='ocrx_word' id='word_1_187' title='bbox 816 3248 874 3310; x_wconf 93' lang='lat' dir='ltr'>Ho</span> <span class='ocrx_word' id='word_1_188' title='bbox 906 3249 1076 3329; x_wconf 86' lang='lat' dir='ltr'>expedito</span> <span class='ocrx_word' id='word_1_189' title='bbox 1108 3269 1177 3310; x_wconf 90' lang='lat' dir='ltr'>uno</span> <span class='ocrx_word' id='word_1_190' title='bbox 1207 3249 1242 3310; x_wconf 92' lang='lat' dir='ltr'>di</span> <span class='ocrx_word' id='word_1_191' title='bbox 1272 3249 1352 3311; x_wconf 88' lang='lat' dir='ltr'>miei</span> <span class='ocrx_word' id='word_1_192' title='bbox 1385 3251 1418 3310; x_wconf 92' lang='lat' dir='ltr'>al</span> 
     </span>
     <span class='ocr_line' id='line_1_24' title="bbox 131 3355 1417 3436; baseline -0.002 -15"><span class='ocrx_word' id='word_1_193' title='bbox 131 3356 175 3421; x_wconf 75' lang='lat' dir='ltr'>S‘</span> <span class='ocrx_word' id='word_1_194' title='bbox 193 3355 366 3420; x_wconf 89' lang='lat' dir='ltr'>Carazolo</span> <span class='ocrx_word' id='word_1_195' title='bbox 391 3365 426 3418; x_wconf 89' lang='lat' dir='ltr'>et</span> <span class='ocrx_word' id='word_1_196' title='bbox 450 3376 487 3418; x_wconf 93' lang='lat' dir='ltr'>se</span> <span class='ocrx_word' id='word_1_197' title='bbox 504 3355 523 3417; x_wconf 76' lang='lat' dir='ltr'>d</span> <span class='ocrx_word' id='word_1_198' title='bbox 540 3375 625 3419; x_wconf 85' lang='lat' dir='ltr'>cosa</span> <span class='ocrx_word' id='word_1_199' title='bbox 639 3356 684 3417; x_wconf 91' lang='lat' dir='ltr'>de</span> <span class='ocrx_word' id='word_1_200' title='bbox 701 3355 922 3436; x_wconf 87' lang='lat' dir='ltr'>importanza</span> <span class='ocrx_word' id='word_1_201' title='bbox 940 3356 975 3419; x_wconf 90' lang='lat' dir='ltr'>io</span> <span class='ocrx_word' id='word_1_202' title='bbox 989 3356 1132 3418; x_wconf 91' lang='lat' dir='ltr'>subbito</span> <span class='ocrx_word' id='word_1_203' title='bbox 1156 3377 1211 3417; x_wconf 88' lang='lat' dir='ltr'>me</span> <span class='ocrx_word' id='word_1_204' title='bbox 1236 3356 1417 3419; x_wconf 85' lang='lat' dir='ltr'>trasferird</span> 
     </span>
     <span class='ocr_line' id='line_1_25' title="bbox 130 3461 1416 3544; baseline -0.002 -16"><span class='ocrx_word' id='word_1_205' title='bbox 130 3468 183 3544; x_wconf 89' lang='lat' dir='ltr'>la,</span> <span class='ocrx_word' id='word_1_206' title='bbox 206 3465 419 3526; x_wconf 87' lang='lat' dir='ltr'>altramente</span> <span class='ocrx_word' id='word_1_207' title='bbox 443 3465 580 3525; x_wconf 75' lang='lat' dir='ltr'>testard</span> <span class='ocrx_word' id='word_1_208' title='bbox 613 3463 673 3544; x_wconf 92' lang='lat' dir='ltr'>qui</span> <span class='ocrx_word' id='word_1_209' title='bbox 705 3461 777 3525; x_wconf 90' lang='lat' dir='ltr'>fino</span> <span class='ocrx_word' id='word_1_210' title='bbox 809 3464 875 3525; x_wconf 91' lang='lat' dir='ltr'>che</span> <span class='ocrx_word' id='word_1_211' title='bbox 906 3462 947 3525; x_wconf 92' lang='lat' dir='ltr'>sii</span> <span class='ocrx_word' id='word_1_212' title='bbox 981 3463 1152 3544; x_wconf 89' lang='lat' dir='ltr'>impresso</span> <span class='ocrx_word' id='word_1_213' title='bbox 1186 3464 1220 3525; x_wconf 90' lang='lat' dir='ltr'>el</span> <span class='ocrx_word' id='word_1_214' title='bbox 1251 3463 1416 3525; x_wconf 89' lang='lat' dir='ltr'>mandato</span> 
     </span>
     <span class='ocr_line' id='line_1_26' title="bbox 131 3568 1418 3652; baseline -0.001 -19"><span class='ocrx_word' id='word_1_215' title='bbox 131 3569 222 3634; x_wconf 86' lang='lat' dir='ltr'>dell&#39;</span> <span class='ocrx_word' id='word_1_216' title='bbox 238 3568 389 3652; x_wconf 86' lang='lat' dir='ltr'>imperio</span> <span class='ocrx_word' id='word_1_217' title='bbox 413 3568 447 3632; x_wconf 93' lang='lat' dir='ltr'>in</span> <span class='ocrx_word' id='word_1_218' title='bbox 473 3569 583 3632; x_wconf 90' lang='lat' dir='ltr'>latino</span> <span class='ocrx_word' id='word_1_219' title='bbox 607 3569 707 3633; x_wconf 81' lang='lat' dir='ltr'>accio</span> <span class='ocrx_word' id='word_1_220' title='bbox 731 3571 797 3633; x_wconf 88' lang='lat' dir='ltr'>che</span> <span class='ocrx_word' id='word_1_221' title='bbox 822 3569 843 3632; x_wconf 88' lang='lat' dir='ltr'>&#39;l</span> <span class='ocrx_word' id='word_1_222' title='bbox 872 3569 901 3632; x_wconf 90' lang='lat' dir='ltr'>si</span> <span class='ocrx_word' id='word_1_223' title='bbox 932 3570 1093 3651; x_wconf 83' lang='lat' dir='ltr'>divulghi</span> <span class='ocrx_word' id='word_1_224' title='bbox 1121 3590 1187 3651; x_wconf 91' lang='lat' dir='ltr'>per</span> <span class='ocrx_word' id='word_1_225' title='bbox 1220 3569 1243 3631; x_wconf 89' lang='lat' dir='ltr'>il</span> <span class='ocrx_word' id='word_1_226' title='bbox 1276 3570 1418 3649; x_wconf 89' lang='lat' dir='ltr'>mund0‚</span> 
     </span>
     <span class='ocr_line' id='line_1_27' title="bbox 130 3676 1417 3761; baseline -0.003 -19"><span class='ocrx_word' id='word_1_227' title='bbox 130 3688 173 3743; x_wconf 86' lang='lat' dir='ltr'>et</span> <span class='ocrx_word' id='word_1_228' title='bbox 196 3677 258 3761; x_wconf 90' lang='lat' dir='ltr'>poi</span> <span class='ocrx_word' id='word_1_229' title='bbox 282 3678 418 3740; x_wconf 80' lang='lat' dir='ltr'>andaro</span> <span class='ocrx_word' id='word_1_230' title='bbox 443 3678 513 3739; x_wconf 90' lang='lat' dir='ltr'>alla</span> <span class='ocrx_word' id='word_1_231' title='bbox 537 3685 635 3739; x_wconf 90' lang='lat' dir='ltr'>corte</span> <span class='ocrx_word' id='word_1_232' title='bbox 669 3676 705 3739; x_wconf 92' lang='lat' dir='ltr'>di</span> <span class='ocrx_word' id='word_1_233' title='bbox 734 3676 843 3743; x_wconf 88' lang='lat' dir='ltr'>Cesar</span> <span class='ocrx_word' id='word_1_234' title='bbox 875 3697 941 3759; x_wconf 86' lang='lat' dir='ltr'>per</span> <span class='ocrx_word' id='word_1_235' title='bbox 968 3676 1045 3739; x_wconf 86' lang='lat' dir='ltr'>fare</span> <span class='ocrx_word' id='word_1_236' title='bbox 1069 3679 1092 3738; x_wconf 91' lang='lat' dir='ltr'>il</span> <span class='ocrx_word' id='word_1_237' title='bbox 1118 3685 1213 3739; x_wconf 89' lang='lat' dir='ltr'>resto</span> <span class='ocrx_word' id='word_1_238' title='bbox 1239 3676 1275 3737; x_wconf 94' lang='lat' dir='ltr'>di</span> <span class='ocrx_word' id='word_1_239' title='bbox 1300 3678 1417 3757; x_wconf 89' lang='lat' dir='ltr'>quello</span> 
     </span>
     <span class='ocr_line' id='line_1_28' title="bbox 130 3781 1418 3869; baseline -0.002 -22"><span class='ocrx_word' id='word_1_240' title='bbox 130 3783 266 3869; x_wconf 66' lang='lat' dir='ltr'>pareri</span> <span class='ocrx_word' id='word_1_241' title='bbox 289 3784 321 3846; x_wconf 88' lang='lat' dir='ltr'>si</span> <span class='ocrx_word' id='word_1_242' title='bbox 345 3783 442 3846; x_wconf 92' lang='lat' dir='ltr'>habii</span> <span class='ocrx_word' id='word_1_243' title='bbox 466 3785 511 3846; x_wconf 90' lang='lat' dir='ltr'>ad</span> <span class='ocrx_word' id='word_1_244' title='bbox 535 3782 590 3845; x_wconf 86' lang='lat' dir='ltr'>far</span> <span class='ocrx_word' id='word_1_245' title='bbox 615 3798 650 3845; x_wconf 92' lang='lat' dir='ltr'>et</span> <span class='ocrx_word' id='word_1_246' title='bbox 675 3783 762 3845; x_wconf 81' lang='lat' dir='ltr'>dard</span> <span class='ocrx_word' id='word_1_247' title='bbox 785 3783 910 3847; x_wconf 89' lang='lat' dir='ltr'>adviso</span> <span class='ocrx_word' id='word_1_248' title='bbox 936 3804 957 3845; x_wconf 89' lang='lat' dir='ltr'>a</span> <span class='ocrx_word' id='word_1_249' title='bbox 981 3783 1024 3846; x_wconf 87' lang='lat' dir='ltr'>V.</span> <span class='ocrx_word' id='word_1_250' title='bbox 1050 3781 1086 3847; x_wconf 81' lang='lat' dir='ltr'>S.</span> <span class='ocrx_word' id='word_1_251' title='bbox 1112 3783 1207 3846; x_wconf 87' lang='lat' dir='ltr'>Rma</span> <span class='ocrx_word' id='word_1_252' title='bbox 1238 3784 1308 3845; x_wconf 88' lang='lat' dir='ltr'>alla</span> <span class='ocrx_word' id='word_1_253' title='bbox 1337 3785 1418 3864; x_wconf 91' lang='lat' dir='ltr'>qual</span> 
     </span>
     <span class='ocr_line' id='line_1_29' title="bbox 131 3889 1418 3972; baseline -0.004 -16"><span class='ocrx_word' id='word_1_254' title='bbox 131 3896 229 3956; x_wconf 89' lang='lat' dir='ltr'>baso</span> <span class='ocrx_word' id='word_1_255' title='bbox 252 3891 286 3954; x_wconf 91' lang='lat' dir='ltr'>le</span> <span class='ocrx_word' id='word_1_256' title='bbox 311 3890 420 3970; x_wconf 90' lang='lat' dir='ltr'>mani,</span> <span class='ocrx_word' id='word_1_257' title='bbox 455 3889 724 3972; x_wconf 85' lang='lat' dir='ltr'>significandole</span> <span class='ocrx_word' id='word_1_258' title='bbox 756 3892 823 3952; x_wconf 91' lang='lat' dir='ltr'>che</span> <span class='ocrx_word' id='word_1_259' title='bbox 854 3891 886 3951; x_wconf 90' lang='lat' dir='ltr'>le</span> <span class='ocrx_word' id='word_1_260' title='bbox 919 3910 1001 3952; x_wconf 91' lang='lat' dir='ltr'>cose</span> <span class='ocrx_word' id='word_1_261' title='bbox 1027 3892 1070 3953; x_wconf 90' lang='lat' dir='ltr'>de</span> <span class='ocrx_word' id='word_1_262' title='bbox 1096 3890 1230 3952; x_wconf 89' lang='lat' dir='ltr'>Luther</span> <span class='ocrx_word' id='word_1_263' title='bbox 1254 3891 1299 3953; x_wconf 90' lang='lat' dir='ltr'>de</span> <span class='ocrx_word' id='word_1_264' title='bbox 1324 3893 1357 3952; x_wconf 87' lang='lat' dir='ltr'>di</span> <span class='ocrx_word' id='word_1_265' title='bbox 1382 3890 1418 3952; x_wconf 91' lang='lat' dir='ltr'>in</span> 
     </span>
     <span class='ocr_line' id='line_1_30' title="bbox 132 3995 1418 4080; baseline -0.001 -19"><span class='ocrx_word' id='word_1_266' title='bbox 132 4000 174 4061; x_wconf 89' lang='lat' dir='ltr'>dl</span> <span class='ocrx_word' id='word_1_267' title='bbox 199 3997 260 4080; x_wconf 76' lang='lat' dir='ltr'>pit</span> <span class='ocrx_word' id='word_1_268' title='bbox 284 4018 403 4061; x_wconf 90' lang='lat' dir='ltr'>vanno</span> <span class='ocrx_word' id='word_1_269' title='bbox 427 3997 463 4060; x_wconf 91' lang='lat' dir='ltr'>in</span> <span class='ocrx_word' id='word_1_270' title='bbox 487 3996 590 4060; x_wconf 87' lang='lat' dir='ltr'>ruina</span> <span class='ocrx_word' id='word_1_271' title='bbox 615 4017 714 4059; x_wconf 89' lang='lat' dir='ltr'>come</span> <span class='ocrx_word' id='word_1_272' title='bbox 739 3997 757 4059; x_wconf 78' lang='grc' dir='ltr'>ὲ</span> <span class='ocrx_word' id='word_1_273' title='bbox 782 3996 806 4059; x_wconf 85' lang='grc'>11</span> <span class='ocrx_word' id='word_1_274' title='bbox 821 3998 932 4059; x_wconf 83' lang='lat' dir='ltr'>dever</span> <span class='ocrx_word' id='word_1_275' title='bbox 956 4006 992 4059; x_wconf 87' lang='lat' dir='ltr'>et</span> <span class='ocrx_word' id='word_1_276' title='bbox 1015 3997 1051 4059; x_wconf 91' lang='lat' dir='ltr'>di</span> <span class='ocrx_word' id='word_1_277' title='bbox 1076 4007 1202 4078; x_wconf 87' lang='lat' dir='ltr'>questo</span> <span class='ocrx_word' id='word_1_278' title='bbox 1226 4018 1296 4059; x_wconf 90' lang='lat' dir='ltr'>non</span> <span class='ocrx_word' id='word_1_279' title='bbox 1320 3995 1418 4079; x_wconf 84' lang='lat' dir='ltr'>fingo</span> 
     </span>
     <span class='ocr_line' id='line_1_31' title="bbox 132 4103 1418 4171; baseline -0.003 -1"><span class='ocrx_word' id='word_1_280' title='bbox 132 4106 267 4171; x_wconf 86' lang='lat' dir='ltr'>alcuna</span> <span class='ocrx_word' id='word_1_281' title='bbox 291 4125 385 4168; x_wconf 89' lang='lat' dir='ltr'>cosa.</span> <span class='ocrx_word' id='word_1_282' title='bbox 432 4105 532 4167; x_wconf 89' lang='lat' dir='ltr'>Bene</span> <span class='ocrx_word' id='word_1_283' title='bbox 557 4112 592 4166; x_wconf 93' lang='lat' dir='ltr'>et</span> <span class='ocrx_word' id='word_1_284' title='bbox 615 4103 703 4166; x_wconf 83' lang='lat' dir='ltr'>felix</span> <span class='ocrx_word' id='word_1_285' title='bbox 727 4106 846 4166; x_wconf 88' lang='lat' dir='ltr'>valeat</span> <span class='ocrx_word' id='word_1_286' title='bbox 869 4103 965 4167; x_wconf 91' lang='lat' dir='ltr'>illma</span> <span class='ocrx_word' id='word_1_287' title='bbox 989 4103 1182 4165; x_wconf 90' lang='lat' dir='ltr'>dominatio</span> <span class='ocrx_word' id='word_1_288' title='bbox 1206 4103 1250 4166; x_wconf 88' lang='lat' dir='ltr'>V.</span> <span class='ocrx_word' id='word_1_289' title='bbox 1283 4103 1338 4166; x_wconf 89' lang='lat' dir='ltr'>cui</span> <span class='ocrx_word' id='word_1_290' title='bbox 1364 4125 1418 4167; x_wconf 88' lang='lat' dir='ltr'>me</span> 
     </span>
     <span class='ocr_line' id='line_1_32' title="bbox 133 4211 1184 4294; baseline 0.001 -19"><span class='ocrx_word' id='word_1_291' title='bbox 133 4213 267 4276; x_wconf 88' lang='lat' dir='ltr'>iterum</span> <span class='ocrx_word' id='word_1_292' title='bbox 290 4221 398 4294; x_wconf 88' lang='lat' dir='ltr'>atque</span> <span class='ocrx_word' id='word_1_293' title='bbox 421 4211 547 4274; x_wconf 88' lang='lat' dir='ltr'>iterum</span> <span class='ocrx_word' id='word_1_294' title='bbox 565 4211 763 4274; x_wconf 83' lang='lat' dir='ltr'>humillime</span> <span class='ocrx_word' id='word_1_295' title='bbox 789 4212 997 4274; x_wconf 91' lang='lat' dir='ltr'>commendo</span> <span class='ocrx_word' id='word_1_296' title='bbox 1022 4220 1057 4273; x_wconf 87' lang='lat' dir='ltr'>et</span> <span class='ocrx_word' id='word_1_297' title='bbox 1081 4212 1184 4276; x_wconf 87' lang='lat' dir='ltr'>dedo.</span> 
     </span>
    </p>
   </div>
   <div class='ocr_carea' id='block_1_7' title="bbox 680 4516 884 4528">
    <p class='ocr_par' dir='ltr' id='par_1_8' title="bbox 680 4516 884 4528">
     <span class='ocr_line' id='line_1_33' title="bbox 680 4516 884 4528; baseline -0.005 -1"><span class='ocrx_word' id='word_1_298' title='bbox 680 4517 782 4528; x_wconf 52' lang='lat' dir='ltr'>nvo-ww·</span> <span class='ocrx_word' id='word_1_299' title='bbox 787 4518 818 4528; x_wconf 55' lang='lat' dir='ltr'>mn</span> <span class='ocrx_word' id='word_1_300' title='bbox 825 4516 884 4527; x_wconf 66' lang='grc' dir='ltr'>ινννν</span> 
     </span>
    </p>
   </div>
   <div class='ocr_carea' id='block_1_8' title="bbox 0 0 1676 5580">
    <p class='ocr_par' dir='ltr' id='par_1_9' title="bbox 0 0 1676 5580">
     <span class='ocr_line' id='line_1_34' title="bbox 0 0 1676 5580; baseline 0 0"><span class='ocrx_word' id='word_1_301' title='bbox 0 0 1676 5580; x_wconf 95' lang='lat' dir='ltr'> </span> 
     </span>
    </p>
   </div>
  </div>
 </body>
</html>
