3344 5564
708 418 954 479 eonas&

191 571 381 652 mediante)
405 571 498 634 inter
520 572 690 653 populum
715 580 751 634 et
782 572 924 647 clerum,
950 567 1032 629 item
1057 566 1149 629 inter
1174 570 1307 630 clerum
1332 578 1368 630 et
1393 568 1468 651 Epi-

192 698 340 758 scopum
365 677 424 759 qui
454 688 507 740 est
531 682 641 741 irater
665 677 776 759 ipsius
790 675 911 754 Ducis
935 675 1064 736 talibus
1092 675 1356 738 conditionibus
1380 678 1472 758 quod

192 783 391 865 Episcopus
414 784 612 848 Mindensis
635 784 681 847 ad
713 782 921 847 decennium
950 780 1035 843 nihil
1069 790 1154 864 agat
1187 781 1263 844 sine
1296 801 1472 845 consensu

192 889 354 972 capituli:
380 892 476 972 quod
500 891 599 953 vivat
623 892 667 953 de
694 889 891 953 redditibus
915 888 1018 951 unius
1041 888 1148 950 castri
1171 888 1256 951 dicti
1285 889 1471 952 Petersba·

191 1017 261 1079 gen
291 1017 356 1059 nec
382 997 568 1080 quicquam
593 999 684 1060 ultra
707 995 901 1079 percipiat;
934 995 1089 1077 reliquos
1122 995 1358 1077 Episcopales
1403 996 1471 1060 fru-

192 1113 270 1165 ctus
293 1103 464 1186 colligent
493 1103 653 1186 deputati
689 1125 710 1167 a
742 1124 838 1166 cero
870 1114 906 1165 et
938 1102 1147 1165 militaribus
1180 1104 1226 1165 ad
1262 1105 1471 1167 solvendum

193 1231 254 1272 aes
270 1211 421 1274 alienum
440 1231 509 1292 quo
525 1210 686 1274 Ecclesia
702 1210 780 1292 ipsa
804 1221 840 1273 et
863 1209 1017 1272 diocesis
1039 1209 1193 1273 maxime
1209 1210 1394 1291 premitur,
1419 1211 1470 1273 cui

194 1317 244 1380 rei
274 1320 390 1381 clerus
415 1319 519 1381 etiam
536 1317 736 1381 contribuet
759 1317 859 1380 iuxta
883 1316 1052 1399 cuiusque
1069 1316 1359 1398 possibilitatem
1386 1318 1469 1380 simi·

193 1425 274 1488 liter
297 1425 377 1488 laici
402 1436 437 1488 et
460 1425 582 1488 rustici
617 1425 662 1487 ad
698 1445 762 1487 sex
798 1443 912 1486 annos
945 1423 1186 1492 contribuent:
1226 1422 1352 1487 civitas
1388 1445 1470 1487 vero

194 1531 279 1594 nihil
304 1533 454 1615 posthac
487 1541 611 1595 contra
644 1530 781 1594 Statum
814 1529 1101 1593 Ecclesiasticum
1134 1531 1380 1612 attemptabit,
1412 1534 1470 1595 sed

194 1659 273 1701 eum
296 1639 331 1700 in
357 1638 509 1722 antiquis
533 1638 729 1721 privilegiis
754 1648 788 1700 et
812 1637 1128 1700 consuetudinibus
1153 1638 1382 1700 conservabit
1407 1661 1468 1702 me·

194 1745 261 1807 diis
286 1766 406 1809 eorum
431 1745 610 1828 praestitis
633 1745 837 1808 iuramentis
862 1756 926 1810 etc.
983 1745 1081 1807 ldem
1105 1743 1268 1808 fecerunt
1292 1744 1469 1809 Osnabur·

195 1853 314 1933 gensis
345 1864 425 1934 post
458 1856 567 1916 multa
599 1855 661 1915 sed
696 1850 820 1915 mediis
855 1851 977 1925 armis;
1017 1831 1320 1916 Monasterienses
1356 1853 1469 1917 clerici

195 1961 309 2021 adhuc
335 1962 480 2022 exulant
505 1981 525 2021 a
550 1951 693 2022 civitate
718 1959 878 2041 quamvis
902 1958 998 2022 cives
1022 1958 1133 2021 velint
1157 1979 1219 2022 eos
1243 1960 1388 2040 reverti,
1412 1961 1469 2023 sed

195 2066 218 2128 ii
242 2067 399 2147 graviori
424 2088 484 2129 eos
508 2087 626 2148 poena
649 2067 860 2148 plectendos
885 2065 1103 2128 contendunt
1133 2066 1387 2149 civitatemque
1416 2071 1468 2130 ob·

195 2173 310 2236 sidere
335 2173 439 2236 armis
463 2184 600 2255 parant.

196 2315 254 2376 Ex
279 2315 444 2379 litteris
469 2317 694 2398 Prepositi
719 2316 1016 2379 Cracoviensis
1046 2318 1096 2379 ad
1121 2316 1188 2379 IX.
1214 2314 1328 2398 Sept.
1354 2318 1470 2381 datis.

285 2440 389 2521 Quod
402 2442 476 2504 Mm
490 2442 550 2505 illa
571 2442 605 2505 in
622 2443 803 2525 presentia
817 2445 878 2504 dat
895 2462 1041 2524 operam
1057 2454 1095 2505 ut
1111 2443 1236 2505 civitas
1251 2441 1472 2507 Gedanensis

196 2547 231 2609 in
259 2547 400 2610 Prussia
423 2559 568 2630 totaque
599 2549 660 2612 illa
690 2549 873 2630 provincia
906 2552 951 2610 ab
983 2550 1165 2630 impietate
1198 2550 1388 2613 lutherana
1419 2571 1471 2613 ex-

197 2666 383 2736 purgetur:
417 2657 576 2737 quamvis
604 2655 837 2719 Gedanenses
861 2666 899 2718 ut
929 2677 991 2719 eos
1019 2677 1083 2719 suo
1108 2656 1200 2720 sinat
1224 2657 1347 2720 vivere
1373 2659 1472 2720 modo

197 2761 340 2824 summis
364 2762 530 2844 precibus
553 2765 780 2826 contendant.

287 2868 424 2930 Tartari
451 2889 542 2932 nunc
567 2889 644 2932 cum
670 2869 815 2932 Polonis
847 2881 975 2951 pacate
1006 2880 1117 2951 agunt
1148 2871 1230 2952 quia
1262 2871 1314 2933 eis
1344 2874 1473 2934 bellum

200 2974 357 3038 imminet
387 2996 408 3038 a
434 2975 565 3048 Turco;
597 2976 627 3038 is
658 2986 860 3057 pretextum
888 2979 997 3039 habet
1027 2989 1064 3039 ut
1095 2977 1264 3039 Tartaros
1293 2977 1402 3039 armis
1432 2978 1472 3040 ad

197 3082 404 3163 obsequium
435 3084 582 3146 reducat
620 3083 690 3165 qui,
713 3085 816 3164 pulso
849 3083 1063 3165 imperatore
1095 3103 1199 3164 quem
1233 3083 1310 3164 ipse
1341 3085 1473 3147 Turcus

197 3188 266 3252 illis
290 3188 500 3272 prefecerat,
523 3190 632 3253 filium
650 3191 724 3253 eius
749 3190 806 3272 qui
830 3193 876 3253 ab
901 3190 952 3252 eis
976 3210 1089 3271 nuper
1113 3199 1167 3253 est
1183 3210 1319 3270 caesus,
1343 3191 1380 3253 in
1405 3192 1474 3255 eius

199 3299 312 3359 locum
337 3297 490 3360 maximo
516 3318 690 3360 consensu
714 3297 940 3376 suffecerunt,
965 3317 1068 3378 quem
1093 3297 1199 3359 modo
1223 3296 1346 3359 nititur
1362 3299 1473 3361 detur·

198 3405 284 3465 bare
310 3424 480 3484 suumque
516 3405 549 3466 in
582 3424 730 3486 regnum
762 3403 948 3466 restituere
980 3406 1208 3485 quamobrem
1242 3403 1383 3467 iuvenis
1412 3405 1474 3467 iste

198 3510 390 3591 imperator
427 3510 501 3591 agit
525 3513 620 3593 apud
645 3530 767 3591 regem
797 3509 968 3573 Poloniae
999 3519 1037 3572 ut
1068 3509 1098 3571 si
1124 3508 1218 3573 sorte
1249 3511 1334 3573 belli
1370 3511 1473 3574 fortu-

198 3638 278 3680 nam
321 3638 399 3680 cum
432 3638 518 3700 rege
552 3628 623 3680 tam
652 3628 799 3699 potente
825 3617 981 3699 experiri
1014 3616 1128 3679 minus
1164 3626 1275 3680 tutum
1307 3616 1416 3681 luerit
1442 3619 1473 3680 in

199 3724 301 3806 regni
347 3736 407 3786 aut
446 3725 566 3805 magni
607 3726 755 3786 ducatus
793 3723 1003 3786 Lithuaniae
1040 3722 1248 3787 solitudines
1285 3725 1319 3787 ei
1357 3736 1476 3807 pateat

200 3830 378 3913 effugium.

296 3974 353 4035 Ex
379 3974 455 4035 litt.
482 3971 738 4054 Strigonien.
787 3973 931 4035 Budae
955 3973 1007 4033 ad
1032 3972 1101 4034 ult.
1127 3969 1240 4053 Sept.
1266 3971 1389 4036 datis.

291 4098 462 4178 Pericula,
486 4097 565 4179 ipsa
589 4096 797 4180 praesertim
823 4108 971 4159 externa
995 4096 1030 4157 in
1055 4096 1132 4159 dies
1155 4097 1268 4179 magis
1299 4108 1475 4168 crescunt;

201 4225 283 4286 spes
314 4214 430 4267 autem
464 4206 560 4267 nulla
584 4204 652 4266 nisi
676 4204 710 4267 in
735 4206 811 4268 solo
843 4205 920 4266 Deo
950 4213 985 4266 et
1018 4205 1093 4266 eius
1124 4203 1275 4285 vicari0,
1306 4215 1414 4288 atque
1443 4205 1475 4267 in

200 4313 267 4375 ista
292 4310 529 4374 Sacrosancta
553 4310 659 4376 Sede.
