3330 5580
715 471 943 527 0-43645274

188 642 226 684 se
251 624 297 683 ha
320 620 410 683 fatto
435 639 640 700 surrogare‚
673 619 707 681 di
733 618 890 681 maniera
914 620 980 681 che
1004 619 1234 700 procedendo
1259 617 1293 679 in
1319 638 1427 681 causa
1450 638 1471 679 a

188 730 223 790 la
255 728 444 810 gagliarda
477 737 513 788 et
543 725 644 808 quasi
676 746 781 788 senza
811 736 992 788 contrasto
1024 728 1070 787 ha
1094 735 1256 788 ottenuto
1280 727 1314 788 le
1343 726 1470 787 lettere

189 834 421 898 executoriali
445 854 512 896 con
537 836 570 896 le
595 853 744 896 censure
770 843 894 895 contra
919 833 1095 913 ehiunque
1120 852 1316 913 occupasse
1339 832 1375 894 la
1392 853 1469 914 pos·

188 943 345 1005 sessione
369 961 458 1020 ecc,
491 951 527 1003 et
549 940 683 1021 perche
707 940 735 1001 si
759 939 953 1002 intendeva
977 941 1086 1001 molto
1110 942 1218 1018 bene,
1243 941 1309 1001 che
1333 941 1368 1001 la
1392 958 1470 1020 pos·

188 1050 346 1113 sessione
371 1047 406 1110 di
430 1050 465 1110 la
488 1046 714 1130 prepositura
731 1068 792 1109 era
807 1058 901 1109 stata
916 1068 1022 1128 presa
1039 1058 1133 1109 sotto
1151 1067 1255 1108 nome
1272 1046 1353 1125 mio,
1378 1066 1470 1127 poco

187 1156 308 1218 avanti
333 1155 379 1218 mi
403 1154 441 1217 fu
465 1155 632 1217 mandato
657 1153 710 1217 sin
735 1155 769 1216 in
796 1175 936 1217 camera
960 1175 1007 1216 un
1023 1154 1177 1216 Cursore
1199 1176 1219 1217 a
1234 1152 1471 1217 denuntiarmi

188 1266 222 1326 la
252 1262 507 1325 scommunica:
541 1264 575 1323 la
606 1264 687 1343 qual
723 1281 806 1323 cosa
839 1261 1038 1324 essendomi
1071 1281 1174 1342 parsa
1211 1261 1318 1323 molto
1349 1272 1471 1321 strana

188 1383 222 1432 et
255 1372 364 1432 molto
389 1390 499 1447 nova,
534 1379 569 1430 et
593 1388 663 1431 non
688 1369 843 1430 volendo
869 1388 933 1449 per
957 1370 1060 1430 alcun
1086 1368 1190 1430 modo
1215 1367 1376 1430 lassarmi
1401 1388 1469 1429 ma·

188 1479 286 1540 cular
309 1479 353 1539 de
378 1477 470 1538 simil
494 1474 663 1554 macchia,
688 1476 812 1556 pigliai
836 1475 968 1556 partito
994 1476 1028 1536 di
1053 1474 1276 1554 remediarvi,
1301 1496 1339 1536 se
1360 1494 1469 1537 reme·

188 1585 264 1646 diar
290 1583 318 1645 si
343 1603 488 1664 possea:
513 1583 656 1644 tandem
681 1594 785 1662 posta
809 1582 844 1643 la
861 1601 945 1644 cosa
961 1581 994 1642 in
1013 1583 1249 1643 consultation
1265 1583 1310 1643 de
1326 1582 1350 1642 li
1366 1580 1470 1663 primi

189 1702 224 1755 et
256 1691 316 1773 piu
348 1689 540 1753 excellenti
572 1688 735 1751 advocati
770 1689 805 1750 di
838 1698 963 1770 questa
988 1689 1111 1765 Corte,
1145 1701 1180 1751 et
1204 1688 1410 1752 nominatim
1435 1687 1469 1748 di

189 1800 326 1861 Messer
350 1799 494 1878 Angelo
519 1798 564 1859 de
589 1796 704 1876 Cesis,
739 1807 775 1858 et
798 1797 1023 1859 considerata
1046 1799 1138 1859 bene
1163 1800 1197 1859 la
1221 1796 1386 1873 materia,
1420 1794 1471 1856 fui

189 1906 401 1985 consigliato
433 1925 454 1966 a
482 1904 602 1966 cieder
634 1925 654 1965 a
679 1905 711 1965 le
735 1903 861 1984 region
887 1913 1023 1983 nostre,
1055 1914 1188 1984 quanto
1222 1905 1266 1965 ad
1291 1922 1469 1984 possesso·

187 2015 276 2077 rium
308 2033 372 2076 con
407 2011 618 2075 reservarmi
653 2011 737 2091 ogni
772 2012 973 2092 qualunque
1010 2011 1136 2092 ragion
1176 2012 1211 2072 io
1251 2013 1403 2073 havesse
1435 2009 1468 2070 in

188 2119 355 2203 petitorio
388 2130 454 2184 etc.
489 2130 524 2181 et
555 2116 627 2181 cosi
661 2120 707 2180 ho
740 2117 830 2179 fatto
863 2118 1136 2180 sforzatarnente
1160 2128 1196 2179 et
1220 2118 1254 2178 di
1280 2117 1471 2180 malissinra

188 2229 325 2310 voglia:
362 2248 419 2289 rna
452 2246 521 2288 non
555 2237 687 2306 poteva
719 2224 774 2286 far
807 2226 917 2297 altro;
956 2227 1055 2287 salvo
1090 2246 1127 2287 se
1155 2223 1189 2286 io
1218 2245 1286 2287 non
1317 2226 1470 2286 havesse

188 2338 309 2398 voluto
342 2343 492 2397 mostrar
523 2354 543 2393 a
577 2334 680 2394 tuttol
706 2333 836 2394 mondo
866 2332 901 2393 di
927 2352 1023 2394 esser
1053 2334 1159 2394 homo
1189 2331 1341 2393 ostinato
1367 2351 1411 2392 ne
1436 2331 1470 2392 la

189 2443 393 2525 ingiustitia,
420 2452 455 2503 et
479 2441 501 2501 il
528 2441 632 2521 quale
656 2460 726 2501 non
752 2460 896 2501 curasse
921 2460 965 2501 ne
992 2440 1025 2500 di
1051 2439 1072 2501 l’
1086 2441 1200 2502 honor
1224 2460 1268 2500 ne
1286 2438 1320 2499 di
1337 2439 1372 2499 la
1389 2457 1469 2499 con-

189 2551 336 2612 scientia
361 2548 445 2611 mia:
481 2568 519 2609 se
544 2547 623 2609 altri
649 2567 717 2609 non
744 2557 885 2609 terneno
910 2547 942 2608 le
968 2567 1134 2625 censure,
1159 2567 1179 2607 a
1204 2567 1259 2607 me
1284 2565 1425 2626 sempre
1450 2543 1469 2603 e

189 2678 294 2738 parso
328 2658 373 2717 da
404 2656 568 2733 temerle,
605 2655 639 2715 la
672 2653 809 2715 cession
845 2653 864 2714 e
898 2665 991 2715 stata
1015 2653 1110 2714 faeta
1134 2652 1273 2732 precise
1298 2674 1318 2713 a
1343 2663 1469 2732 questo

189 2766 293 2825 inodo
319 2761 614 2841 simplicemente3
649 2780 714 2841 per
738 2760 761 2821 il
786 2770 952 2841 respecto
977 2762 1043 2822 che
1069 2759 1111 2821 V.
1136 2779 1170 2839 p.
1196 2761 1242 2821 ha
1267 2759 1400 2837 inteso,
1435 2768 1471 2818 et

189 2869 321 2950 perche
355 2866 461 2929 infine
493 2887 561 2929 non
588 2888 626 2929 se
650 2870 696 2928 ha
720 2879 867 2948 possuto
893 2867 947 2929 far
971 2869 1072 2929 altro.
1119 2866 1164 2928 Et
1188 2866 1222 2927 in
1248 2873 1373 2946 questo
1399 2883 1470 2925 non

190 2977 221 3037 ν’
247 2978 265 3038 ἐ
290 2987 382 3037 stata
407 2996 451 3036 ne
475 2974 720 3055 intelligentia,
746 2995 790 3037 ne
814 2975 979 3053 accordo‚
1004 2996 1048 3036 ne
1069 2985 1243 3053 conserto,
1269 2993 1313 3035 ne
1330 2972 1470 3055 pratica

189 3103 233 3145 ne
267 3082 523 3153 conventione,
560 3102 604 3142 ne
637 3102 705 3162 pur
736 3103 806 3143 una
837 3084 962 3163 parola
993 3102 1059 3144 con
1085 3082 1106 3142 l'
1122 3081 1346 3144 adversario:
1385 3098 1469 3158 veg-

189 3189 301 3269 giansi
327 3189 351 3250 li
375 3188 445 3251 acti
463 3189 507 3249 de
524 3191 558 3249 la
576 3208 681 3250 causa
698 3200 733 3250 et
750 3189 924 3250 trouarasi
941 3189 975 3250 la
991 3189 1102 3250 verita
1118 3198 1238 3270 presto
1256 3198 1397 3269 prest0;
1422 3187 1469 3247 ho

188 3296 283 3357 iacto
318 3297 504 3376 quelche,
536 3315 650 3373 come,
686 3317 722 3373 0,
757 3295 946 3358 Cardinale
971 3316 1006 3367 o,
1041 3317 1195 3377 persona
1219 3295 1401 3375 religiosa,
1436 3313 1470 3373 0,

189 3406 317 3465 liuomo
334 3403 533 3466 Christiano
559 3422 628 3464 non
655 3414 785 3482 potevo
810 3402 962 3484 suggire.
997 3403 1057 3464 Ma
1082 3424 1120 3466 se
1144 3405 1190 3465 ho
1216 3423 1316 3465 cesso
1341 3403 1470 3463 alcuna

189 3510 330 3591 ragion,
364 3511 411 3572 ho
436 3530 537 3573 cesso
562 3511 681 3590 quella
706 3509 830 3591 ragion
856 3512 922 3572 che
947 3530 1016 3571 non
1042 3530 1102 3572 era
1127 3512 1161 3571 la
1185 3520 1322 3571 nostra:
1360 3530 1398 3571 se
1423 3507 1470 3570 mi

188 3620 233 3679 ho
259 3627 441 3680 reservato
466 3617 593 3697 ragion
618 3618 763 3696 alcuna,
797 3637 898 3679 come
922 3617 957 3678 in
984 3616 1107 3680 effetto
1131 3617 1177 3679 mi
1201 3619 1248 3679 ho
1273 3624 1470 3693 reservato,

188 3725 233 3787 mi
265 3725 312 3786 ho
345 3735 527 3786 reservato
559 3725 678 3804 quello
712 3725 777 3785 che
807 3725 824 3784 ἑ·
859 3732 997 3796 nostro;
1032 3744 1070 3785 se
1095 3743 1202 3804 sopra
1226 3733 1351 3804 questo
1377 3742 1469 3804 capo

188 3832 456 3912 l'Armastorph
475 3831 577 3893 vorri
597 3831 747 3911 litigare,
772 3830 805 3892 io
831 3851 895 3893 son
920 3852 985 3912 per
1008 3841 1134 3893 metter
1150 3842 1282 3912 quanto
1299 3829 1333 3892 io
1348 3829 1470 3910 vaglio

188 3950 224 4000 et
254 3958 361 4019 posso
393 3938 428 4000 in
452 3948 577 4019 questa
601 3949 699 4000 corte
724 3937 758 3999 in
783 3937 886 3999 favor
911 3958 992 4000 suo:
1026 3949 1061 4000 et
1084 3938 1199 4001 farolo
1224 3947 1323 4000 tanto
1348 3937 1469 3998 volen-

188 4047 314 4110 tieret
338 4045 373 4106 di
398 4055 498 4107 tanto
523 4047 617 4107 bono
642 4045 770 4119 animo,
796 4065 895 4107 corne
920 4045 946 4105 s'
960 4045 994 4107 io
1019 4045 1146 4107 lacessi
1171 4065 1236 4125 per
1261 4065 1316 4107 me
1341 4055 1467 4106 stesso.

188 4155 328 4218 Havete
353 4153 468 4214 inteso
494 4172 557 4234 per
582 4152 706 4214 ordine
731 4173 831 4214 come
856 4152 875 4213 e
899 4165 1044 4234 passata
1068 4154 1101 4213 la
1126 4173 1220 4214 cosa.
1267 4152 1383 4213 Resta
1402 4152 1469 4212 che
1509 4138 1519 4159 ⁶

188 4284 209 4324 a
239 4261 345 4343 pieno
370 4280 413 4322 ne
439 4259 662 4341 reguagliate
687 4261 721 4320 la
746 4259 899 4321 Cesarea
923 4259 1077 4339 Maesta,
1110 4271 1145 4321 et
1171 4261 1469 4321 medesmamente

188 4370 208 4430 l'
227 4370 482 4449 Armastorph,
521 4378 556 4429 et
580 4367 722 4431 vediate
747 4387 813 4429 con
843 4367 866 4428 li
897 4367 1008 4428 vostri
1037 4366 1160 4447 optimi
1187 4378 1221 4428 et
1246 4364 1469 4447 gentilissimi

188 4476 282 4537 modi
314 4476 349 4536 di
383 4475 615 4555 persuaderla
639 4495 660 4535 a
684 4474 832 4537 credere
857 4494 955 4536 esser
979 4471 1070 4551 cosi,
1104 4493 1204 4535 corne
1229 4473 1248 4534 ἐ
1274 4473 1308 4535 in
1334 4471 1468 4551 effett0,

189 4592 224 4644 et
244 4602 312 4644 non
331 4583 560 4643 altramente:
585 4592 621 4643 et
645 4602 683 4643 se
707 4601 772 4662 per
796 4582 865 4643 mia
888 4583 981 4643 mala
996 4592 1091 4644 sorte
1109 4581 1182 4643 Sua
1199 4582 1348 4660 Maesta,
1368 4601 1469 4643 come

188 4689 449 4751 sinistramente
473 4687 676 4767 informata,
709 4688 805 4751 forse
829 4708 867 4750 se
892 4688 988 4752 fusse
1012 4689 1048 4751 in
1073 4690 1224 4770 qualche
1247 4689 1351 4751 modo
1369 4707 1467 4750 scan-

189 4795 340 4860 dalizata
365 4796 409 4857 de
433 4794 518 4858 facti
543 4796 622 4876 mei,
648 4795 681 4856 vi
706 4814 820 4879 prego
846 4795 1235 4879 diligentissimamente
1259 4816 1280 4856 a
1297 4795 1468 4858 sforzarvi
