3330 5580
710 428 956 486 0-ὓῖθόῢο

193 575 245 640 8ιὰ
272 579 319 640 ha
342 576 435 640 visto
459 575 648 649 volentieri
673 576 693 638 l’
712 596 782 639 uno
807 584 843 638 et
866 576 888 638 l'
906 578 997 649 altro
1022 587 1058 651 et
1080 577 1173 649 ¹fatto
1197 598 1344 643 carezze
1369 590 1404 644 et
1418 582 1519 649 de—

191 683 423 757 monstration
447 684 585 767 grande
610 705 631 746 a
654 682 710 746 fra
733 683 862 762 Joauni
887 693 922 746 et
945 685 991 752 ha
1014 685 1208 769 parlatogli
1231 688 1343 753 molto
1368 687 1519 757 dime-

191 792 398 865 sticamente
423 810 531 872 sopra
554 791 587 853 le
613 810 695 852 cose
719 790 755 851 di
778 789 934 855 Martino
959 800 996 854 et
1024 793 1114 869 altre
1146 801 1183 857 et
1210 793 1272 876 poi
1303 795 1352 869 ha
1383 793 1519 871 faur:

191 897 396 987 provederli
419 916 485 980 per
508 898 541 966 le
566 918 669 982 spese
699 907 735 960 et
758 907 849 960 tutto
874 906 909 960 et
933 918 1039 980 spero
1068 898 1244 973 ritorperd
1278 911 1404 988 presto
1437 911 1519 983 e!

191 1004 465 1072 contentissimo.

280 1091 310 1176 l«.
333 1122 425 1184 stato
450 1110 651 1183 testimonio
674 1109 952 1192 locupletissimo
977 1112 1073 1176 della
1095 1112 1228 1192 fatiche
1258 1124 1294 1179 et
1318 1114 1414 1189 virtu
1437 1116 1519 1191 di

189 1221 233 1283 N.
258 1218 294 1284 S.
319 1228 355 1282 et
377 1218 493 1289 meriti
516 1218 628 1289 vostri
652 1239 673 1281 a
697 1215 733 1281 S.
759 1215 823 1299 Sti,
848 1220 883 1281 13
899 1221 983 1300 qual
997 1221 1044 1282 ho
1060 1220 1154 1289 visto
1170 1222 1350 1305 pigliame
1369 1245 1519 1307 gran...

191 1327 334 1392 dissimo
367 1327 519 1408 piacere.
567 1374 574 1388 .
602 1374 609 1390 .
647 1326 703 1395 Da
740 1325 859 1400 Roma
891 1325 952 1391 alli
982 1326 1093 1393 XNII
1125 1328 1157 1391 d’
1181 1327 1335 1403 Ottobre
1380 1353 1503 1410 1521..

191 1433 328 1520 (tenuta
350 1433 422 1496 fino
446 1433 506 1517 ¹alli
532 1429 598 1517 22).

725 1644 931 1657 mmmm

793 1893 867 1958 128.

504 2010 896 2092 vicecancellarius
930 2012 1149 2095 Alcandro.

621 2158 765 2231 (11131131.
784 2157 911 2217 (lernau
930 2158 960 2218 1..
980 2159 1033 2231 ul.)

677 2275 730 2345 (27.
750 2278 875 2328 Octobris
898 2278 984 2346 1521.)

278 2422 441 2491 Havemo
465 2440 536 2483 una
559 2429 680 2492 vostra
704 2421 740 2484 di
755 2421 848 2487 XIII
872 2422 931 2484 del
954 2420 1130 2508 passato¹)
1155 2425 1211 2487 col
1231 2424 1323 2489 libro
1340 2426 1473 2510 impiis-

189 2530 276 2593 simo
311 2529 416 2610 quale
449 2547 514 2609 per
546 2529 581 2589 la
605 2527 803 2599 coniettura
835 2529 900 2590 che
934 2548 979 2591 ne
1008 2528 1161 2594 scrivete
1195 2540 1231 2594 et
1263 2532 1344 2596 altri
1370 2555 1473 2618 argu-

188 2636 298 2701 menti
322 2638 388 2699 che
412 2635 504 2699 omai
527 2634 588 2717 piu
613 2636 711 2699 volte
734 2636 780 2699 ha
805 2635 1012 2698 dimostrato
1038 2635 1073 2697 di
1098 2657 1137 2699 se
1157 2646 1281 2718 stesso,
1307 2649 1342 2702 et
1367 2639 1424 2704 ira
1447 2642 1473 2705 li

189 2744 270 2807 altri
294 2745 359 2807 che
383 2762 493 2816 erano
517 2743 552 2805 in
570 2742 688 2822 quella
703 2741 838 2824 polizza
854 2743 1022 2807 mandata
1044 2744 1104 2806 dal
1120 2726 1253 2808 Nuntio
1268 2744 1305 2807 di
1320 2743 1474 2832 Spagna

188 2851 249 2915 alli
273 2849 385 2913 nostri
409 2849 444 2911 in
461 2849 590 2929 Roma,
615 2849 682 2912 che
705 2849 740 2915 vi
765 2869 802 2911 se
827 2869 871 2911 ne
896 2848 1011 2912 drizzd
1033 2849 1148 2931 copia,
1172 2851 1354 2925 crediamo
1369 2875 1477 2920 come

188 2957 248 3021 voi
277 2958 343 3019 che
367 2955 419 3019 sia
442 2975 506 3018 sua
529 2955 655 3017 farina.
704 2952 889 3036 Speriamo
913 2956 949 3018 in
971 2955 1042 3019 Dio
1066 2958 1136 3021 che.
1156 2957 1191 3033 in
1215 2958 1338 3021 ultima
1362 2969 1400 3023 et
1423 2961 1474 3025 lui

189 3074 225 3128 et
247 3064 273 3126 11
297 3063 378 3126 altri
401 3061 505 3124 simili
529 3083 567 3124 se
591 3081 857 3143 accorgeranno
883 3063 978 3124 della
1001 3063 1077 3126 loro
1102 3063 1286 3147 maligniti
1315 3074 1351 3129 et
1376 3068 1472 3131 tardi

188 3192 226 3234 se
251 3169 473 3253 pentirann0.
521 3169 591 3231 Voi
615 3167 791 3251 seguitate
815 3189 882 3232 con
899 3169 1090 3250 prudentia
1105 3170 1223 3234 studio
1246 3182 1283 3234 et
1295 3172 1473 3254 patientia

189 3287 224 3341 et
247 3287 348 3340 usate
380 3276 405 3338 11
428 3275 567 3339 rimedii
600 3286 636 3338 et
659 3276 833 3338 medicine
858 3277 1013 3340 secondo
1039 3278 1072 3340 el
1096 3280 1220 3340 morbo
1230 3327 1238 3359 ,
1275 3287 1311 3341 et
1334 3289 1471 3360 quanto

189 3384 249 3468 piu
280 3383 311 3446 si
333 3384 405 3465 pud
438 3403 494 3445 ma
519 3403 585 3447 con
610 3383 879 3446 mansuetudine
911 3385 1030 3447 cerchi
1054 3385 1187 3447 redurli
1221 3395 1257 3448 et
1280 3405 1470 3468 reparare;

188 3500 264 3554 sete
285 3491 321 3553 in
341 3490 443 3570 fatto,
468 3498 504 3552 et
520 3489 650 3571 meglio
675 3491 740 3553 che
756 3490 837 3561 tutti
861 3501 1051 3555 conoscete
1072 3502 1204 3572 quanto
1223 3492 1252 3555 si
1269 3511 1471 3578 convenga.

188 3599 240 3660 La
264 3597 444 3679 presentia
467 3606 589 3660 vostra
613 3596 633 3660 ὲ
657 3617 724 3678 pur
747 3599 861 3661 anche
886 3596 978 3661 cossi
1001 3599 1222 3674 necessaria;
1246 3600 1335 3681 perd
1352 3621 1425 3665 non
1451 3602 1472 3665 e

188 3707 302 3768 anche
327 3706 372 3766 da
396 3706 533 3767 lassare
554 3706 587 3767 le
611 3724 693 3767 cose
719 3707 790 3767 cosl
816 3704 861 3767 ne
885 3714 1100 3769 tornarvene
1124 3727 1145 3769 a
1168 3705 1212 3771 N.
1229 3704 1263 3771 S.
1289 3716 1325 3770 et
1348 3728 1370 3770 a
1394 3709 1471 3785 n0i;

188 3821 325 3875 attenta
356 3813 392 3873 13
424 3810 653 3892 importantia
684 3812 779 3878 della
810 3811 965 3894 impresa
997 3813 1062 3877 che
1096 3815 1225 3877 havete
1249 3822 1326 3877 sete
1357 3818 1470 3880 molto

188 3919 250 4002 piu
274 3939 357 3981 caro
382 3918 415 3980 13
440 3939 506 4001 per
530 3919 668 3999 adesso,
693 3917 723 3983 sl
746 3922 814 3985 ben
837 3929 969 4001 quanio
993 3919 1050 3983 all’
1065 3920 1182 3983 animo
1199 3931 1322 3984 nostro
1339 3922 1375 3984 vi
1391 3943 1471 3988 vor·

188 4047 285 4090 remo
311 4045 450 4108 sempre
475 4045 658 4107 appresso.

278 4133 349 4197 Per
372 4131 396 4194 il
421 4130 550 4195 Cocleo
575 4131 685 4195 siamo
710 4151 775 4213 per
798 4133 854 4195 far
877 4132 963 4214 ogni
987 4152 1081 4214 cosa,
1107 4143 1143 4196 et
1166 4144 1264 4198 certo
1288 4134 1330 4198 N.
1356 4133 1394 4200 S.
1421 4138 1473 4222 gli

187 4241 235 4303 ha
258 4259 373 4302 messo
398 4237 521 4301 affecto
546 4239 684 4321 grande
709 4249 743 4301 et
766 4238 824 4302 noi
848 4241 956 4302 molto
972 4240 1006 4302 lo
1024 4260 1179 4313 amamo;
1204 4241 1340 4304 faremo
1356 4240 1471 4307 inten-

188 4347 273 4411 dere
299 4347 344 4408 da
367 4366 500 4408 messer
515 4345 666 4408 Andrea
690 4354 725 4408 et
750 4347 809 4408 dal
826 4345 1086 4428 Questemberg
1110 4347 1205 4428 quali
1229 4348 1386 4411 secondo
1411 4350 1473 4413 noi

187 4473 276 4519 sono
301 4451 384 4516 stati
407 4450 606 4535 negligenti
630 4452 665 4514 in
691 4463 816 4534 questa
840 4473 924 4516 cosa
948 4464 984 4516 et
1007 4474 1077 4517 non
1094 4454 1124 4517 si
1143 4454 1279 4518 lassera
1302 4456 1368 4518 che
1390 4454 1473 4522 fare

218 4681 238 4753 ι)
257 4686 327 4734 Vere
362 4684 428 4734 haec
456 4683 569 4749 epistola
603 4683 739 4748 respondit
772 4683 899 4748 epistolae
932 4684 1010 4732 datae
1045 4684 1088 4733 die
1117 4686 1305 4735 Decimutertiu
1334 4685 1473 4739 Octobris.

261 4765 409 4815 Dicendum
429 4781 491 4829 ergo
511 4765 599 4830 potius
617 4766 661 4812 del
673 4771 802 4826 presente.
