3330 5580
717 459 945 515 (><ἷ1211(ὲ>”ο

280 603 449 666 Chievres
465 613 562 668 certo
580 605 600 666 e
615 608 734 668 buono
752 617 787 667 et
809 605 927 687 magni
952 604 1130 684 momenti,
1155 604 1295 668 benche
1320 604 1368 668 lui
1392 605 1471 668 dice

190 711 223 773 in
256 721 379 792 queste
413 733 496 774 cose
528 734 593 795 per
625 734 693 775 non
726 733 824 775 esser
856 714 955 774 dotto
982 714 1144 793 besogna
1169 713 1248 776 chel
1273 734 1311 775 se
1336 713 1472 795 reporti

189 818 248 884 alli
265 818 465 892 conselieri;
491 829 616 901 questo
642 823 718 883 solo
743 819 965 882 econtrario
990 821 1056 882 che
1080 819 1128 881 lui
1153 819 1317 883 desidera
1338 829 1472 902 quanto

190 925 248 1007 piu
284 926 355 1008 pud
386 936 633 1009 pacatamente
658 927 714 990 far
738 929 803 990 che
828 927 939 990 Cesar
967 926 1130 1007 ottenghi
1153 934 1243 989 tutte
1269 928 1301 989 le
1326 947 1388 989 sue
1417 948 1471 988 co-

190 1053 275 1095 rone
293 1044 328 1095 et
352 1034 440 1117 perd
465 1044 585 1116 presta
610 1035 752 1097 orechie
777 1035 807 1097 a'
824 1033 994 1098 Germani
1020 1044 1054 1096 et
1078 1034 1329 1116 temporeggia
1353 1036 1387 1096 al
1412 1055 1472 1116 ap·

189 1140 301 1220 petito
335 1143 411 1204 loro
443 1140 477 1203 in
511 1152 637 1222 questa
663 1161 747 1204 cosa
772 1141 805 1203 di
832 1142 966 1203 Luther
990 1161 1053 1222 per
1078 1143 1111 1202 le
1136 1161 1319 1221 promesse
1343 1141 1471 1222 grandi

189 1249 222 1308 le
253 1246 362 1309 fanno
395 1249 430 1309 di
463 1268 728 1331 accompagnar
752 1249 861 1311 Cesar
889 1250 959 1310 alla.
991 1268 1123 1310 corona
1147 1247 1182 1309 di
1208 1247 1343 1327 Roma,
1378 1257 1413 1309 et
1437 1249 1471 1309 lo

189 1357 448 1435 aggabberano
473 1357 609 1434 saltem,
634 1357 700 1418 che
724 1376 788 1438 per
812 1354 835 1417 il
861 1365 1027 1437 presente
1052 1375 1121 1417 non
1146 1375 1299 1417 saranno
1324 1355 1421 1418 nulla
1436 1355 1469 1417 di

190 1463 307 1541 quello
332 1461 502 1525 Chievres
531 1462 704 1525 desidera.

278 1568 452 1631 Tudensis
473 1571 518 1632 ha
542 1580 725 1652 composto
751 1591 820 1633 una
845 1569 1005 1631 oratione
1030 1578 1154 1631 contra
1178 1568 1202 1631 li
1218 1569 1412 1631 Lutherani
1437 1571 1469 1631 la

190 1677 271 1755 qual
305 1696 370 1758 per
401 1685 526 1756 questo
558 1677 675 1739 harrei
700 1677 885 1755 mandata,
911 1696 966 1738 ma
991 1675 1010 1737 e
1035 1675 1158 1738 scritta
1183 1674 1470 1745 scorrettissima;

190 1782 254 1844 Lui
280 1783 444 1845 desidera
469 1785 577 1846 molto
602 1786 667 1847 che
692 1783 733 1846 N.
758 1782 793 1847 S.
820 1793 855 1845 et
878 1783 923 1845 V.
941 1782 976 1844 S.
1002 1784 1125 1856 Rev112a
1149 1783 1181 1844 la
1207 1781 1302 1854 vedi;
1328 1784 1470 1845 manda·

189 1892 266 1953 rola
295 1912 359 1973 per
389 1891 412 1953 il
438 1891 562 1975 prim0.
609 1891 651 1953 El
677 1893 775 1953 detto
792 1889 966 1953 Tudensis
991 1893 1136 1953 multum
1161 1890 1389 1970 conqueritur
1414 1890 1469 1952 de'

190 2018 251 2059 sue
276 1999 386 2078 bulle,
411 2009 447 2060 et
470 1998 609 2061 benche
634 1999 752 2078 cred0‚
777 2018 877 2060 corne
902 1997 1058 2078 intende,
1084 1999 1150 2060 che
1175 1997 1221 2060 lui
1247 1996 1355 2060 habbi
1376 2007 1470 2060 torto

189 2116 312 2167 contra
327 2105 409 2167 Don
426 2106 521 2187 Loys
538 2106 660 2186 Caroz,
684 2107 873 2168 tuttavolta
899 2125 962 2186 per
987 2125 1083 2168 esser
1100 2104 1274 2167 Tudensis
1298 2125 1472 2186 appresso

190 2211 298 2275 Cesar
324 2222 359 2274 et
379 2213 549 2276 Chievres
573 2234 728 2276 summae
753 2212 974 2275 auctoritatis
998 2224 1034 2273 et
1058 2212 1205 2292 gratiae,
1230 2214 1276 2274 ho
1302 2231 1367 2293 per
1391 2231 1469 2273 con-

189 2318 277 2381 selio
310 2322 354 2382 (la
386 2322 523 2402 grande
557 2341 710 2404 persone
742 2322 808 2383 che
832 2319 875 2382 N.
901 2317 936 2381 S.
972 2321 1003 2381 ei
1030 2320 1233 2381 deverebbe
1259 2317 1472 2398 compiacer,

189 2448 260 2488 non
285 2427 364 2489 dico
390 2426 424 2488 di
449 2426 504 2489 sar
527 2426 696 2490 iniustitia
720 2449 740 2490 o
764 2435 858 2488 torto
883 2427 928 2489 ad
954 2428 1097 2504 alcuno,
1131 2446 1186 2487 ma
1211 2424 1245 2486 di
1270 2426 1382 2487 veder
1406 2427 1472 2487 che

189 2534 269 2596 Don
304 2535 398 2616 Loys
431 2554 496 2596 con
532 2536 680 2616 qualche
714 2537 804 2596 altra
837 2553 1021 2614 promessa
1053 2533 1089 2594 di
1116 2532 1246 2595 Nostro
1272 2530 1425 2614 Signore
1451 2553 1472 2595 o

188 2662 422 2725 recompensa
445 2644 598 2704 lassasse
623 2644 670 2703 tal
696 2641 881 2704 beneficio.
918 2641 957 2702 In
983 2651 1108 2720 questo
1134 2660 1204 2703 non
1230 2640 1311 2701 dico
1336 2661 1374 2702 se
1400 2661 1469 2702 non

188 2751 222 2810 lo
248 2750 314 2812 che
338 2770 393 2811 me
418 2749 613 2811 consiliano
639 2749 746 2830 quelli
771 2749 836 2811 che
852 2748 980 2810 dicono
999 2768 1096 2812 esser
1113 2746 1276 2809 servitori
1293 2757 1328 2810 et
1343 2748 1471 2828 grandi

188 2856 291 2918 amici
323 2855 358 2916 di
385 2855 515 2918 Vostra
541 2855 707 2938 Signoria
732 2855 1062 2932 Reverendissima‚
1096 2866 1131 2915 et
1155 2863 1236 2916 sunt
1259 2854 1316 2916 hic
1341 2855 1470 2936 magni.

190 2962 253 3024 Piu
282 2965 378 3025 volte
404 2966 436 3027 el
461 2965 558 3026 detto
583 2963 750 3026 'sudense
774 2964 820 3026 mi
844 2966 890 3026 ha
915 2965 1013 3025 detto
1038 2964 1104 3024 che
1128 2965 1174 3025 ha
1199 2961 1288 3024 fatto
1314 2961 1411 3025 etia
1434 2963 1469 3024 in

188 3080 313 3150 questa
328 3091 412 3133 cosa
437 3071 473 3132 di
486 3072 619 3134 Luther
647 3081 738 3133 tutto
756 3072 777 3133 'l
802 3071 983 3153 possibile,
1007 3071 1187 3151 loquendo
1211 3079 1247 3132 et
1268 3070 1470 3150 scribend0‚

188 3199 245 3239 ma
273 3179 339 3240 che
370 3180 442 3242 ben
474 3179 564 3241 vede
597 3199 675 3241 esse
706 3178 841 3240 irritum
874 3180 1047 3254 laborem,
1082 3188 1117 3240 et
1150 3177 1230 3239 altri
1264 3177 1365 3259 punti
1397 3177 1470 3240 cosi

189 3287 376 3366 passandO,
401 3289 434 3348 al
460 3288 525 3349 che
550 3286 728 3368 respondo
753 3286 871 3366 quello
896 3306 952 3347 me
976 3304 1041 3365 par
1065 3288 1098 3347 el
1124 3286 1256 3347 dovere
1281 3305 1346 3367 per
1370 3285 1469 3346 satis·

188 3390 293 3470 farlo,
325 3402 361 3455 et
385 3392 590 3474 s’acquieta
614 3391 706 3454 assai
731 3394 834 3471 bene,
860 3401 896 3454 et
920 3393 1137 3475 comprendo
1155 3393 1220 3453 che
1236 3393 1471 3472 perseveraris

189 3519 288 3560 come
305 3500 531 3563 commencid.
570 3501 629 3562 Ma
653 3520 690 3561 se
716 3499 736 3560 l'
751 3501 841 3560 altro
869 3498 903 3561 (11
929 3521 949 3560 a
971 3499 1160 3581 Moguntia
1184 3510 1281 3561 torse
1303 3518 1350 3560 un
1377 3519 1469 3581 poco

187 3607 222 3667 la
246 3607 336 3668 coda
361 3606 398 3669 fu
422 3607 508 3670 forsi
534 3628 604 3670 una
627 3617 785 3670 monstra
809 3627 873 3689 per
898 3607 998 3670 venir
1022 3608 1056 3669 al
1071 3606 1162 3668 fatto
1180 3627 1255 3686 suo,
1280 3615 1470 3686 utcumque

187 3723 242 3775 est
267 3714 363 3775 multi
387 3713 582 3796 faciendus
608 3715 690 3797 quia
714 3714 770 3777 hic
795 3715 945 3796 plurima
967 3724 1095 3796 potest,
1123 3714 1274 3776 maxime
1292 3713 1326 3775 in
1343 3723 1469 3793 questa

189 3840 273 3881 cosa
306 3840 372 3900 per
403 3841 499 3884 esser
530 3823 631 3884 dotto
664 3832 699 3884 et
726 3831 831 3904 grato
855 3822 889 3883 al
914 3822 1099 3905 Principe,
1134 3822 1216 3884 nihil
1242 3831 1360 3883 tamen
1384 3832 1469 3901 peto

84 3944 88 3949 ·
189 3938 334 4008 praeter
354 3928 410 4009 jus
435 3938 470 3990 et
495 3928 558 3991 sas

278 4034 319 4095 Ei
337 4033 555 4097 Cancelliere
580 4035 599 4097 e
624 4037 735 4118 gentil
761 4056 925 4118 persona,
951 4046 985 4098 et
1010 4035 1036 4097 si
1062 4046 1167 4116 porta
1191 4039 1294 4113 bene,
1321 4056 1376 4097 ma
1394 4034 1471 4096 fara

188 4151 321 4222 quanto
346 4141 452 4204 vorra
476 4141 648 4206 Chievres
672 4144 730 4224 qui
756 4143 943 4225 plurimum
969 4155 1129 4204 movetur
1154 4164 1174 4203 a
1198 4142 1365 4204 Tudensi.

277 4249 478 4311 Pallentino
503 4252 649 4312 multum
674 4271 712 4313 se
737 4250 852 4327 offert,
881 4270 937 4311 ma
961 4258 1087 4330 questo
1112 4249 1140 4311 si
1165 4259 1274 4311 tratta
1298 4250 1355 4310 nel
1381 4248 1466 4310 Con-

187 4356 301 4436 seglio
327 4356 600 4439 D’Alemagna,
635 4359 728 4421 dove
761 4357 809 4419 lui
842 4377 913 4419 non
947 4366 1066 4426 entra;
1102 4365 1193 4418 tutta
1223 4353 1308 4417 fiata
1339 4355 1373 4416 io
1399 4375 1468 4417 non

188 4482 289 4525 cesso
314 4465 629 4527 raccommandarli
653 4468 688 4527 la
712 4485 806 4527 cosa.

277 4570 317 4631 El
344 4571 446 4633 Duca
476 4573 511 4633 di
541 4573 635 4635 Alva
663 4572 698 4634 in
730 4571 854 4633 favore
887 4570 923 4631 di
958 4569 1087 4632 Nostro
1119 4566 1273 4650 Signore
1306 4578 1341 4630 et
1375 4569 1470 4630 delia

188 4676 315 4740 Chiesa
340 4678 369 4740 si
389 4679 538 4741 straccia
563 4678 585 4742 li
610 4679 731 4760 panni,
756 4698 823 4740 con
842 4687 941 4739 tanto
966 4676 1108 4738 fervore
1134 4696 1177 4737 ne
1201 4676 1316 4757 paria:
1365 4675 1409 4736 Et
1435 4676 1469 4738 in

187 4804 273 4847 vero
297 4783 371 4847 cosi
395 4785 503 4848 fanno
528 4787 608 4848 tutti
633 4786 657 4847 li
680 4783 855 4867 spagnoli‚
882 4793 1025 4847 excetto
1050 4782 1074 4844 li
1095 4781 1304 4844 mercatanti
1319 4783 1468 4863 sospetti
