3330 5580
717 319 867 378 &284
906 320 963 376 tro

202 467 267 548 (sel
292 466 371 528 sari
396 467 440 529 de
460 466 629 549 bisogno)
653 467 699 529 ad
723 467 960 549 privationem
983 467 1252 544 beneficiorum
1278 469 1314 532 in
1340 470 1485 553 reliquis

201 574 468 653 generalmente
492 582 584 636 tutto
608 573 637 636 si
661 584 765 656 porta
788 577 902 656 bene,
927 585 963 638 et
986 575 1010 638 li
1034 576 1158 658 populi
1183 575 1243 657 gia
1266 576 1485 641 abominano

201 689 326 761 questa
350 681 543 743 maledetta
567 681 707 744 heresia
731 682 815 764 ogni
840 682 875 743 di
900 682 971 763 piu.
1013 682 1051 744 [o
1075 702 1145 745 non
1171 684 1217 745 ho
1241 685 1377 747 lassato
1397 685 1485 767 pero

201 787 256 849 far
285 787 309 849 il
335 788 455 850 debito
483 788 518 850 in
543 799 731 869 presentat
760 792 795 852 lo
829 789 940 851 editto
974 789 1010 850 di
1034 788 1144 852 Cesar
1175 790 1235 853 alli
1259 789 1486 873 Conseglieri

201 894 236 955 di
261 895 417 976 Bruges,
451 895 476 956 li
508 894 603 975 quali
633 895 910 977 benignamente
942 898 1061 959 hanno
1093 916 1277 979 promesso
1311 897 1442 962 obedit
1464 919 1486 962 a

199 1002 249 1063 tal
274 1001 385 1064 editto
410 1010 445 1064 et
468 1003 587 1064 hanno
608 1012 771 1066 retenuto
796 1003 900 1085 copia
923 1003 1138 1068 authentica.
1176 1004 1292 1068 Etiam
1307 1025 1347 1068 se
1364 1007 1484 1069 hanno

200 1106 327 1169 offerto
359 1108 484 1170 obedir
508 1110 579 1171 alla
610 1111 708 1172 bulla
732 1111 790 1173 del
814 1107 1065 1192 SanctissimO,
1101 1120 1137 1174 et
1160 1112 1365 1194 pregatomi
1388 1113 1484 1176 volia

199 1331 235 1384 et
258 1322 475 1404 obedientia,
498 1344 554 1386 me
579 1324 798 1386 mandorono
823 1323 847 1385 il
872 1323 968 1404 vino,
992 1343 1092 1386 come
1117 1325 1135 1388 ὲ
1160 1325 1237 1387 loro
1253 1336 1425 1407 costume‚
1448 1334 1484 1389 et

198 1429 318 1493 fecero
352 1450 373 1492 a
406 1429 551 1513 publica
574 1449 664 1492 voce
699 1439 735 1492 et
766 1429 865 1492 crido
889 1431 1051 1512 publicar
1084 1429 1231 1494 l'editto
1256 1430 1414 1495 Cesareo
1448 1441 1485 1495 et

198 1535 406 1599 offerirnose
431 1557 541 1600 ancor
564 1537 620 1599 far
644 1536 804 1599 brusciar
827 1537 853 1600 li
876 1537 957 1599 libri
981 1557 1019 1600 se
1044 1557 1083 1600 se
1107 1537 1246 1601 fussero
1271 1538 1423 1620 trovati‚
1458 1538 1484 1602 il

198 1643 263 1705 che
295 1652 393 1705 certo
424 1642 575 1706 emolto
601 1643 646 1706 da
670 1645 787 1724 lodar,
824 1653 859 1706 et
890 1645 937 1706 da
959 1644 1134 1725 regratiar
1158 1644 1245 1724 Dio,
1282 1646 1349 1708 che
1384 1644 1415 1709 si
1437 1646 1484 1709 ha

197 1758 338 1812 trovato
368 1758 493 1831 questo
525 1750 719 1813 bellissima
750 1761 845 1813 terra
878 1755 950 1813 cosl
975 1760 1073 1814 netta
1104 1750 1139 1812 di
1171 1753 1219 1814 tal
1243 1771 1376 1814 errore.
1424 1751 1485 1815 Ho

196 1856 286 1919 fatto
318 1857 424 1919 etiam
456 1857 623 1939 predicar
653 1878 675 1919 a
705 1857 785 1920 tutti
816 1857 842 1920 li
876 1857 990 1920 ordini
1022 1866 1058 1920 et
1088 1857 1252 1940 publicar
1281 1860 1316 1920 al
1346 1859 1486 1941 populo

198 1965 254 2027 nel
279 1984 441 2026 sermone
465 1967 500 2027 la
524 1966 622 2027 bulla
646 1964 874 2046 Apostolica‚
911 1974 946 2028 et
970 1967 1004 2028 lo
1030 1964 1141 2027 editto
1167 1962 1340 2042 Cesareo,
1376 1974 1414 2028 et
1438 1967 1485 2028 de

197 2080 322 2152 questo
346 2091 434 2134 sono
460 2071 542 2133 stati
565 2071 646 2134 fatti
669 2071 728 2153 gia
752 2071 810 2153 piu
838 2071 873 2133 di
895 2071 984 2134 XX.
1013 2071 1177 2151 sermoni,
1202 2070 1263 2152 qui
1286 2069 1321 2132 in
1340 2070 1486 2152 Bruges

195 2177 231 2239 in
256 2176 387 2240 diversi
411 2178 535 2260 luoghi
566 2190 602 2241 et
625 2181 672 2241 ho
697 2181 780 2240 dato
813 2179 914 2241 achi
944 2198 999 2240 me
1023 2179 1069 2239 ha
1093 2197 1200 2260 parso
1233 2179 1268 2239 la
1291 2176 1399 2258 copia
1424 2177 1486 2241 im·

195 2305 320 2367 pressa
344 2286 401 2347 del
426 2285 537 2348 editto
561 2285 784 2366 Fiammingo
809 2294 844 2347 et
868 2285 947 2348 altri
970 2284 1117 2349 remedii
1142 2282 1319 2366 oportuni.

283 2391 323 2453 Io
348 2411 507 2474 pensava
531 2392 692 2474 partirmi
716 2390 828 2473 hoggi
852 2391 911 2453 nel
935 2390 1076 2472 seguito
1101 2391 1137 2453 di
1161 2390 1289 2467 Cesar,
1320 2411 1381 2453 ma
1405 2411 1487 2474 per·

194 2497 259 2560 che
282 2499 329 2559 ho
354 2498 468 2561 inteso
492 2519 585 2562 nunc
609 2498 779 2581 primum,
804 2499 869 2560 che
893 2498 918 2560 li
944 2496 1120 2560 Cartusini
1146 2509 1181 2561 et
1204 2498 1229 2561 li
1254 2498 1486 2561 Benedictini

195 2604 228 2666 di
264 2614 390 2686 questa
423 2617 535 2686 terra,
572 2605 718 2686 (homini
749 2606 813 2668 che
845 2625 910 2688 per
940 2615 1070 2688 troppo
1095 2605 1175 2668 ocio
1209 2614 1245 2668 et
1276 2604 1486 2688 solitudine,

194 2732 333 2793 sempre
359 2713 482 2775 soleno
508 2734 605 2777 esser
620 2709 881 2796 melancholici)
906 2731 994 2774 sono
1019 2715 1126 2776 molto
1150 2711 1267 2776 infeui
1290 2711 1327 2774 di
1351 2724 1487 2794 questa

193 2818 402 2900 ribaldaria,
435 2828 470 2881 et
494 2822 613 2882 hanno
638 2839 727 2901 gran
753 2838 899 2881 numero
924 2818 960 2880 di
984 2821 1034 2881 tal
1058 2819 1158 2898 libri,
1192 2828 1228 2881 et
1251 2821 1317 2881 che
1341 2820 1486 2902 peggio

194 2925 211 2987 ὲ
235 2926 269 2987 le
293 2925 472 2989 Monache
497 2926 541 2988 de
566 2923 637 2989 San
664 2926 883 3005 Benedetto,
916 2935 952 2988 et
976 2926 1162 2989 Bernardo
1194 2926 1229 2989 in
1255 2925 1370 3007 questi
1398 2946 1484 2990 con·

192 3031 284 3094 torni
309 3053 441 3096 ancora
465 3034 533 3095 elle
559 3053 647 3096 sono
672 3041 814 3095 cascate
839 3031 874 3093 in
899 3033 948 3094 tal
974 3052 1112 3113 errore,
1148 3053 1213 3114 per
1238 3052 1337 3096 esser
1359 3035 1485 3115 questi

192 3139 272 3202 libri
296 3140 442 3203 tradotti
468 3139 503 3204 in
528 3139 753 3221 fiammengo,
778 3138 891 3221 perhb
915 3138 949 3200 io
973 3141 1020 3201 ho
1045 3139 1244 3202 deliberato
1269 3141 1399 3202 deman
1424 3141 1485 3204 far

192 3268 261 3309 una
285 3247 391 3310 visita
415 3268 481 3329 per
504 3248 592 3310 detti
617 3246 741 3329 luoghi
765 3246 800 3308 di
826 3244 1003 3308 Cartusini
1028 3255 1063 3308 et
1088 3245 1335 3325 Benedettini,
1361 3256 1399 3309 et
1423 3247 1485 3311 far

191 3356 268 3417 loro
293 3375 363 3417 una
386 3356 507 3417 buona
541 3364 576 3417 et
601 3355 753 3416 humana
777 3351 1017 3415 admonitione
1042 3353 1076 3414 in
1102 3356 1210 3434 pleno
1236 3373 1356 3415 eorum
1381 3354 1482 3436 capi·

191 3463 277 3542 tul0,
302 3461 562 3543 apprehendoli
595 3464 631 3523 la
654 3460 712 3523 via
736 3481 757 3521 a
782 3479 979 3540 cognoscar
1003 3460 1038 3521 la
1062 3459 1255 3521 ribaldaria
1279 3461 1323 3521 de
1348 3470 1483 3540 questo

191 3569 309 3650 Arrio,
335 3579 371 3631 et
394 3568 429 3630 in
453 3567 523 3631 fine
546 3567 626 3630 dirli
651 3569 716 3630 che
733 3568 824 3630 oltra
848 3566 872 3628 il
896 3566 1055 3647 pericolo
1078 3568 1172 3628 della
1188 3566 1318 3629 Anima
1335 3566 1481 3647 sapiino

190 3676 270 3739 chel
295 3673 526 3738 Sanctissimo
558 3674 638 3737 sard
663 3682 859 3736 constretto
884 3675 949 3735 dar
973 3673 1008 3735 in
1033 3674 1145 3754 preda
1176 3673 1200 3735 li
1225 3675 1301 3736 loro
1325 3673 1412 3735 beni
1438 3694 1481 3738 se

189 3802 472 3865 perseverarano
504 3782 538 3844 in
569 3784 619 3845 tal
644 3801 780 3859 errore,
817 3780 948 3862 perche
981 3779 1014 3841 io
1039 3788 1142 3841 trovo
1174 3788 1300 3860 questo
1323 3790 1480 3856 terrore,

190 3892 254 3952 che
278 3890 313 3952 io
337 3891 383 3951 ho
408 3888 469 3971 gie
493 3908 608 3951 messo
633 3889 678 3950 ad
703 3886 821 3950 alcuni
846 3886 943 3966 altri,
977 3889 1089 3949 haver
1113 3888 1222 3950 molto
1247 3886 1414 3967 giovat0‚
1440 3899 1480 3952 et

189 3997 268 4059 dieo
293 3996 418 4076 molto,
443 4004 478 4057 et
501 3993 575 4057 cosi
599 4015 705 4076 spero
729 3995 794 4057 che
819 3993 967 4075 giovari
991 3994 1060 4075 qui.
1110 3993 1175 4056 Poi
1199 3993 1383 4076 partiromi
1408 4013 1480 4075 per

187 4102 242 4165 far
266 4103 290 4165 il
314 4112 409 4165 resto
435 4121 501 4164 con
526 4103 561 4164 lo
586 4101 706 4164 adiuto
731 4100 767 4163 di
792 4101 871 4179 Dio,
897 4101 956 4182 qui
982 4100 1331 4163 Reverendissimam
1352 4100 1475 4164 Domi-

188 4209 368 4272 nationem
393 4208 560 4271 Vestram
594 4208 653 4270 diu
686 4207 826 4270 felicem
859 4217 1065 4286 conservet,
1102 4208 1157 4270 cui
1191 4227 1246 4270 me
1277 4207 1476 4273 humillime

189 4316 409 4396 commend0,
434 4324 469 4377 et
493 4335 617 4377 manus
640 4315 839 4380 deosculor.

277 4421 408 4504 Brugis
432 4421 575 4484 XXVI.
600 4421 755 4503 Augusti
779 4421 962 4486 MDXXI.

721 4617 744 4626 w
769 4617 833 4626 nm».-
840 4617 923 4627 vanu-‚s
