3330 5580
704 117 950 173 Qbfflffl

146 256 253 327 Du
262 262 439 324 adiutorio
453 264 736 343 prosequendam
751 264 902 325 meditor
913 265 982 326 iam
997 263 1117 325 futuro
1130 282 1236 339 ann0,
1251 261 1349 323 cuius
1361 279 1469 322 causa
1534 344 1540 353 ι

146 384 242 459 me
265 370 313 432 ad
338 371 402 431 has
427 369 563 450 patrias
587 371 707 451 recepi
732 370 766 432 in
792 371 936 452 Imperii
953 371 1102 451 aliisque
1118 369 1360 451 superioribus
1385 367 1471 429 meis

138 468 380 565 {wrovinciis
396 476 622 557 quantumvis
647 498 725 539 mea
750 479 952 558 praesentia
977 498 1087 559 aegre
1113 477 1301 555 caruerint,
1327 486 1365 536 ut
1390 476 1469 536 dem

138 576 348 685 *ordinem
373 603 451 646 cum
476 583 530 645 his
554 583 834 664 provincialibus
859 586 956 662 meis,
982 605 1071 665 quos
1095 585 1284 666 Tyrannus
1308 583 1367 645 ille
1384 602 1470 664 prae

138 690 341 787 ⁸j-eueteris
364 689 510 752 infestat
535 691 666 772 magis,
703 700 773 753 tam
811 693 905 753 circa
937 693 1136 774 parandum
1173 701 1404 753 commeatum
1436 701 1472 752 et

141 788 152 801 ’“
177 794 358 861 victualia
382 818 487 879 quam
511 798 754 861 instruendam
782 798 995 860 Artelariam
1032 808 1066 860 et
1097 819 1188 879 quae
1219 799 1265 860 ad
1289 797 1385 858 illam
1410 817 1466 858 ne·

137 894 345 993 &pessaria
376 914 476 983 sunt,
512 905 589 967 sine
623 905 749 986 quibus
781 914 879 967 tanta
909 927 966 967 res
1000 905 1141 987 penitus
1175 903 1301 968 confici
1339 903 1470 985 nequit.

137 1004 314 1099 ¹{Itaque
339 1010 504 1073 subsidiis
528 1012 741 1094 pecuniariis
765 1013 917 1091 adiutus,
941 1012 1067 1093 positis
1098 1012 1133 1074 in
1163 1012 1287 1074 ordine
1318 1020 1389 1071 tam
1415 1031 1470 1072 ne-

137 1104 145 1167 ἷ
179 1117 353 1183 cessariis
378 1119 703 1199 commoditatibus,
728 1128 764 1182 et
799 1119 1062 1200 provisionibus
1092 1117 1209 1197 factis,
1245 1120 1364 1180 alacer
1399 1138 1471 1178 rem

137 1206 343 1309 fjaggredi
367 1225 507 1306 possim,
557 1226 677 1307 Atque
707 1226 838 1288 utinam
872 1227 908 1288 id
942 1225 1097 1307 propriis
1126 1225 1323 1306 sumptibus
1352 1224 1471 1286 facere

137 1348 148 1357 ““
177 1330 331 1411 liceret,
363 1343 436 1394 tum
466 1353 581 1414 neque
614 1332 832 1394 Beatitudini
864 1333 1016 1395 Vestrae
1042 1352 1157 1413 neque
1181 1332 1243 1393 ulli
1274 1331 1471 1393 mortalium

147 1484 150 1489 -
178 1456 305 1503 essem
330 1458 510 1501 onerosus.
561 1440 846 1522 Quamprimum,
871 1439 1039 1502 maiorem
1063 1440 1097 1501 in
1123 1441 1266 1501 modum
1291 1449 1327 1500 et
1351 1439 1473 1500 hortor

137 1508 151 1653 ζ
179 1554 221 1610 et
245 1565 341 1627 rogo
366 1554 405 1607 ut
437 1566 492 1608 me
517 1546 586 1609 iam
613 1549 709 1609 velut
734 1547 972 1628 importunum
997 1559 1203 1610 exactorem
1227 1566 1296 1609 non
1322 1547 1472 1626 repellat

182 1672 209 1717 a
233 1651 331 1714 facie
355 1672 429 1732 sua,
453 1655 517 1715 sed
545 1654 812 1716 mansuetudine
838 1665 873 1716 et
897 1655 1086 1717 clementia
1110 1675 1173 1716 sua
1204 1651 1472 1734 incomparabili

148 1814 151 1819 .
184 1778 263 1823 non
289 1760 400 1821 solum
424 1760 600 1841 benignas
624 1781 728 1823 aures
753 1771 936 1842 praestare
961 1763 1024 1824 sed
1050 1761 1172 1841 etiam,
1204 1771 1242 1823 ut
1270 1761 1396 1823 iterum
1424 1771 1472 1820 at·

151 1926 154 1931 .
187 1886 262 1950 que
287 1865 414 1928 iterum
438 1866 589 1948 imploro
615 1876 650 1931 et
674 1888 778 1948 quam
803 1868 957 1931 maxime
980 1889 1125 1950 possum
1150 1867 1243 1930 serio
1277 1878 1313 1929 et
1343 1866 1376 1928 in
1402 1867 1472 1946 ple-

185 1972 353 2038 nitudine
377 1973 454 2054 spei
488 1984 523 2035 et
546 1973 697 2037 fiduciae
728 1996 829 2037 meae
854 1995 959 2056 quam
990 1972 1093 2056 posui
1118 1975 1152 2036 in
1179 1995 1275 2040 eam.
1312 1976 1473 2050 obsecro,

188 2092 363 2165 quantum
389 2080 561 2144 eiusmodi
585 2081 706 2144 auxilii
730 2081 843 2164 possit
866 2082 960 2144 ferre
990 2081 1072 2144 mihi
1100 2081 1297 2163 impartire,
1328 2080 1473 2160 eiusque

188 2189 337 2253 modum
362 2199 397 2250 et
420 2188 593 2251 rationem
618 2188 653 2250 in
682 2198 842 2270 tempore
877 2187 1016 2270 aperire
1051 2187 1234 2270 dignetur.
1267 2197 1304 2249 ut
1336 2184 1474 2248 collatis

189 2297 261 2359 huc
286 2294 450 2358 omnibus
473 2295 602 2375 opibus
633 2306 668 2358 et
692 2295 825 2358 viribus
843 2295 939 2374 meiS,
965 2295 1128 2376 proximo
1153 2315 1245 2357 anno
1269 2295 1474 2375 propulsam

135 2396 138 2405 ’
189 2404 261 2467 hoc
287 2402 382 2484 quod
407 2401 563 2464 imminet
588 2403 786 2465 cervicibus
811 2402 1031 2465 subditorum
1055 2422 1212 2464 meorum
1238 2401 1380 2464 exitiale
1406 2421 1471 2462 ma·

191 2513 283 2583 lum;
309 2508 462 2571 vicissim
489 2510 635 2571 daturus
660 2530 803 2590 operam
829 2519 867 2570 ut
891 2530 969 2572 eam
992 2509 1092 2571 istius
1117 2507 1239 2571 auxilii
1262 2529 1332 2570 non
1357 2507 1474 2589 paeni·

191 2626 280 2696 teat,
304 2616 364 2697 qui
388 2616 504 2696 brevi,
528 2616 684 2698 propitio
709 2618 787 2679 Deo
812 2618 880 2679 hoc
904 2625 998 2678 metu
1022 2617 1161 2697 hocque
1186 2617 1279 2678 malo
1302 2615 1473 2678 liberatus

192 2735 231 2789 et
254 2723 414 2787 securior
443 2724 576 2803 factuS,
609 2734 721 2786 totum
755 2724 884 2786 deinde
915 2745 971 2786 me
1002 2722 1117 2804 ipsum
1148 2742 1190 2784 ac
1221 2734 1328 2803 caput
1360 2741 1474 2783 meum

191 2840 401 2895 convertam
425 2831 471 2892 ad
504 2831 747 2894 defensionem
782 2841 927 2893 sanctae
952 2829 1056 2892 Sedis
1088 2841 1124 2892 et
1151 2829 1252 2892 istius
1282 2828 1472 2910 dignitatis.

192 2937 310 3020 Quem
334 2936 473 3001 interim
495 2948 662 3019 protegat
677 2949 712 3000 et
727 2949 868 3000 tueatur
891 2937 949 3001 ille
972 2937 1031 3020 qui
1056 2936 1132 3000 eius
1148 2945 1273 2998 auctor
1296 2946 1360 3013 est,
1378 2934 1475 2996 Deus

190 3055 318 3110 noster
341 3042 509 3109 Christus.
557 3045 612 3106 Ex
637 3044 787 3125 Vienna,
813 3044 871 3106 die
895 3043 1089 3108 Tricesima
1113 3042 1247 3105 Mensis
1261 3041 1343 3120 Julii
1369 3041 1474 3103 Anno

190 3151 339 3217 Domini
363 3151 581 3216 MDXXIV.

409 3285 449 3349 E.
474 3285 511 3347 S.
534 3285 581 3350 V.

738 3420 856 3469 Humilis
875 3428 901 3469 et
920 3421 1069 3484 obsequens
1087 3419 1157 3469 tilius

711 3524 905 3589 ΓΜῙΙΙΕΙΙΙΙΙ
936 3534 1019 3583 arch.
1048 3534 1182 3583 Austriae.

1227 3648 1268 3710 le
1286 3647 1409 3722 §ploret
