3344 5564
642 495 700 547 οἰκ-3
739 495 774 546 aa
812 493 870 547 oo

117 663 232 723 neque
257 642 363 704 animi
389 640 492 720 curis,
518 661 632 721 neque
658 638 819 722 corporis
844 638 1037 718 laboribus,
1062 650 1122 701 aut
1147 641 1242 703 vitae
1261 642 1394 723 pericu-

117 749 158 812 lis
182 750 376 831 parcend0,
401 769 443 810 ac
468 748 585 810 omnia
601 747 754 828 denique
769 747 974 828 prestando,
1000 767 1089 826 quae
1114 769 1134 808 a
1149 747 1245 810 fideli
1263 748 1396 830 pariter

116 876 157 919 ac
181 854 345 937 diligenti
370 855 500 917 Nuntio
525 853 677 935 prestari
702 863 851 934 possunt
876 862 911 915 et
935 854 1078 916 debent.
1119 854 1159 915 In
1192 875 1262 935 quo
1297 877 1396 937 spem

116 963 160 1024 de
176 962 279 1025 vobis
303 972 523 1044 conceptam,
549 981 618 1023 non
643 960 798 1042 impletis
822 969 969 1037 tantum,
995 961 1058 1022 sed
1083 961 1188 1024 etiam
1206 962 1394 1045 superatis.

116 1069 195 1149 Quo
226 1071 272 1132 ad
303 1069 492 1132 facultates
525 1089 612 1150 quas
644 1090 663 1129 a
695 1060 927 1129 Sanctissimo
952 1068 1104 1130 Domino
1131 1068 1260 1131 Nostro
1290 1070 1394 1133 vobis

116 1176 265 1238 concedi
280 1175 500 1256 desideratis,
526 1186 563 1237 ut
578 1173 722 1256 possitis
739 1173 925 1236 benivolas
950 1185 986 1237 et
1001 1175 1176 1256 propitias
1198 1177 1301 1238 vobis
1318 1178 1394 1239 red-

115 1285 200 1346 dere
225 1303 398 1364 personas
430 1283 531 1345 istius
556 1280 729 1359 nationis,
768 1301 859 1362 quae
892 1302 958 1343 vos
996 1281 1119 1343 iuvare
1152 1292 1320 1364 poterunt
1358 1283 1392 1345 in

116 1410 225 1472 opere
262 1402 386 1453 contra
409 1390 602 1452 Martinum
625 1389 817 1451 Lutberum
851 1388 955 1451 vobis
980 1389 1176 1469 commisso,
1218 1388 1396 1452 Sanctitas

116 1497 188 1559 Sua
213 1507 363 1579 propter
386 1496 649 1559 revocationem
682 1494 844 1557 similium
874 1494 1082 1559 facultatum
1116 1517 1228 1578 nuper
1253 1499 1395 1575 editam,

115 1614 151 1667 et
174 1606 211 1667 in
228 1604 442 1667 cancellaria
460 1604 670 1686 Apostolica
691 1602 919 1684 publicatam,
943 1603 1129 1684 respondit
1153 1604 1395 1684 impresentia-

114 1732 191 1774 rum
216 1713 520 1794 supersedendum
545 1730 640 1783 esse;
667 1719 720 1772 est
745 1719 863 1772 autem
888 1719 1075 1790 contenta,
1108 1713 1203 1792 quod
1228 1732 1296 1792 pro
1318 1732 1393 1792 per-

114 1818 221 1897 sonis,
246 1818 375 1900 quibus
399 1817 535 1899 gratias
559 1817 695 1898 aliquas
711 1816 961 1879 concedendas
985 1837 1064 1880 esse
1088 1816 1300 1896 indicabitis,
1326 1840 1392 1881 me·

113 1925 275 1988 morialia
299 1924 456 2005 mittatis,
481 1934 516 1987 et
540 1922 721 1987 Sanctitas
746 1922 820 1985 Sua
843 1922 951 1985 faciet
975 1923 1136 2005 expediri
1167 1925 1304 1987 litteras
1329 1929 1394 1987 sub

113 2035 270 2113 plumbo,
296 2042 331 2095 et
355 2031 405 2094 sic
430 2031 481 2094 illi
505 2031 705 2094 uberiorem
730 2030 882 2111 gratiam
905 2031 1090 2092 habebunt
1114 2052 1135 2092 a
1153 2032 1264 2112 Papa,
1289 2052 1392 2112 quam

113 2160 134 2201 a
159 2138 273 2201 Vobis
296 2141 432 2201 habere
456 2147 613 2220 possent.
661 2135 747 2201 Sitis
771 2137 880 2218 igitur
904 2140 998 2199 bono
1024 2136 1157 2216 anim0,
1191 2148 1226 2198 et
1250 2151 1391 2220 sperate

111 2246 147 2307 in
173 2247 269 2325 Dee,
300 2246 359 2327 qui
391 2266 461 2308 non
490 2245 666 2325 relinquet
696 2264 837 2307 causam
863 2242 971 2306 Suam
1013 2255 1258 2325 procurantes.
1319 2245 1391 2307 Nos

112 2353 292 2434 equidem,
321 2352 349 2415 si
374 2374 445 2434 qua
468 2353 502 2415 in
535 2373 574 2415 re
598 2352 785 2415 commodo
810 2372 851 2413 ac
876 2351 1019 2413 utilitati
1043 2361 1183 2413 vestrae
1208 2354 1392 2413 consulere

111 2459 319 2541 poterimus,
343 2480 409 2541 pro
434 2460 538 2522 vobis
562 2479 634 2521 non
659 2459 761 2520 aliter
786 2478 889 2540 quam
914 2478 979 2540 pro
1003 2458 1208 2540 nobisipsis
1227 2478 1391 2539 procura·

111 2565 235 2646 bimus,
261 2588 302 2628 ac
328 2568 550 2630 benevalete.

523 2673 654 2736 Vester
677 2682 845 2754 tanquam
872 2670 1006 2735 Servus

977 2795 1278 2859 mmmm

895 2889 1050 2935 Sanctorum
1071 2895 1183 2951 quatuor
1204 2889 1356 2949 Martyrum.

648 3030 776 3040 νκιννωα-ημ.
785 3034 789 3038 .

727 3244 764 3306 11

445 3352 654 3431 Alcander
686 3349 1057 3433 vicecancellario.

508 3489 650 3552 mutui.
678 3488 767 3548 om.
791 3488 823 3549 τ..
849 3488 896 3549 ot.
924 3488 992 3560 iar.)

538 3597 672 3668 (Fortasse
696 3612 735 3648 12.
756 3603 856 3665 Jannar
878 3599 966 3666 1521.)

270 3723 882 3800 Qmwwfflmw

199 3851 234 3912 A
266 3850 300 3911 dl
326 3848 392 3911 XI.
424 3848 461 3910 di
492 3857 617 3928 questo
650 3849 770 3931 recepi
801 3850 834 3912 le
867 3849 902 3910 di
934 3859 989 3911 tre
1014 3851 1059 3912 de
1084 3851 1127 3913 V.
1153 3851 1188 3914 S.
1215 3852 1302 3925 Rue:
1339 3872 1389 3914 re·

110 3956 290 4036 spondero
311 3956 380 4018 alle
399 3954 490 4038 parti
509 3955 544 4016 di
563 3957 681 4036 quelle
696 3956 756 4037 poi
775 3957 840 4018 che
855 3958 942 4018 hard
960 3956 1160 4038 significato
1178 3960 1210 4019 el
1226 3979 1390 4021 successo

110 4064 204 4125 della
229 4063 298 4125 mia
322 4061 529 4125 difficillima
553 4062 716 4143 impresa.
774 4063 892 4144 Dopoi
917 4066 948 4125 el
974 4064 1009 4125 di
1036 4064 1203 4126 ΧὶΝΙΙΙ
1229 4066 1285 4127 del
1311 4087 1388 4146 pas·

109 4182 185 4233 sato
204 4171 270 4231 che
287 4168 321 4232 io
338 4171 371 4231 le
386 4169 505 4231 scrissi
526 4171 640 4231 havea
665 4169 787 4231 scritto
811 4169 846 4231 in
872 4171 988 4250 quelle
1013 4173 1079 4233 che
1104 4192 1168 4253 per
1193 4174 1226 4233 la
1250 4172 1389 4234 brevita

110 4279 166 4339 del
191 4286 313 4357 tempo
338 4277 404 4338 che
430 4274 560 4338 Cesare
585 4276 622 4338 fu
646 4297 667 4337 a
691 4276 878 4357 Moguntia
908 4286 942 4339 et
972 4278 1207 4365 occupatione
1232 4280 1289 4341 del
1314 4280 1390 4351 R¹¹3⁰

109 4381 322 4465 Moguntino
352 4391 387 4444 et
420 4381 472 4466 (ut
505 4381 660 4464 ingenue
684 4382 810 4463 fatear)
843 4404 907 4464 per
940 4385 974 4445 la
1003 4385 1201 4463 perversitd
1226 4386 1387 4448 de'mini·

109 4489 172 4552 stri
195 4510 218 4551 a
241 4488 297 4551 chi
322 4489 369 4550 lui
394 4491 509 4551 havea
533 4489 617 4552 dato
641 4491 676 4551 la
700 4489 946 4553 commissione
972 4490 1065 4552 della
1095 4511 1178 4553 cosa
1202 4494 1389 4555 lutherana

108 4608 141 4658 et
158 4616 222 4679 per
248 4595 431 4678 malignita
456 4595 490 4657 di
515 4597 633 4676 quella
656 4596 752 4676 citta,
776 4616 867 4677 quae
892 4599 938 4659 ab
962 4597 1108 4678 antiquo
1133 4619 1285 4679 nequam
1311 4599 1387 4682 fuit,

109 4717 144 4765 et
167 4724 224 4765 me
248 4701 328 4764 fece
352 4723 373 4764 a
397 4723 452 4765 me
477 4704 627 4783 qualche
652 4705 771 4765 brutto
797 4704 953 4783 scherzo,
978 4704 1015 4766 fu
1040 4704 1129 4768 fatto
1151 4706 1244 4767 assai
1262 4707 1388 4770 fredda

108 4810 331 4874 executione.
371 4809 418 4872 Al
435 4819 601 4891 presente
626 4811 649 4872 li
675 4809 837 4892 significo
861 4813 927 4873 che
953 4813 985 4873 el
1008 4812 1099 4880 Cari?
1127 4814 1245 4894 quella
1262 4814 1388 4878 istessa
