3330 5580
721 440 778 495 0·<3
818 438 949 495 77ῦο

187 608 310 651 amore
344 586 412 649 Dei
444 587 472 650 si
503 586 625 649 habbii
659 607 744 649 cura
775 606 846 649 non
871 607 908 648 se
936 584 1029 666 parli
1060 587 1168 648 molto
1193 608 1247 649 me
1272 596 1416 650 auctore
1441 588 1478 650 di

188 705 316 776 questa
348 695 439 757 rissa
469 694 553 756 delli
587 693 733 756 electori
758 702 794 756 et
821 692 972 774 principi
997 702 1097 755 tanto
1122 695 1187 755 che
1212 693 1245 756 io
1271 714 1358 756 sono
1383 697 1476 757 nelle

189 801 281 864 mani
315 802 409 872 loro:
443 801 575 882 perche
610 800 810 862 essendone
842 808 934 860 stato
966 800 1105 881 perlato
1132 800 1192 881 qui
1216 821 1281 883 per
1306 801 1385 866 altri
1411 803 1476 863 che

189 929 254 990 per
277 928 354 986 me,
388 907 418 969 si
446 907 526 970 levo
551 927 599 968 un
623 908 771 969 tumulto
796 917 850 968 tra
874 906 899 969 li
924 905 1081 987 Principi
1105 908 1170 968 che
1194 909 1347 970 volcano
1372 929 1477 995 saper

191 1014 245 1077 0111
272 1016 321 1077 ha
352 1014 526 1094 divulgati
550 1013 575 1075 li
597 1014 652 1076 lor
677 1013 804 1077 secreti
828 1014 871 1075 ne
896 1032 1048 1075 cercano
1080 1033 1119 1075 se
1149 1033 1218 1076 non
1245 1015 1410 1077 occasion
1441 1015 1476 1077 di

192 1141 313 1185 menar
346 1123 379 1184 le
414 1120 508 1183 mani
539 1132 575 1184 et
605 1123 638 1183 el
670 1121 784 1203 primo
815 1119 908 1183 sarei
940 1119 974 1182 io
1008 1121 1228 1184 combattuto
1253 1141 1273 1183 0
1299 1142 1384 1184 vero
1410 1143 1475 1184 con

190 1228 344 1291 excittar
359 1248 454 1292 nova
478 1227 723 1290 controversia
745 1236 800 1290 tra
825 1229 901 1289 loro
925 1225 1077 1308 impedit
1101 1227 1121 1289 l'
1140 1226 1263 1290 effetto
1289 1229 1384 1291 della
1407 1230 1476 1292 mia

189 1334 451 1399 commissione.
1139 1337 1141 1340 ⁴

279 1441 454 1525 Supplico
479 1461 611 1505 ancora
636 1442 701 1504 che
716 1440 758 1504 N.
777 1438 812 1503 S.
838 1449 874 1503 et
890 1440 934 1502 V.
951 1436 987 1503 S.
1005 1441 1081 1502 R¹¹¹⁸
1105 1441 1279 1524 tenghino
1296 1463 1361 1524 per
1378 1454 1476 1506 certo

189 1553 256 1612 che
287 1570 354 1631 per
387 1549 445 1612 noi
480 1549 509 1613 si
539 1548 577 1611 sa
608 1569 676 1612 con
707 1568 841 1611 summa
874 1547 957 1611 fede
988 1556 1024 1610 et
1048 1558 1208 1612 extrema
1232 1549 1417 1632 diligentia
1441 1551 1476 1613 in

190 1668 319 1738 questa
344 1676 440 1736 cosa,
464 1656 622 1718 secundo
646 1656 713 1718 che
737 1656 771 1718 el
795 1654 917 1717 debito
941 1654 1119 1734 rechiede,
1144 1656 1177 1717 el
1201 1655 1324 1737 signor
1348 1657 1475 1719 nuncio

189 1775 226 1827 et
242 1783 347 1826 mess.
373 1762 564 1845 Raphaelo
581 1762 649 1825 mai
665 1782 753 1825 sono
769 1761 907 1825 stanchi
928 1761 963 1823 di
978 1763 1289 1845 accompagnarmi
1314 1773 1350 1826 et
1373 1765 1476 1827 inter·

190 1869 316 1934 venire
340 1890 362 1932 a
386 1869 410 1931 li
441 1869 508 1931 atti
538 1868 618 1932 miei
652 1869 688 1931 di
720 1879 846 1951 questa
876 1868 1034 1931 materia.
1081 1869 1120 1931 Io
1151 1871 1218 1933 che
1244 1871 1336 1952 parli
1361 1871 1396 1933 di
1420 1893 1475 1934 me

189 1988 308 2040 stesso
340 1976 545 2040 indecorum
579 1986 690 2055 esset,
723 1978 793 2039 ben
827 1977 957 2039 soche
983 1995 1046 2039 son
1071 1977 1213 2039 redotto
1237 1998 1258 2039 a
1283 1981 1354 2040 tale
1379 1999 1477 2042 esser

190 2087 287 2148 della
311 2084 382 2149 mia
405 2084 522 2146 sanitzi
546 2085 611 2147 che
642 2086 687 2147 ho
719 2104 832 2167 paura
862 2083 897 2145 di
929 2082 1074 2146 lassarci
1106 2085 1140 2145 la
1170 2085 1283 2165 pelle,
1317 2086 1359 2147 ne
1386 2087 1403 2148 ὲ
1430 2088 1474 2147 da

189 2191 453 2274 meravigliarsi
476 2192 608 2273 perche
633 2191 666 2253 in
692 2212 778 2254 vero
801 2193 837 2254 la
861 2190 1008 2253 materia
1032 2189 1050 2252 ὲ
1074 2191 1183 2253 molto
1209 2202 1330 2254 strena
1355 2203 1390 2254 et
1418 2213 1475 2274 pe·

188 2300 347 2362 ricolosa
378 2309 413 2362 et
447 2309 539 2362 tutto
570 2298 594 2361 il
625 2300 756 2361 mundo
789 2299 972 2360 immutato
1004 2308 1040 2360 et
1068 2297 1102 2359 io
1127 2299 1203 2360 solo
1229 2299 1274 2359 da
1299 2309 1476 2361 sustentas

188 2416 292 2470 tanto
317 2426 424 2488 peso,
458 2406 538 2469 dico
563 2416 695 2488 quanto
719 2406 753 2468 al
777 2424 958 2487 proponet
982 2405 1126 2485 publice
1151 2417 1186 2467 et
1210 2405 1395 2487 privatim,
1427 2406 1475 2467 in-

189 2515 366 2585 formare,
399 2513 581 2595 disputare
613 2523 648 2576 et
679 2512 759 2575 altri
784 2511 888 2575 simili
913 2511 977 2574 atti
1000 2511 1202 2595 necessarii.
1253 2512 1289 2573 ln
1315 2515 1476 2575 omnibus

189 2621 252 2684 fiat
283 2622 452 2684 voluntas
476 2620 544 2683 Dei
576 2619 635 2701 qui
668 2640 810 2683 causam
841 2639 941 2682 suam
968 2628 1136 2700 protegat
1160 2632 1195 2680 et
1220 2619 1475 2682 sanctissimum

191 2729 233 2792 D.
246 2727 288 2789 N.
304 2748 406 2790 suum
421 2747 541 2790 verum
551 2725 731 2789 Vicarium
745 2736 780 2789 et
797 2726 1031 2789 reverendam
1055 2726 1088 2789 d.
1106 2736 1259 2788 vestram
1275 2726 1473 2788 incolumen

189 2847 321 2897 servet.
350 2833 570 2896 Wormatiae
594 2833 755 2895 XXVII.
780 2832 966 2896 Februarii
990 2831 1173 2896 MDXXI.

809 3244 864 3314 32.

480 3349 719 3431 1111111111
756 3351 1189 3434 110101101111110.

668 3481 765 3553 (Nulli.
784 3481 874 3541 Gom.
892 3481 923 3540 u.
941 3483 1004 3553 uu)

705 3581 758 3651 (28.
781 3585 855 3633 Febr.
880 3583 966 3650 1521.)

280 3702 362 3766 Non
396 3701 547 3764 essendo
578 3701 710 3782 partito
743 3702 775 3762 el
808 3699 954 3763 corrieri
986 3702 1034 3763 ho
1065 3702 1187 3764 voluto
1216 3700 1418 3783 aggiugner
1441 3704 1476 3764 lo

193 3812 258 3872 che
282 3808 396 3891 hoggi
420 3807 611 3870 habbiamo
635 3807 750 3870 inteso
776 3807 869 3870 delle
894 3828 977 3870 cose
996 3817 1126 3870 nostre.
1168 3808 1206 3869 Io
1223 3828 1357 3870 summo
1375 3830 1477 3871 mane

193 3929 275 3981 ante
307 3927 425 3980 ortum
455 3916 539 3978 solis
572 3914 685 3996 parlai
717 3935 783 3977 con
808 3913 995 3994 Chievres,
1030 3914 1062 3976 el
1093 3916 1175 3995 qual
1207 3915 1252 3976 mi
1284 3915 1378 3977 disse
1411 3917 1477 3978 che

195 4025 304 4088 Cesar
329 4022 492 4086 massime
518 4023 657 4084 instava
681 4042 746 4103 per
770 4020 864 4084 darsi
889 4021 1013 4083 ordine
1038 4023 1071 4083 al
1095 4020 1185 4083 fatto
1211 4021 1246 4082 di
1272 4022 1415 4101 Luther,
1442 4032 1477 4084 et

196 4130 427 4196 discorrendo
458 4149 524 4210 per
553 4128 578 4189 li
609 4127 874 4191 inconvenienti
900 4128 965 4189 che
988 4127 1165 4189 venivano
1191 4129 1237 4190 da
1261 4139 1385 4209 questa
1409 4140 1476 4191 tar-

196 4239 276 4319 dita,
302 4236 387 4300 etii
411 4235 559 4318 pericoli
584 4234 779 4317 emergenti
804 4234 839 4297 in
864 4234 898 4295 la
914 4234 1137 4297 Christianitii
1164 4244 1199 4297 et
1223 4245 1315 4297 stato
1340 4236 1375 4297 di
1396 4237 1477 4298 tutti

197 4343 353 4426 Principi
376 4362 443 4424 per
465 4363 574 4405 causa
597 4342 633 4404 di
657 4344 705 4404 tal
730 4340 880 4419 hermia,
919 4341 970 4403 Mi
994 4361 1141 4423 respose
1165 4343 1231 4404 che
1256 4343 1304 4404 lui
1321 4363 1390 4405 non
1408 4354 1475 4406 tro-

197 4471 285 4513 vava
319 4451 429 4513 molta
459 4448 632 4511 difficultis
663 4448 697 4511 in
729 4447 941 4530 extinguere
966 4458 1090 4529 questa
1114 4469 1215 4529 cosa,
1249 4431 1340 4511 sesi
1365 4469 1476 4530 segue

199 4558 217 4618 l'
236 4558 361 4621 ordine
393 4566 557 4619 concetto
588 4557 634 4617 da
666 4556 814 4636 Cessare,
848 4575 933 4618 casu
966 4576 1035 4636 quo
1067 4577 1105 4618 se
1135 4556 1217 4618 vedi
1251 4576 1321 4617 non
1354 4556 1477 4618 deviat

200 4665 253 4727 del
275 4676 369 4728 tutto
394 4665 453 4726 dal
477 4663 660 4745 conseglio
685 4663 720 4725 di
746 4662 862 4745 questi
879 4662 1047 4742 Principi,
1072 4671 1107 4724 et
1131 4662 1191 4744 giei
1215 4672 1270 4724 tre
1286 4683 1306 4724 0
1322 4671 1476 4742 quattro-

200 4775 291 4836 volte
323 4772 419 4836 hami
448 4774 547 4834 detto
586 4771 651 4833 che
688 4770 736 4833 lui
771 4790 842 4832 non
877 4769 969 4832 vede
1001 4779 1128 4853 questa
1159 4788 1243 4832 cosa
1279 4766 1352 4831 cosi
1387 4768 1475 4832 diffi-
