3330 5580
788 848 863 913 257.

634 963 806 1045 lineriis
835 963 1008 1047 Sadoletn.

589 1118 738 1188 (Verior.
764 1119 807 1177 cd
833 1120 932 1179 olm
957 1120 994 1178 u
1019 1122 1072 1190 58.)

693 1244 747 1313 (28·
767 1248 841 1312 Sep&
864 1247 952 1313 1525·)

361 1392 402 1454 Li
426 1389 529 1454 brevi
552 1411 573 1451 a
598 1411 653 1452 me
678 1409 765 1471 pare
788 1392 858 1452 ben
883 1392 1057 1455 mandarli
1084 1414 1105 1455 a
1140 1395 1197 1457 chi
1231 1415 1332 1472 van0‚
1368 1408 1405 1458 et
1439 1418 1478 1460 sn

186 1503 254 1562 ben
281 1501 407 1561 alcuno
432 1497 467 1559 di
485 1499 561 1559 loro
579 1516 649 1558 non
675 1495 694 1557 ὲ
719 1497 811 1558 cussi
835 1499 907 1558 bon
934 1500 1176 1563 ecclesiastico
1194 1521 1294 1564 come
1311 1504 1478 1584 doverifr,

187 1618 221 1668 et
245 1608 362 1688 quello
387 1605 433 1666 ha
457 1603 553 1665 facto
578 1602 599 1663 l’
615 1603 722 1663 habia
751 1601 847 1665 facto
884 1603 1039 1668 sforzato
1075 1627 1140 1689 per
1171 1610 1380 1671 sublevarse
1414 1611 1478 1673 dal

186 1714 284 1776 furor
308 1714 352 1774 de
377 1712 400 1774 li
425 1710 501 1772 suni
525 1708 673 1788 subditi,
709 1730 774 1791 per
812 1721 938 1791 questo
975 1734 1044 1775 non
1077 1724 1173 1777 resta
1202 1717 1267 1778 che
1303 1718 1477 1780 vedendo

187 1823 251 1882 che
269 1820 290 1881 'l
316 1819 344 1880 si
368 1820 415 1880 ha
438 1819 533 1878 bona
557 1814 725 1897 opinione
761 1817 797 1878 ni
832 1820 909 1879 loro
940 1831 1139 1883 remetteno
1173 1823 1217 1884 de
1253 1823 1373 1903 quella
1411 1844 1479 1886 sua

187 1923 383 2010 pertinacia
407 1935 443 1985 et
467 1942 505 1985 se
530 1941 697 2003 vengono
721 1921 755 1984 in
782 1925 933 2003 qualche
957 1938 1060 2006 parte
1085 1930 1257 2009 aplacar;
1284 1939 1320 1991 et
1345 1950 1384 1992 se
1402 1951 1476 2012 pur

191 2054 260 2096 non
285 2031 441 2114 giovano
467 2049 537 2091 non
564 2048 685 2108 ponno
710 2049 819 2091 nocer
844 2041 879 2092 et
903 2032 996 2094 cussi
1020 2033 1045 2094 li
1068 2039 1356 2117 accompagnarn
1393 2059 1477 2101 cum

189 2140 255 2203 mie
279 2141 406 2201 lettere
430 2136 587 2199 secondo
612 2135 657 2196 mi
682 2136 810 2216 pareri
836 2138 902 2199 che
926 2158 1125 2220 convenga.

276 2245 355 2308 Non
380 2246 426 2306 ho
450 2242 496 2305 fin
523 2244 611 2304 hora
634 2253 840 2323 presentato
876 2245 909 2305 el
941 2245 1058 2308 Breve
1094 2248 1128 2308 al
1161 2246 1267 2310 Serm⁰
1302 2249 1478 2333 Principe

187 2375 251 2438 per
276 2373 373 2416 esser
397 2362 488 2414 tutto
514 2351 536 2412 il
562 2349 688 2430 giorno
713 2361 806 2412 stata
830 2371 894 2413 sua
918 2350 1011 2414 gere
1036 2375 1057 2415 a
1074 2356 1109 2416 la
1125 2375 1230 2419 caza:
1256 2377 1313 2418 ma
1328 2357 1477 2421 dimane

188 2465 221 2524 lo
247 2459 471 2543 presentare,
503 2470 538 2518 et
561 2469 695 2537 quanto
720 2457 754 2516 al
779 2458 928 2520 mandar
952 2461 997 2521 de
1022 2460 1046 2521 li
1077 2462 1209 2523 oratori
1233 2464 1267 2524 al
1292 2475 1476 2528 convento

187 2571 244 2632 del
270 2568 375 2630 Ser¹¹¹⁰
400 2566 458 2627 Re
483 2566 527 2625 de
554 2562 703 2624 Polonia
728 2572 763 2623 et
789 2560 960 2645 Ungaria,
986 2564 1058 2629 Sua
1083 2568 1176 2630 ber*
1200 2571 1246 2631 ha
1270 2570 1476 2635 deliberato

188 2676 335 2740 mandat
359 2672 381 2736 li
405 2673 429 2734 il
454 2690 609 2733 vescovo
634 2669 867 2750 Laybacense
892 2682 928 2734 et
959 2673 982 2734 il
1015 2672 1157 2737 fratello
1194 2677 1238 2738 de
1264 2677 1391 2740 Monsr.
1428 2681 1477 2742 de

191 2780 435 2865 Regendorff‚
471 2799 492 2840 a
522 2778 546 2839 li
571 2777 666 2858 quali
692 2778 779 2839 darii
803 2778 838 2839 in
864 2780 1040 2843 mandatis
1065 2803 1165 2845 come
1189 2785 1278 2846 altre
1302 2773 1401 2847 volie
1428 2787 1476 2849 mi

188 2910 368 2973 promesse
394 2886 549 2948 secondo
573 2885 597 2944 il
622 2884 800 2946 desiderio
825 2887 869 2947 de
895 2886 937 2951 N.
964 2886 1015 2960 S.;
1041 2910 1097 2951 ma
1122 2900 1178 2971 qui
1205 2911 1274 2953 non
1300 2893 1477 2956 eanchor

188 2997 311 3077 gionto
336 2997 369 3058 el
393 3004 513 3057 orator
537 2992 594 3052 del
621 2988 767 3070 Ongaro
792 2992 883 3054 deve
907 2993 1030 3074 venir,
1060 2996 1102 3057 ne
1132 2997 1161 3058 si
1190 3000 1296 3060 crede
1331 3001 1397 3060 che
1426 3003 1477 3062 tal

188 3115 364 3167 convento
388 3100 496 3163 habia
520 3121 538 3161 a
565 3101 670 3160 sortir
694 3097 822 3160 effecto
848 3101 968 3162 avanti
993 3102 1026 3162 el
1052 3124 1146 3164 mese
1171 3105 1215 3165 de
1241 3105 1381 3171 Martio,

278 3211 327 3273 Le
353 3228 453 3271 cosse
478 3208 522 3268 de
548 3205 688 3267 Alsatia
712 3225 800 3266 sono
825 3206 1005 3286 aquietate
1031 3219 1066 3270 et
1090 3230 1129 3272 se
1153 3212 1246 3273 hano
1280 3215 1477 3294 sottoposti

189 3330 222 3381 et
249 3317 321 3380 dati
346 3337 367 3378 a
391 3317 425 3377 la
449 3312 566 3394 gratia
590 3312 647 3373 del
672 3311 840 3393 Principe
877 3323 912 3374 et
944 3333 1087 3396 pagano
1123 3330 1220 3378 certa
1255 3338 1391 3380 summa
1429 3321 1477 3382 de

190 3425 325 3495 disrari:
351 3423 467 3504 quelle
493 3422 537 3482 de
563 3419 694 3481 Svevia
720 3429 756 3481 et
779 3421 937 3500 Algovia
962 3441 1050 3483 sono
1076 3434 1172 3484 tanto
1199 3424 1347 3505 pacifice
1372 3446 1477 3490 come

189 3555 227 3594 nn
252 3531 320 3594 mai
345 3531 368 3592 li
393 3529 489 3591 fusse
514 3537 606 3589 stata
631 3546 715 3588 cosa
739 3528 882 3607 alcuna,
915 3540 949 3588 et
980 3527 1097 3591 niente
1131 3530 1166 3591 di
1195 3551 1297 3592 meno
1330 3530 1366 3591 di
1392 3552 1476 3596 con-

189 3638 287 3701 tinuo
312 3637 339 3698 si
365 3654 558 3717 persevera
582 3633 617 3694 in
641 3631 696 3694 far
732 3633 972 3713 exequutione
998 3645 1032 3696 et
1067 3636 1169 3696 taliar
1202 3647 1338 3699 testea
1363 3638 1475 3703 vilani

189 3765 252 3809 nnn
278 3744 359 3806 stati
384 3762 491 3804 causa
523 3740 577 3802 de'
602 3739 749 3803 tumulti.
809 3739 850 3800 El
884 3739 1072 3803 Cardinale
1096 3742 1376 3825 Saltzpurgense
1411 3748 1475 3827 gin

190 3854 281 3915 neve
307 3872 383 3913 esse
408 3849 532 3931 gionto
557 3847 592 3908 in
618 3848 794 3927 Augusta,
820 3847 862 3908 ne
888 3847 946 3908 del
971 3867 1034 3910 suo
1052 3851 1203 3912 accordo
1220 3851 1293 3912 scio
1318 3853 1410 3914 altro
1438 3855 1475 3916 di

189 3961 307 4043 quello
333 3960 398 4020 che
423 3957 557 4037 scripse
581 3957 615 4016 al
640 3955 715 4016 R¹¹¹⁰
740 3954 921 4036 Capuan0.

281 4067 329 4129 La
355 4064 460 4127 Dieta
485 4065 528 4125 de
553 4065 586 4124 le
616 4075 710 4123 terre
745 4060 893 4123 franche
928 4062 963 4124 in
1000 4063 1105 4143 Spira
1139 4063 1157 4124 ὸ
1193 4066 1345 4137 resolt33
1380 4068 1424 4128 ne
1452 4068 1476 4129 'l

193 4173 357 4256 l'rincipe
381 4174 427 4234 ha
450 4183 596 4251 possuto
621 4168 786 4230 intender
804 4169 922 4249 quello
947 4169 1101 4231 habiano
1125 4178 1288 4232 tractato.
1336 4170 1374 4232 Ιο
1400 4192 1474 4235 non

190 4280 354 4343 existimo
379 4279 432 4341 sia
455 4286 547 4339 stato
579 4276 623 4338 ad
649 4276 740 4337 altro
772 4274 901 4337 effecto
933 4296 971 4338 se
1000 4298 1070 4338 non
1107 4276 1238 4357 perche
1275 4279 1344 4338 han
1378 4277 1475 4342 visto

192 4389 213 4451 ii
242 4384 396 4468 l'rineipi
419 4385 531 4445 havet
554 4383 615 4464 piri
641 4383 736 4444 volte
753 4395 955 4444 convenuto
973 4382 1131 4461 insieme,
1156 4385 1290 4445 anchor
1307 4384 1361 4445 lor
1377 4385 1475 4449 hano

195 4498 315 4558 veluto
340 4491 521 4570 convenir,
547 4501 582 4551 et
606 4489 712 4551 etiam
736 4490 867 4570 perche
892 4499 986 4552 sotto
1010 4490 1131 4572 specie
1156 4491 1201 4553 de
1226 4489 1381 4570 castigat
1409 4492 1461 4553 vil

193 4600 260 4664 inin
285 4600 401 4662 aicuni
427 4595 578 4680 principi
602 4597 696 4658 hano
722 4607 897 4677 occupato
922 4597 1010 4676 loci,
1041 4599 1086 4659 de
1121 4597 1239 4678 picola
1269 4598 1381 4678 perh&
1412 4597 1474 4660 im-

192 4718 372 4791 portenta,
398 4704 505 4787 qualli
530 4723 638 4766 erano
662 4702 882 4765 iurisdiction
908 4706 1009 4766 dele
1034 4715 1138 4781 terre,
1164 4715 1198 4765 et
1222 4707 1351 4766 voleno
1376 4704 1475 4768 forse

192 4816 370 4884 consultat
394 4832 459 4899 per
483 4811 586 4873 simili
611 4809 693 4872 casi.
741 4809 838 4873 Sono
862 4811 944 4873 stati
967 4831 1035 4895 pur
1059 4821 1184 4893 questo
1210 4831 1302 4874 anno
1322 4813 1392 4874 ben
1418 4823 1474 4877 tre
