3330 5580
704 461 761 514 0⁴53
801 462 854 515 ‘290
892 458 950 512 ΕΗ

187 607 269 669 libri
292 606 382 669 fatto
408 627 429 667 a
448 606 646 686 Maguntia,
672 615 707 668 et
731 606 776 667 de
791 605 851 686 poi
875 606 984 667 multo
1007 605 1124 687 melio,
1144 615 1180 669 et
1195 604 1342 688 quando
1366 607 1467 671 have·

187 734 266 776 amo
291 715 400 776 molto
423 712 484 794 pit
509 713 554 774 de
578 713 731 793 bisogno
766 713 810 774 de
841 714 890 774 tal
915 710 1034 774 officio
1044 759 1052 792 ,
1085 713 1233 794 predico
1258 711 1469 778 similmente

187 843 208 882 a
233 820 384 883 Vormes
407 820 443 882 in
467 819 649 901 presentia
673 819 708 880 di
734 817 855 898 Cesar,
879 838 949 881 non
974 820 1088 881 solum
1112 819 1399 902 &perseguitato
1424 821 1470 884 da

188 926 382 991 Lutherani
397 948 475 989 cum
491 927 649 1009 periculo
671 927 715 989 de
731 927 766 988 la
782 926 867 1006 vita,
891 945 948 987 ma
964 944 1096 988 ancora
1112 924 1133 989 ὲ
1152 925 1308 990 refutato
1324 927 1373 989 da
1395 926 1471 991 suoi

187 1035 323 1118 proprii
347 1034 430 1097 frati
453 1034 498 1096 de
511 1032 697 1115 Maguntia
721 1042 814 1095 sotto
837 1041 1015 1113 pretext0,
1039 1034 1105 1095 che
1129 1053 1168 1096 se
1192 1034 1227 1096 lo
1247 1033 1470 1097 retenisseno

189 1143 224 1204 in
250 1163 342 1222 casa,
367 1162 437 1203 non
463 1141 574 1203 solum
600 1142 886 1215 mancarebbeno
907 1142 983 1201 loro
999 1140 1032 1202 le
1050 1140 1253 1222 elemosine,
1277 1160 1336 1203 ma
1352 1142 1470 1204 sareb-

189 1252 283 1312 beno
308 1247 517 1329 oltraggiati
541 1249 586 1309 da
611 1246 635 1309 li
660 1248 704 1309 de
729 1246 864 1309 Hutten
889 1255 924 1308 et
947 1245 1027 1308 altri
1041 1246 1253 1320 Lutherani3
1278 1249 1399 1312 donde
1423 1248 1471 1312 lui

189 1357 207 1418 d
232 1365 324 1419 stato
350 1364 544 1417 constretto
569 1353 715 1436 refuger
738 1355 809 1415 alla
832 1353 1019 1415 clementia
1053 1354 1111 1416 del
1142 1350 1376 1417 Sanctissimo
1406 1375 1471 1438 per

189 1465 301 1525 haver
325 1463 476 1543 qualche
500 1461 629 1543 gratia,
654 1469 690 1523 et
712 1459 865 1522 maxime
890 1461 990 1522 voler
1014 1480 1112 1523 esser
1135 1460 1298 1526 restituto
1322 1461 1360 1524 in
1384 1461 1471 1545 pris-

189 1570 300 1633 tinum
326 1571 384 1631 del
409 1579 584 1632 convento
610 1569 654 1630 de
679 1567 881 1648 Argentina
905 1567 998 1630 dove
1021 1566 1071 1629 lui
1095 1568 1112 1630 ὲ
1137 1566 1320 1649 professo,
1346 1578 1383 1632 et
1406 1590 1472 1652 per

190 1676 317 1739 iniuria
340 1677 385 1739 de
410 1676 517 1757 quelli
533 1675 618 1737 frati
633 1674 692 1756 gie
709 1673 867 1755 alquanti
884 1673 1020 1736 annisu
1036 1682 1230 1737 constretto
1247 1695 1314 1737 con
1331 1678 1471 1758 grande

190 1786 308 1846 denno
339 1783 384 1844 de
415 1783 492 1845 suoi
525 1780 631 1844 studii
667 1791 703 1844 et
732 1780 850 1861 quiete
882 1779 1035 1861 partirsi.
1088 1780 1128 1843 Io
1162 1784 1416 1863 cognoscendo
1446 1782 1472 1846 li

191 1889 306 1954 meriti
332 1890 389 1951 del
413 1888 570 1969 preditto
595 1888 725 1968 padre,
750 1897 785 1949 et
809 1887 1007 1969 sperand0,
1032 1889 1097 1950 che
1122 1889 1179 1950 nel
1215 1889 1368 1952 advenit
1392 1888 1472 1953 sera

193 2017 333 2079 sempre
357 1998 392 2057 al
412 1994 596 2076 proposito
622 2004 744 2057 eontra
769 2006 893 2075 questa
917 2003 1025 2075 secta,
1049 2015 1113 2056 son
1130 2005 1252 2058 tenuto
1269 2015 1468 2060 reccoman·

192 2105 294 2167 darlo
319 2102 555 2185 supplicando
580 2123 600 2162 a
624 2101 668 2163 V.
694 2098 730 2166 S.
756 2101 852 2162 Rma
885 2121 922 2163 se
955 2099 1063 2181 degni
1095 2100 1296 2164 interceder
1323 2123 1391 2184 per
1424 2102 1473 2165 lui

191 2230 364 2294 appresso
397 2211 429 2272 el
462 2207 526 2270 S¹¹¹⁰
560 2207 589 2270 si
617 2208 747 2289 perche
779 2209 920 2289 quando
945 2209 1155 2270 havessemo
1180 2209 1224 2271 de
1248 2208 1403 2291 bisogno
1428 2211 1473 2274 de

191 2318 240 2380 lui
264 2316 299 2378 in
336 2318 418 2398 quel
443 2325 562 2397 tempo
588 2316 633 2377 de
657 2314 905 2396 importantia,
938 2315 1220 2396 protestandomi
1251 2316 1298 2378 lui
1323 2318 1383 2380 del
1408 2338 1473 2381 suo

192 2424 361 2507 pericu10,
386 2423 437 2485 fui
461 2432 656 2485 constretto
681 2423 901 2503 prometterli
926 2423 1002 2504 che,
1027 2422 1056 2484 si
1080 2422 1285 2505 predicasse
1310 2425 1474 2488 debono

192 2532 320 2612 anim0,
345 2551 416 2592 non
441 2550 479 2592 se
502 2530 527 2593 li
551 2531 790 2592 mancarebbe
813 2530 843 2591 a'
859 2528 935 2591 suoi
958 2528 1117 2610 periculi,
1142 2533 1169 2592 sl
1195 2529 1301 2593 etiam
1325 2551 1392 2614 per
1408 2533 1475 2594 dar

194 2638 359 2718 exemplo
390 2637 436 2698 ad
470 2636 549 2700 altri
583 2637 639 2716 (de
668 2635 692 2697 li
721 2636 816 2717 quali
851 2657 895 2699 ne
927 2634 946 2697 e
978 2654 1068 2716 gran
1102 2646 1246 2699 caterva
1273 2638 1319 2699 de
1355 2638 1475 2720 questi

195 2744 284 2807 dotti
309 2745 344 2806 in
369 2743 572 2824 Germania)
604 2743 616 2805 i
641 2743 735 2825 quali
759 2763 825 2824 per
848 2743 1099 2824 desperatione
1133 2764 1171 2806 se
1201 2743 1310 2806 fanno
1341 2745 1473 2809 Luthe·

194 2851 290 2930 rani,
315 2850 413 2912 accio
439 2868 666 2931 cognoscano
692 2851 757 2912 che
782 2850 838 2911 chi
868 2870 914 2911 va
944 2869 1010 2931 per
1033 2852 1067 2911 la
1092 2850 1209 2912 dretta
1232 2849 1301 2931 via,
1333 2851 1377 2913 nd
1402 2851 1475 2915 Dio

195 2959 238 3021 nd
262 2959 297 3020 lo
322 2978 385 3020 suo
399 2955 543 3019 Vicario
567 2959 602 3020 lo
627 2959 826 3019 abandona.
875 2957 917 3018 El
941 2959 1040 3019 detto
1063 2956 1157 3020 frate
1173 2957 1301 3036 Joanni
1325 2959 1474 3022 narrari

194 3068 229 3128 la
253 3085 337 3128 cosa
361 3085 424 3126 sua
448 3064 482 3125 al
508 3061 547 3126 Sr
570 3064 854 3146 Archiepiscopo
886 3073 921 3126 et
952 3063 1123 3145 expedito
1157 3065 1201 3127 de
1225 3063 1269 3146 la,
1293 3075 1473 3146 promette

195 3172 297 3235 venir
320 3193 341 3234 a
364 3171 420 3234 far
442 3172 538 3233 bono
568 3169 685 3233 officio
711 3169 738 3233 si
763 3173 822 3232 nel
845 3170 1012 3251 predicar
1035 3190 1136 3233 como
1154 3171 1213 3233 nel
1230 3170 1413 3235 confessar
1438 3173 1473 3236 in

196 3281 321 3342 alcune
345 3288 447 3360 parte
472 3278 508 3339 di
532 3276 723 3341 Germania
748 3298 851 3340 meno
876 3298 897 3338 a
921 3277 969 3339 lui
992 3277 1202 3359 periculose.

284 3388 341 3449 De
356 3388 390 3449 la
406 3394 503 3450 secta
521 3405 621 3449 como
638 3388 685 3448 ho
703 3385 834 3466 scripto
853 3384 913 3466 pit
934 3386 1031 3448 volte
1056 3385 1091 3448 in
1115 3385 1307 3448 universali
1330 3394 1409 3449 tuto
1434 3407 1473 3451 se

195 3504 300 3576 porta
324 3495 368 3555 de
392 3495 463 3555 ben
487 3492 521 3555 in
546 3492 671 3573 melio,
696 3490 769 3554 cosi
792 3491 827 3553 in
854 3501 978 3573 queste
1002 3493 1137 3572 bande,
1167 3512 1268 3555 como
1292 3492 1400 3556 etiarn
1425 3494 1473 3557 in·

194 3602 302 3664 tendo
340 3602 406 3662 che
436 3599 472 3661 in
504 3598 695 3662 Germania
733 3600 820 3678 alta,
861 3599 997 3662 benchd
1038 3619 1178 3680 sempre
1209 3599 1244 3662 in
1276 3599 1475 3681 particular

196 3708 346 3790 qualche
371 3707 561 3787 desperato
586 3706 615 3769 si
638 3716 741 3768 trova
767 3708 832 3768 che
857 3726 901 3769 ne
918 3708 1019 3787 parla
1037 3715 1072 3769 et
1087 3705 1311 3789 favoreggia,
1337 3717 1373 3769 et
1391 3707 1475 3771 sara

195 3817 323 3877 alcuno
352 3816 417 3876 che
441 3814 510 3876 mai
534 3813 616 3875 vide
640 3813 665 3876 li
688 3813 769 3875 libri
794 3814 839 3874 de
863 3813 1012 3891 Luther,
1042 3815 1075 3875 al
1101 3814 1165 3876 che
1189 3815 1302 3895 perho
1326 3813 1414 3896 ogni
1439 3815 1474 3878 dl

197 3931 232 3985 et
256 3941 321 4002 per
345 3921 431 4002 ogni
455 3923 534 3983 loeo
559 3941 604 3983 vo
629 3921 748 3982 dando
774 3922 845 3981 bon
870 3920 1005 3998 ordine,
1030 3919 1144 3983 finche
1161 3919 1276 3983 faccio
1292 3941 1364 3982 una
1387 3940 1476 3985 cosa

195 4030 261 4091 che
285 4028 319 4090 io
343 4029 389 4090 ho
414 4027 449 4090 in
473 4028 589 4091 animo
615 4048 680 4110 per
703 4029 851 4109 general
875 4028 1049 4101 remedi0;
1084 4029 1127 4090 ne
1162 4027 1244 4091 voio
1268 4028 1381 4110 perhd
1406 4031 1476 4094 che

195 4137 220 4198 il
242 4150 363 4215 tempo
388 4136 452 4197 che
477 4135 511 4196 io
535 4136 582 4196 ho
606 4154 627 4196 a
651 4144 724 4197 star
748 4132 807 4216 qul
831 4135 882 4196 sia
906 4134 1040 4214 inutile,
1065 4138 1154 4198 cossl
1180 4135 1248 4197 Dio
1281 4155 1338 4198 me
1361 4135 1476 4216 presti

195 4243 229 4304 la
254 4262 317 4304 sua
341 4241 460 4323 grazia
486 4242 555 4303 alla
578 4241 763 4304 defension
794 4242 839 4303 de
871 4262 934 4303 sua
965 4251 1067 4304 santa
1096 4241 1179 4304 fede
1213 4243 1258 4304 ad
1289 4243 1403 4304 honor
1439 4252 1476 4307 et

195 4357 423 4411 contentezza
448 4349 506 4410 del
521 4345 587 4409 8¹⁰⁰
612 4357 646 4411 et
664 4348 706 4410 V.
724 4345 760 4412 S.
785 4349 881 4410 Rma
905 4348 974 4411 mei
990 4349 1056 4411 soli
1072 4359 1107 4412 et
1130 4347 1295 4430 perpetui
1318 4350 1474 4430 patroni.

283 4455 325 4517 El
349 4455 445 4518 Rmo
470 4454 659 4518 Cardinale
683 4455 728 4516 de
754 4454 865 4535 Liege
882 4454 959 4517 heri
975 4455 1107 4517 matino
1125 4455 1278 4537 partisse
1302 4455 1348 4518 da
1372 4466 1475 4520 corte

194 4582 259 4642 per
284 4562 394 4643 Liege
420 4571 455 4624 et
477 4561 661 4624 retornari
685 4559 731 4623 fin
757 4570 832 4622 otto
856 4560 990 4641 giorni;
1024 4560 1098 4624 holi
1130 4564 1218 4624 lette
1245 4563 1279 4623 le
1304 4560 1340 4622 di
1364 4560 1408 4624 V.
1434 4558 1473 4628 S.

195 4668 290 4729 Rma
313 4667 358 4729 de
382 4669 417 4729 la
440 4665 788 4731 recommendatione
813 4665 903 4729 satta
926 4669 960 4729 al
985 4664 1050 4729 8¹³⁰
1074 4688 1182 4749 sopra
1215 4668 1247 4731 el
1280 4666 1473 4751 privilegio

195 4774 240 4836 de
264 4773 447 4856 Mastrect,
472 4776 529 4838 del
547 4776 612 4837 che
630 4774 698 4838 n'e
723 4784 821 4837 tanto
842 4783 1009 4838 contento
1025 4785 1158 4856 quanto
1174 4777 1218 4838 de
1234 4775 1319 4858 ogni
1332 4777 1474 4860 grande
