3330 5580
772 498 1018 555 o⁴³Bbll2[>·<³

255 649 389 710 rebelle
414 649 484 709 alla
509 646 637 709 Chiesa
662 657 697 708 et
721 647 752 708 a'
781 646 857 707 suoi
891 645 1035 726 signori.
1091 645 1228 709 Tacerd
1263 649 1423 711 anchora
1457 650 1545 729 quel

256 756 322 817 che
347 755 376 817 si
400 755 418 816 ὲ
443 754 534 816 fatto
559 773 625 815 con
651 753 735 835 ogni
761 764 856 815 sorte
882 754 926 814 de
951 751 1058 814 officii
1083 763 1118 815 et
1149 753 1312 835 obsequii
1344 755 1403 817 col
1433 752 1548 818 Ser¹²¹⁰

256 860 435 942 principe,
465 861 530 921 che
563 860 630 921 Dio
659 881 699 922 sa
728 880 765 921 se
800 880 868 921 non
904 859 934 920 ci
968 859 1065 922 fusse
1094 869 1187 922 stato
1218 879 1319 923 come
1343 863 1548 925 sarebbero

256 968 386 1029 andate
412 969 444 1028 le
470 987 563 1044 cose,
587 978 623 1028 et
647 967 707 1048 poi
732 967 785 1028 ch'
807 967 840 1028 io
872 986 935 1028 son
961 976 1054 1028 stato
1078 968 1227 1029 absente
1261 968 1290 1030 si
1323 987 1371 1051 po
1409 969 1549 1032 vedere

258 1076 379 1156 quello
405 1076 469 1136 che
500 1095 521 1136 0
554 1094 618 1155 per
650 1073 851 1135 necessario
883 1094 904 1135 0
939 1093 1004 1155 per
1032 1074 1123 1135 altro
1157 1072 1209 1136 sia
1237 1073 1298 1155 poi
1330 1074 1477 1156 seguito
1514 1087 1550 1137 et

257 1182 541 1244 massimamente
566 1201 611 1243 ne
636 1180 659 1242 li
684 1181 825 1243 accordi
855 1201 921 1242 con
953 1179 977 1241 li
1010 1179 1087 1242 suoi
1110 1180 1169 1242 del
1193 1181 1299 1243 conta
1324 1182 1384 1244 del
1408 1181 1549 1245 Tirolo.

258 1288 392 1369 Questo
421 1291 497 1351 solo
523 1288 599 1349 dirb
625 1290 689 1351 che
714 1308 778 1368 per
803 1308 901 1350 esser
924 1297 1069 1368 passato
1093 1287 1183 1351 varii
1207 1298 1243 1350 et
1266 1287 1370 1369 gravi
1393 1287 1550 1369 pericoli

258 1405 293 1455 et
317 1394 406 1456 fatto
431 1395 599 1476 passagio
624 1404 660 1457 et
684 1406 805 1457 stanza
829 1394 864 1456 in
890 1395 1012 1476 luoghi
1037 1397 1145 1457 molto
1169 1395 1339 1458 contrarii
1362 1397 1435 1459 alle
1463 1416 1551 1458 cose

259 1501 534 1579 ecelesiastiche,
559 1521 625 1583 pur
648 1500 682 1562 in
710 1502 874 1583 Augusta
898 1512 933 1564 et
956 1501 1201 1584 Nuremberga
1218 1504 1356 1566 sentine
1372 1503 1409 1565 di
1425 1505 1552 1585 quella

257 1607 346 1686 fece,
371 1607 421 1669 fui
446 1610 739 1670 honoratamente
767 1608 927 1670 ricevuto
952 1610 1017 1671 che
1049 1629 1114 1691 per
1148 1619 1239 1672 tutto
1271 1611 1317 1673 ho
1347 1610 1446 1672 visso
1480 1631 1550 1672 con

259 1714 484 1795 reputatione
509 1727 545 1776 et
567 1716 719 1785 honore;
746 1726 781 1777 et
797 1735 861 1795 per
877 1727 1083 1778 mantenere
1107 1716 1132 1779 il
1147 1718 1261 1798 grado
1285 1717 1355 1779 mio
1380 1727 1417 1779 et
1442 1719 1492 1779 de
1517 1718 1553 1779 la

219 1888 221 1893 ,
260 1818 354 1882 Sede
380 1821 589 1902 Apostolica
614 1831 649 1883 et
673 1841 737 1903 per
759 1823 936 1884 rendermi
964 1822 1128 1885 benevoli
1156 1823 1265 1904 quelli
1282 1823 1438 1905 principi
1453 1826 1551 1886 oltra

262 1929 295 1989 le
320 1928 445 2009 larghe
471 1927 665 2008 provisioni
695 1930 760 1990 che
790 1931 836 1991 ho
867 1930 1000 1991 havuto
1032 1931 1078 1991 da
1109 1930 1151 1993 N.
1185 1928 1221 1993 S.
1254 1933 1289 1993 la
1319 1930 1391 1993 mia
1415 1933 1551 1994 debole

260 2038 366 2096 borsa
389 2036 435 2096 ha
460 2045 601 2097 sentuto
626 2038 760 2096 anclior
784 2056 853 2096 non
878 2054 971 2116 poco
995 2036 1183 2098 incomodo
1208 2046 1243 2098 et
1267 2037 1407 2109 danno;
1437 2058 1499 2100 ma
1517 2039 1553 2100 la

260 2140 582 2204 inconsideratione
607 2142 642 2202 di
668 2143 784 2223 quelle
809 2144 933 2222 parole
958 2163 1028 2205 non
1055 2142 1074 2204 e
1099 2144 1170 2206 tale
1194 2145 1260 2206 che
1285 2144 1319 2207 io
1352 2145 1477 2207 debba
1514 2145 1551 2207 in

262 2258 385 2329 questa
409 2257 511 2329 parte
535 2250 645 2311 molto
670 2248 855 2312 dilatarmi.

351 2354 405 2417 Ne
430 2357 464 2418 la
489 2354 677 2418 clementia
702 2367 737 2416 et
760 2355 944 2437 benignita
969 2356 1004 2417 di
1029 2356 1071 2420 N.
1097 2354 1134 2419 S.
1159 2376 1263 2437 spero
1283 2357 1349 2418 che
1364 2358 1551 2438 havend0,

263 2482 362 2524 come
388 2462 431 2527 V.
456 2460 492 2524 S.
517 2462 643 2535 scrive,
668 2462 757 2525 latta
782 2464 816 2524 la
840 2473 941 2543 parte
978 2463 1063 2541 mia,
1095 2463 1129 2525 la
1159 2462 1237 2525 sar'a
1269 2474 1439 2526 contenta
1476 2486 1550 2527 non

262 2569 308 2631 mi
333 2589 486 2651 gravare
511 2569 569 2651 pili
595 2572 687 2631 oltra
711 2569 745 2630 in
772 2579 896 2650 questa
921 2569 1118 2651 legatione,
1148 2571 1182 2631 la
1206 2572 1310 2651 quale
1334 2570 1404 2632 mai
1428 2572 1551 2652 potrei

262 2697 327 2738 con
352 2679 471 2737 buono
495 2676 611 2738 animo
635 2686 814 2738 accettare
839 2676 1014 2737 stimando
1049 2678 1113 2738 che
1148 2675 1183 2738 S.
1218 2673 1356 2738 Santita
1389 2697 1553 2741 conosca

265 2786 330 2846 che
355 2793 445 2845 tutta
470 2795 595 2865 questa
618 2784 773 2865 impresa
797 2784 949 2845 accettai
974 2785 1051 2845 solo
1075 2804 1139 2864 per
1164 2782 1369 2846 obedientia
1394 2795 1430 2846 et
1445 2805 1551 2847 reve-

266 2890 381 2952 rentia
418 2892 452 2951 di
486 2889 522 2953 S.
559 2890 636 2952 Bne
672 2900 707 2952 et
742 2911 780 2953 se
816 2891 859 2955 V.
892 2890 942 2948 8³⁸
980 2901 1015 2952 et
1046 2892 1115 2952 ella
1139 2910 1324 2972 sapessero
1349 2891 1371 2953 li
1397 2892 1554 2972 pericoli

263 2997 373 3059 scorsi
398 3001 505 3060 molto
531 2997 558 3059 si
584 2997 956 3079 maravigliarebbono
981 2998 1046 3059 che
1070 3017 1138 3078 pur
1161 2998 1186 3058 li
1209 2997 1371 3079 pensassi
1389 3018 1461 3060 non
1481 3002 1553 3061 che

264 3104 298 3165 di
326 3125 444 3166 nuovo
469 3104 492 3167 li
518 3105 680 3177 tornensi,
706 3105 836 3185 perche
862 3104 896 3164 in
922 3104 1063 3185 potestii
1088 3106 1132 3167 de
1157 3105 1243 3186 ogni
1267 3107 1397 3167 huomo
1423 3126 1488 3167 era
1514 3106 1550 3168 in

263 3211 362 3273 molti
387 3211 509 3291 luoghi
533 3210 637 3272 farmi
662 3211 813 3290 tagliare
838 3210 872 3272 in
897 3210 994 3291 pezzi
1019 3230 1084 3272 con
1112 3211 1191 3272 tutti
1215 3211 1239 3273 li
1263 3211 1363 3283 miei,
1394 3210 1441 3273 ne
1466 3213 1552 3274 tutti

266 3319 290 3380 li
315 3319 467 3400 principi
493 3338 602 3381 erano
627 3316 817 3380 sufficienti
848 3339 869 3379 a
901 3317 1124 3380 diffendermi
1153 3328 1188 3381 et
1215 3318 1238 3380 il
1263 3319 1368 3381 modo
1394 3337 1456 3380 era
1483 3322 1554 3382 che

268 3428 466 3488 havesseno
499 3445 624 3487 acceso
660 3424 684 3486 il
715 3424 820 3486 fuoco
854 3424 935 3486 nell'
963 3425 1183 3487 habitatione
1208 3425 1277 3487 mia
1304 3437 1339 3487 et
1366 3437 1554 3506 prometto

265 3552 286 3594 a
302 3531 343 3594 V.
358 3529 394 3594 S.
411 3534 476 3594 che
492 3533 728 3612 quantumche
741 3533 775 3592 la
792 3544 891 3594 notte
908 3545 943 3593 et
960 3531 993 3593 in
1013 3551 1095 3593 casa
1113 3544 1148 3594 et
1166 3531 1256 3594 fuori
1271 3532 1307 3594 di
1320 3552 1402 3594 casa
1417 3530 1554 3596 lacessi

264 3638 340 3701 fare
364 3641 397 3701 le
422 3639 583 3720 guardie,
608 3658 696 3719 pure
714 3638 798 3718 ogni
814 3641 912 3700 volta
929 3639 995 3700 che
1010 3640 1152 3701 andavo
1169 3641 1202 3701 al
1218 3640 1304 3702 letto
1320 3639 1366 3701 mi
1383 3658 1551 3719 segnavo

265 3745 622 3808 reccomandandomi
647 3766 666 3807 a
694 3744 760 3807 Dio
785 3745 839 3808 ch'
859 3745 893 3807 io
918 3766 988 3807 non
1019 3766 1153 3828 sapevo
1184 3766 1223 3808 se
1255 3747 1290 3808 la
1320 3746 1469 3809 mattina
1502 3748 1552 3810 mi

264 3851 418 3914 troverei
442 3871 508 3933 per
531 3854 580 3913 tal
605 3872 689 3914 caso
713 3851 796 3914 vivo
821 3862 856 3915 et
880 3872 920 3913 so
944 3853 1010 3914 che
1026 3853 1114 3915 hora
1130 3852 1165 3915 in
1182 3853 1347 3935 Augusta
1364 3872 1436 3915 non
1455 3873 1551 3917 sono

265 3961 417 4040 migliori
441 3961 507 4022 che
524 3959 554 4021 si
568 3960 667 4022 sieno
684 3959 767 4021 stati
782 3959 816 4020 in
831 3960 1079 4041 Nuremberga
1096 3970 1132 4022 et
1146 3962 1294 4040 altrove,
1311 3960 1354 4022 nel
1371 3979 1550 4041 appresso

266 4088 287 4129 a
312 4078 436 4147 questo
460 4067 619 4147 pericolo
645 4067 791 4129 conterb
815 4066 913 4128 molti
938 4066 1017 4127 altri
1042 4066 1218 4148 maggiori
1241 4085 1306 4148 per
1326 4085 1398 4128 non
1422 4067 1552 4129 esserli

264 4174 411 4238 tedioso.
461 4174 530 4236 Per
555 4184 679 4255 questo
704 4172 866 4254 supplico
890 4176 960 4235 ben
986 4172 1028 4237 V.
1055 4170 1091 4234 S.
1116 4184 1152 4235 et
1175 4194 1242 4237 con
1267 4183 1358 4236 tutto
1383 4173 1403 4235 l'
1420 4172 1549 4237 affetto

266 4282 323 4343 del
349 4301 410 4343 cor
433 4280 502 4343 mio
527 4282 562 4343 la
585 4300 699 4361 prego
725 4302 746 4342 a
770 4279 847 4342 fare
872 4279 1058 4342 intendere
1082 4301 1103 4342 a
1127 4279 1169 4343 N.
1195 4277 1231 4344 S.
1256 4282 1322 4344 che
1347 4299 1417 4343 non
1442 4281 1550 4362 pensi

266 4387 300 4449 di
325 4386 503 4469 gravarmi
527 4387 586 4468 pili
613 4388 648 4448 di
673 4397 773 4449 tanto
797 4407 893 4468 peso,
942 4385 1017 4449 Che
1042 4387 1182 4468 quando
1211 4406 1280 4449 non
1313 4387 1360 4449 mi
1391 4388 1549 4451 trovassi

266 4494 387 4557 debito
412 4494 447 4554 di
475 4493 551 4556 XX
577 4493 659 4556 mila
684 4493 801 4555 ducati
827 4504 861 4554 et
886 4514 956 4556 non
981 4493 1123 4556 havessi
1144 4503 1237 4556 tutta
1259 4496 1295 4556 la
1310 4514 1446 4576 povera
1461 4515 1549 4558 casa

266 4613 301 4662 et
326 4601 487 4680 famiglia
516 4600 585 4662 mia
617 4622 657 4662 su
687 4601 719 4663 le
753 4602 885 4680 spade,
921 4602 955 4661 la
985 4602 1098 4663 salute
1133 4610 1170 4664 et
1193 4601 1293 4663 ruina
1322 4602 1366 4663 de
1390 4603 1424 4664 le
1448 4603 1548 4683 quali

266 4716 356 4769 tutta
380 4708 398 4768 l·
423 4718 525 4788 posta
551 4711 607 4768 nel
622 4718 713 4769 stato
731 4707 811 4786 mio,
837 4715 1052 4771 certamente
1076 4728 1142 4789 per
1165 4707 1310 4771 servitio
1326 4708 1371 4771 de
1388 4705 1424 4771 S.
1439 4705 1493 4770 8τὲ
1511 4721 1548 4773 et

266 4815 311 4882 de
336 4816 370 4878 la
395 4811 506 4876 Santa
532 4812 626 4875 Sede
651 4813 684 4875 io
709 4834 779 4875 non
804 4813 952 4876 temerei
977 4813 1011 4875 di
1035 4834 1141 4895 parre
1166 4824 1291 4896 questa
1307 4834 1442 4896 povera
1466 4835 1545 4903 per-
