3330 5580
666 475 724 531 0-{3
765 478 815 534 123
854 475 912 533 ΕΜ

141 626 275 707 riores,
308 625 451 688 eosdem
484 644 606 686 omnes
638 644 750 705 penes
784 647 849 689 vos
882 627 928 688 ad
952 635 1092 687 nostras
1117 647 1241 688 manus
1266 626 1429 706 teneatis,

141 733 329 814 usquead
354 731 556 794 ulteriorem
581 738 740 794 nostrum
765 731 906 795 iussum.
941 733 1014 794 Vos
1039 733 1177 794 debetis
1195 734 1300 795 etiarn
1317 735 1429 795 dictas

142 839 342 919 scripturas
376 849 411 900 et
444 837 572 917 libros,
607 848 642 899 et
667 858 906 921 quascumque
931 839 1018 901 alias
1042 841 1242 902 consimiles
1267 843 1311 901 sle
1336 860 1429 902 noro

142 946 373 1009 inventiones
404 945 479 1008 sive
512 965 558 1008 ex
589 945 744 1008 Martino
774 946 930 1009 Luthero
962 945 1141 1026 predicto,
1174 947 1249 1008 sive
1282 946 1428 1008 aliorum

143 1053 259 1131 iussu,
288 1073 329 1115 ac
353 1054 520 1116 mandato
545 1073 608 1115 seu
631 1053 773 1116 nomine
798 1056 986 1134 prodeant,
1017 1055 1060 1115 de
1085 1065 1228 1116 coetero
1254 1074 1322 1115 non
1349 1054 1429 1115 scri·

143 1163 250 1240 bere,
278 1159 497 1243 imprimere,
527 1180 660 1239 emere,
684 1163 858 1240 vendere,
887 1159 1110 1241 praedicare,
1137 1160 1346 1239 defendere,
1372 1172 1430 1222 aut

144 1288 271 1331 eorum
287 1269 447 1351 opini0ni
462 1289 524 1331 seu
540 1268 738 1331 sententiae
756 1269 991 1348 subscribere,
1016 1277 1224 1346 sustentare,
1244 1280 1279 1330 et
1297 1268 1428 1329 eisdem

144 1376 333 1455 adherere,
359 1385 395 1438 ot
417 1375 640 1438 haecomnia
663 1376 749 1438 nulli
773 1375 953 1438 hominum
977 1374 1096 1437 lacere
1120 1375 1341 1457 permittatis,
1368 1377 1430 1437 sed

144 1483 192 1543 de
224 1482 280 1544 his
311 1482 454 1545 omnino
488 1483 769 1564 supersedeatis,
803 1492 839 1546 et
872 1503 942 1546 non
967 1483 1036 1545 alia
1061 1483 1194 1562 agatiS,
1227 1493 1288 1544 aut
1311 1483 1429 1545 inobe-

143 1589 287 1651 dientes
311 1609 376 1651 vos
405 1589 623 1671 exhibeatiS,
656 1589 691 1652 in
717 1598 886 1672 quantum
917 1589 1105 1670 unicuique
1130 1601 1285 1652 vestrum
1310 1610 1430 1652 carum

145 1705 219 1775 est,
255 1708 411 1758 nostram
445 1705 481 1759 et
511 1697 603 1758 sacri
631 1697 770 1778 imperii
794 1696 1039 1777 gravissimam
1063 1697 1361 1777 indignationem,
1396 1708 1430 1759 et

143 1822 294 1884 poenas,
319 1823 408 1884 quas
429 1804 508 1885 jura
532 1804 565 1866 in
591 1803 791 1867 huiusmodi
816 1804 957 1866 casibus
981 1804 1250 1883 constituerunt,
1276 1806 1429 1866 evitare:

146 1908 249 1971 Haec
273 1919 394 1972 nostra
420 1920 474 1972 est
497 1911 699 1974 omnimoda
723 1913 888 1974 voluntas
913 1921 948 1973 et
973 1911 1106 1973 seriosa
1131 1913 1318 1975 sententia.

238 2017 369 2079 Datum
394 2017 625 2081 Wormatiae.

763 2445 817 2510 48.

207 2570 385 2650 Alaander
414 2569 567 2670 archiep.
597 2568 760 2670 (fortasse
787 2569 984 2668 Isodiensi)
1013 2574 1049 2651 ot
1076 2571 1161 2651 aliis
1189 2573 1372 2672 praelatis

579 2708 722 2772 (unat.
740 2709 865 2768 demea
883 2708 914 2768 Β.
932 2708 1001 2781 190.)

654 2820 814 2880 (13.Martii
838 2815 923 2887 ¹5²¹·)

262 2944 383 3007 Revu·
424 2963 477 3024 pr.
523 2955 557 3006 et
599 2944 712 3007 illustr
755 2945 835 3007 Dne
880 2946 1074 3010 commend.
1113 2944 1247 3032 ¹Quum
1284 2957 1432 3027 propter

146 3052 370 3134 imperialem
395 3051 548 3113 diaetam
573 3073 643 3114 non
668 3052 800 3133 possIm
828 3072 919 3115 nunc
945 3053 1208 3133 presentialiter
1233 3074 1287 3115 mo
1304 3054 1349 3114 ad
1364 3053 1431 3115 ista

149 3169 271 3222 vestra
293 3161 373 3221 loca
397 3158 571 3238 conferre,
597 3168 790 3242 eapropter
813 3159 913 3221 mitto
937 3162 1087 3222 latorem
1111 3160 1351 3240 praesentium
1373 3160 1432 3240 qui

147 3264 372 3329 Sanctissimi
395 3265 537 3328 Domini
563 3266 683 3328 Nostri
707 3267 845 3329 Bullam
876 3277 999 3329 contra
1022 3266 1212 3328 Martinum
1239 3266 1431 3329 lutherum

147 3383 185 3436 et
210 3372 286 3436 eius
301 3392 472 3453 sequaces
487 3371 714 3455 publicatam,
730 3373 848 3435 Rmae
866 3372 1107 3436 Dominationi
1124 3383 1264 3435 vestrae
1282 3375 1337 3436 vel
1356 3374 1431 3435 eius

146 3480 293 3544 officiali
326 3499 387 3541 seu
418 3479 551 3542 vicario
577 3478 704 3542 offerat
728 3489 764 3542 et
788 3492 987 3561 presentet,
1017 3489 1188 3562 petatque
1213 3491 1248 3542 et
1272 3480 1430 3562 requirat

149 3600 188 3651 ut
218 3586 405 3669 praedicta
436 3589 551 3666 bulla,
585 3606 757 3649 unacum
782 3588 950 3649 mandato
974 3586 1206 3669 impressione
1231 3588 1337 3669 sigilli
1361 3588 1430 3649 mei

148 3694 254 3779 parvi
278 3693 424 3772 munit0,
448 3693 482 3754 in
507 3692 652 3755 civitate
678 3704 714 3755 et
740 3693 896 3756 dioecesi
919 3703 1039 3756 vestra
1064 3693 1265 3757 executioni
1288 3694 1432 3757 debitae

151 3802 397 3866 demandetur.
444 3798 549 3880 Quod
580 3808 618 3861 ut
641 3800 688 3862 R.
713 3799 757 3862 D.
782 3799 826 3862 V.
858 3799 966 3862 faciat
990 3797 1049 3863 8¹³¹
1077 3800 1120 3865 D.
1147 3800 1187 3863 N.
1214 3801 1311 3881 jussu
1336 3812 1431 3883 pet0,

151 3909 295 3992 requiro
329 3918 365 3970 et
394 3910 459 3969 sub
483 3906 642 3970 censuris
666 3906 700 3969 in
726 3908 823 3969 bulla
847 3907 1043 3988 apostolica
1067 3909 1244 3970 contentis
1267 3908 1431 3990 Iniung0;

149 4038 230 4081 meo
255 4036 342 4079 vero
367 4013 508 4077 nomine
532 4034 595 4076 oro
621 4022 655 4075 et
679 4013 842 4096 supplico
867 4025 905 4075 ut
920 4015 1052 4094 possim
1069 4014 1183 4077 eidem
1201 4013 1431 4077 Sanctissimo

150 4122 307 4188 Domino
331 4132 368 4185 et
382 4118 468 4184 Sedi
484 4119 716 4202 Apostolicae
734 4120 983 4184 observantiae
1001 4132 1035 4184 et
1052 4121 1194 4183 debitae
1211 4121 1432 4183 executionis

151 4242 295 4295 vestrae
327 4227 433 4291 fidem
464 4226 594 4290 facere.
642 4228 742 4290 Bene
774 4229 893 4290 valeat
924 4229 1047 4290 Revma
1077 4227 1280 4290 Dominatio
1313 4239 1433 4290 vestra

153 4339 209 4402 cui
244 4357 301 4400 me
335 4334 447 4398 offero
481 4344 516 4396 et
546 4335 766 4397 commendo.
814 4334 1054 4415 Wormatiae,
1090 4355 1135 4396 ex
1173 4333 1289 4395 diaeta
1323 4334 1431 4416 impe-

151 4445 230 4508 riali
255 4442 348 4505 XIII
371 4441 491 4505 Martii
515 4441 699 4506 MDXXI.
