3330 5580
763 473 821 530 ΜΩ
862 476 912 530 112
952 472 1010 529 (Ἡ

243 626 456 687 bellaturam
486 636 520 686 et
551 622 640 686 hanc
671 622 825 703 opimam
857 623 1034 685 victimam
1060 622 1139 684 Deo
1164 632 1303 704 gratam
1328 623 1535 687 oblaturam

244 731 322 794 fore
347 742 524 813 optamuS,
556 751 596 792 ac
621 730 657 791 in
682 730 835 793 Domino
859 733 1033 793 bonorum
1057 730 1212 792 omnium
1237 739 1382 792 auctore
1411 750 1536 812 spera·

245 859 335 900 mus:
383 839 513 901 Datum
539 850 605 902 etc.

778 1015 983 1028 uwvvwmwn-an

859 1245 912 1310 40.

243 1355 381 1437 Cardia.
394 1351 714 1456 Sanctor.Quutuor
729 1352 904 1454 magistro
919 1352 1082 1454 generali
1096 1353 1533 1436 fruuumtibsorvuutiae.

702 1484 786 1554 (Acta
805 1482 940 1540 wormat.
958 1481 1003 1541 tu
1022 1483 1073 1553 u.)

279 1587 372 1651 (Missa
392 1587 425 1635 ad
446 1587 531 1635 mein
552 1588 689 1634 Conventu
709 1584 904 1634 Wortuuciensi
927 1595 991 1647 1521
1014 1600 1029 1632 a
1050 1589 1143 1633 Reum
1168 1589 1219 1634 ΒΜ·
1243 1588 1362 1636 Sanctor.
1383 1588 1505 1651 Quutuor

648 1691 706 1724 cum
725 1675 820 1724 litteris
839 1677 879 1725 X.
899 1675 988 1724 Martii
1012 1675 1114 1740 1521¹).

331 1784 437 1845 Bulla
460 1785 526 1845 sub
551 1784 697 1865 plumbo
723 1781 1052 1844 contraMartinum
1069 1783 1262 1845 Lutherum
1286 1803 1400 1864 nuper
1422 1784 1533 1864 edita,

243 1912 334 1952 nunc
366 1893 412 1952 ad
437 1892 641 1971 generalem
666 1888 861 1953 ministrum
885 1889 1034 1952 mittitur
1059 1889 1104 1951 ad
1129 1888 1294 1952 effectum
1319 1900 1357 1952 ut
1381 1910 1445 1953 sua
1470 1911 1532 1972 pa-

242 1998 390 2061 ternitas
423 1997 587 2060 omnibus
617 1996 825 2079 guardianis
849 2007 885 2057 et
908 1996 1078 2060 fratribus
1103 1996 1236 2059 ordinis
1261 1997 1313 2058 sui
1338 1999 1383 2059 de
1408 2000 1531 2062 obser-

242 2104 364 2167 vantia
389 2115 425 2166 et
442 2105 529 2182 aliis,
547 2104 675 2185 quibus
693 2102 889 2184 expediens
913 2103 1103 2181 videbitur,
1120 2103 1216 2166 illam
1231 2106 1421 2167 ostendere
1439 2104 1530 2166 eius-

242 2232 311 2292 que
342 2211 481 2293 copiam
512 2211 546 2273 in
580 2211 679 2272 Urbe
710 2211 755 2272 de
789 2211 955 2272 mandato
987 2208 1045 2271 8¹⁰1
1072 2210 1113 2274 D.
1146 2211 1188 2273 N.
1219 2210 1428 2293 impressam
1459 2210 1532 2275 illis

243 2319 443 2400 relinquere
468 2317 590 2401 possit.
629 2317 760 2398 Quanti
784 2336 870 2379 vero
894 2316 1065 2397 ponderis
1090 2339 1131 2380 ac
1156 2317 1324 2381 momenti
1340 2317 1531 2398 negocium

242 2427 307 2487 hoc
340 2425 402 2505 sit,
434 2425 511 2506 ipse
543 2423 723 2506 generalis
747 2423 905 2486 minister
928 2445 975 2486 ex
999 2424 1077 2505 ipso
1102 2423 1207 2488 facile
1231 2425 1424 2506 intelliget,
1449 2445 1531 2488 cum

243 2533 287 2594 sit
310 2532 365 2594 vir
390 2531 613 2594 doctissimus
637 2532 672 2593 in
697 2530 792 2593 omni
816 2531 986 2593 facultate
1011 2540 1046 2592 et
1070 2530 1280 2611 praesertim
1297 2531 1332 2594 in
1349 2551 1450 2594 sacra
1466 2551 1529 2613 pa·

241 2638 326 2719 gina
343 2659 446 2720 quam
465 2639 570 2700 Bulla
584 2637 663 2719 ipsa
682 2637 850 2717 continet,
877 2637 1078 2698 damnando
1095 2637 1291 2717 positiones
1306 2648 1342 2701 et
1358 2639 1531 2702 articulos

242 2767 330 2828 quos
361 2746 427 2807 iste
451 2744 626 2806 Martinus
657 2744 791 2806 Luther
824 2744 1002 2807 diabolico
1036 2764 1123 2806 ausu
1154 2744 1294 2808 firmare
1328 2755 1382 2809 est
1409 2766 1527 2827 ausus,

242 2874 390 2934 quorum
415 2851 556 2933 quidem
581 2851 810 2913 articulorum
834 2851 943 2933 aliqui
959 2861 1040 2914 sunt
1055 2852 1197 2933 penitus
1212 2851 1394 2932 haeretici,
1419 2851 1529 2934 aliqui
1580 2838 1588 2848 ⁸

243 2981 328 3023 vero
346 2959 557 3039 scandalosi,
575 2957 734 3021 nonnulli
750 2968 867 3041 autem
884 2957 961 3039 pias
979 2978 1083 3021 aures
1099 2957 1228 3021 Christi
1244 2957 1401 3021 fidelium
1417 2956 1528 3022 offen-

243 3068 378 3130 dentes.
427 3065 496 3146 Qui
528 3065 633 3128 etiam
661 3065 690 3127 si
714 3063 835 3127 forsan
860 3065 1058 3127 rationibus
1082 3065 1338 3148 philosophicis
1362 3086 1404 3129 ac
1428 3068 1527 3129 theo·

242 3173 367 3256 logicis
399 3172 572 3254 disputari
600 3183 764 3255 possent,
796 3171 1021 3234 nihilominus
1046 3174 1091 3235 ad
1116 3173 1346 3236 scandalosas
1371 3174 1525 3256 disputa-

242 3281 358 3343 tiones
381 3279 582 3343 huiusmodi
607 3281 783 3342 tollendas
800 3300 865 3361 per
883 3279 1038 3341 Romani
1054 3279 1248 3343 Pontifices
1265 3280 1301 3342 in
1318 3280 1528 3344 Florentino

242 3408 283 3450 ac
307 3386 386 3450 aliis
410 3386 556 3449 concilis
579 3385 769 3467 improbati
795 3405 836 3448 ac
862 3386 1017 3449 damnati
1042 3387 1277 3468 reperiuntur,
1303 3408 1395 3469 quae
1419 3389 1528 3470 pluri·

242 3499 307 3557 bus
333 3513 401 3575 ego
426 3514 497 3556 non
522 3493 705 3573 disseram,
730 3514 808 3555 cum
834 3493 900 3574 ipsi
922 3493 1080 3557 ministro
1098 3495 1259 3576 generali
1274 3495 1310 3558 in
1328 3496 1530 3578 Theologia

242 3603 300 3664 diu
318 3612 460 3664 versato
476 3603 585 3664 multo
602 3601 727 3663 melius
751 3622 856 3682 quam
881 3601 964 3663 mihi
988 3602 1048 3683 qui
1064 3603 1299 3685 Theologiam
1323 3602 1437 3685 ipsam
1453 3623 1528 3667 non

242 3709 411 3792 profiteor
437 3720 520 3772 nota
544 3709 615 3771 sint
639 3718 673 3770 et
698 3730 742 3770 ne
760 3709 900 3771 videam
916 3710 1008 3772 velle
1026 3709 1225 3773 Minervam
1241 3709 1427 3774 instruere.
1460 3710 1528 3775 His

242 3817 350 3899 igitur
382 3815 587 3898 praemissis
620 3836 698 3879 cum
730 3817 818 3879 haec
843 3815 914 3877 sint
938 3816 982 3878 de
1006 3815 1199 3878 maioribus
1223 3816 1338 3878 causis
1362 3837 1453 3898 quae
1478 3821 1527 3881 ab

241 3926 308 3987 hac
333 3933 456 3986 sancta
480 3925 565 3986 sede
582 3923 802 4002 decidantur,
827 3922 910 4004 quia
925 3921 1032 3986 fidem
1049 3933 1205 3986 nostram
1222 3924 1431 3989 catholicam
1448 3924 1527 3988 sine

241 4053 311 4114 qua
335 4051 438 4095 nemo
463 4031 594 4094 salvari
619 4040 739 4113 potest
762 4031 914 4094 maxime
939 4041 1101 4112 tangunt,
1126 4041 1162 4095 et
1186 4032 1216 4094 si
1231 4030 1374 4095 Domini
1390 4042 1525 4114 tempo·

240 4141 334 4202 rales
368 4149 404 4201 et
434 4138 703 4201 communitates
734 4160 775 4201 ac
808 4138 867 4201 alii
892 4137 1021 4200 Christi
1055 4138 1180 4202 fideles
1211 4139 1353 4202 inimico
1381 4139 1527 4221 generis

241 4244 384 4308 humani
401 4256 574 4327 operante
590 4265 632 4307 ac
647 4244 814 4308 zizaniam
832 4245 1037 4325 seminante,
1063 4246 1194 4309 dictum
1210 4245 1402 4309 Martinum
1424 4247 1527 4328 sequi

241 4355 299 4415 vel
324 4373 403 4415 eum
427 4353 624 4415 deiendere
648 4353 801 4432 vellent,
835 4354 944 4415 multa
968 4363 1003 4415 et
1028 4353 1180 4416 maxime
1204 4353 1416 4435 pernitiosa,
1440 4353 1526 4417 inde

241 4460 411 4522 scandala
434 4459 571 4541 possint
597 4459 744 4534 exoriri,
778 4458 888 4540 ipsius
912 4458 1062 4522 ministri
1085 4461 1265 4540 generalis
1290 4480 1331 4523 ac
1357 4460 1432 4523 eius
1455 4460 1524 4522 fra·

241 4576 349 4648 trum,
384 4566 442 4648 qui
474 4575 623 4648 propter
654 4586 776 4629 eorum
808 4568 1050 4648 exemplarem
1081 4568 1190 4629 vitam
1222 4568 1317 4649 apud
1342 4588 1463 4631 omnes
1488 4569 1524 4631 in

241 4674 472 4738 veneratione
488 4676 673 4753 habentur,
698 4684 818 4755 partes
836 4683 939 4736 erunt
954 4677 1172 4755 persuadere
1189 4673 1415 4755 Principibus
1432 4696 1523 4740 com·

265 4836 289 4899 ¹)
314 4837 390 4882 Haec
409 4835 490 4883 verba
508 4835 536 4882 in
555 4835 641 4900 capite
662 4833 720 4883 lolii
739 4834 846 4898 propria
864 4850 942 4884 manu
963 4835 1093 4884 Aleandri
1113 4842 1172 4883 sunt
1191 4835 1295 4901 scripta.
