3330 5580
683 420 929 496 *omaus

171 607 267 669 lurlo
291 627 313 668 a
338 604 494 689 perfetta
518 603 641 669 sanita.
689 605 759 668 Voi
783 617 858 669 sete
882 606 918 669 in
941 592 1031 670 'fatto
1057 617 1092 670 et
1112 618 1301 672 conoscete
1326 609 1442 690 quello

171 692 229 776 :h'e
253 733 321 795 per
344 713 433 775 hora
457 710 509 775 sia
533 707 757 797 expediente.
804 712 884 775 Non
916 714 933 775 ὲ
965 715 1054 776 hora
1078 715 1124 777 da
1149 725 1266 778 tentar
1291 736 1374 779 cosa
1398 718 1444 779 al·

171 816 259 882 :una
284 822 351 883 che
366 839 474 901 possa
490 814 545 881 far
561 804 741 898 scandalo,
767 819 866 882 accio
891 839 961 895 non
985 841 1151 883 nascesse
1175 824 1325 903 qualche
1350 844 1444 906 mag·

171 926 247 1008 gior
270 927 556 990 inconveniente.
604 906 753 989 Possete
786 927 1046 990 communicare
1080 928 1136 990 col
1168 929 1445 993 Prothonotario

171 1031 201 1096 ἑὲ
224 1032 373 1097 insieme
398 1031 545 1095 obviare
570 1029 629 1095 alli
653 1011 826 1095 disordini
850 1035 1006 1096 secondo
1027 1034 1050 1096 il
1067 1054 1195 1116 parere
1212 1038 1257 1100 de
1270 1038 1444 1101 ambedui.

171 1143 200 1204 A
224 1140 342 1224 questi
366 1142 399 1203 dl
424 1139 459 1202 vi
482 1138 670 1202 mandamo
694 1160 741 1202 un
765 1139 969 1203 memoriale
984 1142 1151 1204 mandato
1177 1142 1212 1205 di
1227 1143 1260 1205 lh
1278 1144 1336 1205 dal
1349 1144 1445 1208 Rmo

171 1247 378 1331 Magontino
406 1268 428 1309 a
463 1246 505 1312 N.
541 1236 578 1310 S.
615 1247 708 1335 delle
744 1247 982 1329 sceleraggini
1017 1250 1155 1332 grande
1191 1259 1227 1313 et
1261 1250 1444 1313 violationi

171 1355 255 1419 fatte
281 1354 405 1418 contm
429 1334 453 1417 il
478 1354 574 1417 clero
599 1350 657 1417 nel
680 1374 789 1444 paese
815 1353 850 1416 di
874 1351 1060 1428 Sassonia;
1092 1357 1209 1437 quelle
1233 1377 1321 1420 sono
1346 1367 1444 1421 tanto

171 1463 301 1526 enormi
318 1463 383 1525 che
399 1461 419 1524 ὲ
435 1459 654 1544 impossibile
671 1482 692 1523 a
716 1460 967 1534 dissimularle;
993 1463 1121 1551 vedete
1146 1462 1232 1545 ogni
1256 1464 1362 1526 modo
1380 1463 1439 1525 voi

171 1562 201 1633 'et
224 1569 251 1632 il
275 1564 552 1658 Prothonotario
577 1588 644 1631 con
668 1568 703 1630 la
726 1552 864 1630 Maesta
890 1565 1043 1631 Cesarea
1067 1572 1133 1632 che
1156 1569 1192 1632 vi
1223 1569 1253 1632 si
1268 1654 1271 1661 Ι
1285 1571 1445 1652 proveda

171 1655 379 1756 vivamente,
404 1677 470 1737 che
495 1658 704 1738 aliramente
728 1673 969 1738 infetteranno
993 1684 1084 1739 tutto
1101 1677 1122 1738 'l
1137 1686 1233 1740 resto
1250 1677 1308 1740 del
1325 1698 1445 1761 paese,

171 1793 203 1847 et
234 1800 301 1867 per
331 1784 453 1847 ultimo
486 1794 522 1846 et
556 1783 651 1845 dalla
684 1780 905 1844 ubbidientia
938 1783 1034 1845 della
1070 1782 1199 1847 Chiesa
1231 1794 1268 1846 et
1300 1785 1336 1846 di
1372 1783 1447 1847 Sua

171 1883 306 1955 Maesta
340 1890 369 1953 si
400 1888 642 1968 rebelleran0‚
681 1897 717 1951 et
749 1891 969 1970 potrebbero
1002 1889 1038 1952 in
1070 1899 1169 1953 tanto
1208 1886 1445 1973 multiplicare

171 2000 233 2084 'che
256 1998 314 2062 fra
344 2000 420 2060 loro
458 2007 493 2060 et
523 1995 654 2060 Turchi
687 1995 771 2078 guai
802 2017 823 2058 a
857 1995 939 2058 tutti
971 1995 983 2059 i
1015 1995 1215 2060 Christiani.
1270 1998 1445 2061 Advisate

171 2102 240 2168 Su'a
265 2103 404 2201 Maesti
429 2114 464 2166 et
489 2112 580 2165 tutto
615 2102 636 2165 'l
665 2101 857 2184 Conseglio
881 2112 917 2165 et
940 2106 1033 2166 bene
1064 2105 1193 2167 valete.
1240 2104 1444 2167 Florentiae

171 2210 319 2275 XXVII
343 2203 443 2292 Sept.
467 2208 651 2274 MDXXI.

700 2423 905 2435 mamm

769 2655 842 2719 126.

500 2772 708 2852 Aleander
734 2771 1106 2854 Vicecanuellario.

615 2920 757 2993 (ltunttm.
775 2919 865 2978 Germ.
883 2918 914 2976 u
931 2919 996 2990 m)

652 3032 706 3097 (13.
727 3032 852 3081 Octobris
875 3029 961 3098 1521.)

257 3158 331 3223 Che
355 3158 390 3221 io
413 3170 484 3221 non
507 3156 604 3221 habii
634 3146 756 3220 scritto
781 3155 840 3239 gia
864 3156 963 3219 molti
987 3152 1133 3220 corrieri
1167 3178 1189 3220 a
1212 3157 1257 3222 V.
1282 3156 1318 3222 S.
1351 3158 1446 3223 Rma

173 3268 189 3330 t
212 3262 382 3349 processo
406 3246 536 3348 perche
561 3264 632 3329 noh
656 3265 772 3327 havea
796 3265 843 3326 da
866 3284 959 3327 novo
983 3265 1049 3327 che
1074 3264 1209 3328 scriver
1242 3275 1278 3328 et
1312 3266 1445 3347 perche

173 3395 257 3438 sono
282 3384 374 3437 stato
398 3375 548 3435 absente
572 3372 619 3434 da
640 3373 676 3435 la
700 3370 807 3434 Corte
831 3381 867 3433 et
890 3389 978 3433 sono
1002 3371 1063 3453 qui
1080 3370 1274 3435 aLovanio
1298 3393 1364 3455 per
1388 3395 1445 3437 ex-

175 3478 274 3563 pedir'
298 3482 416 3564 quello
440 3481 583 3543 residuo
608 3479 663 3543 de’
687 3478 836 3543 remedii
860 3479 926 3541 che
957 3498 1013 3542 me
1040 3498 1176 3560 pareno
1210 3481 1402 3554 necessarii
1426 3503 1448 3543 a

174 3597 295 3670 questo
325 3590 450 3651 morbo
482 3596 517 3650 et
548 3587 702 3668 heresia,
742 3596 788 3649 et·
813 3605 920 3667 spero
949 3588 1014 3649 che
1059 3585 1209 3668 giovarh
1239 3608 1311 3651 non
1343 3608 1447 3671 poco.

175 3693 332 3776 interim,
367 3695 517 3757 essendo
541 3693 576 3756 io
601 3693 672 3776 qui,
697 3691 852 3756 Cochleo
876 3694 1047 3775 theologo
1072 3694 1209 3757 decano
1233 3695 1269 3757 di
1293 3690 1446 3759 Franch·

175 3801 304 3883 fordia,
337 3822 408 3864 uno
433 3801 477 3864 de
502 3800 610 3882 quelli
634 3803 700 3863 che
725 3800 888 3863 examino
913 3799 1048 3862 Luther
1080 3800 1245 3882 privatim
1268 3801 1304 3865 in
1329 3802 1448 3865 diaeta

176 3918 207 3971 et
229 3912 264 3973 al
288 3917 455 3991 presente
480 3909 545 3970 che
570 3907 686 3970 scrive
710 3916 834 3970 contra
857 3906 906 3968 lui
930 3905 1023 3968 assai
1058 3908 1169 3987 bene,
1199 3907 1246 3969 mi
1275 3909 1322 3971 ha
1353 3930 1447 3971 man·

177 4017 255 4079 dato
288 4027 414 4098 questo
447 4017 539 4078 libro
567 4016 634 4077 che
666 4014 701 4077 io
726 4015 855 4077 mando
880 4011 996 4092 costa,
1026 4011 1128 4097 Quod
1144 4012 1273 4092 ferrus
1295 4036 1448 4098 unquam

178 4118 280 4186 suerri
311 4122 447 4186 Romae.
504 4121 579 4184 Imo
611 4120 716 4185 etiam
745 4120 840 4183 intus
870 4121 1022 4182 habetur
1055 4089 1204 4183 Paulum
1235 4141 1305 4184 non
1338 4120 1449 4185 fuisse

178 4211 312 4293 Rornae
335 4248 496 4311 passum;
529 4229 563 4293 el
595 4230 679 4311 qual
707 4227 799 4290 libro
832 4227 868 4289 in
900 4225 949 4288 tal
980 4227 1086 4288 modo
1118 4227 1331 4292 &extimato
1355 4228 1449 4291 dali

179 4335 363 4400 lutherani
388 4338 454 4399 che
477 4339 633 4418 perche
657 4334 699 4399 sii
722 4357 769 4399 un
794 4334 921 4397 achille
945 4335 1138 4399 contrade
1162 4333 1241 4415 noi,
1264 4355 1330 4418 per
1353 4337 1448 4418 qual·

179 4440 238 4508 che
262 4445 463 4525 argumenti
487 4444 696 4527 apparenti,
719 4441 907 4526 presertim
931 4440 991 4503 alli
1015 4441 1161 4524 maligni
1185 4442 1318 4525 spiriti,
1343 4462 1450 4524 quum

183 4551 469 4633 tamen-plurima
492 4552 563 4614 sint
586 4551 696 4631 falsa,
720 4549 838 4613 omnia
860 4570 946 4612 vero
972 4549 1244 4613 virulentissime
1267 4569 1449 4632 expressa.

180 4637 225 4722 io
248 4657 418 4741 episcopo
443 4660 479 4721 di
503 4658 706 4742 Argentina
728 4659 776 4720 ha
800 4660 967 4720 mandato
993 4658 1037 4720 de
1060 4657 1134 4720 dita
1151 4677 1262 4738 opera
1286 4658 1336 4720 tal
1359 4656 1450 4719 libro

181 4761 211 4826 itt
232 4765 342 4828 latino
367 4776 402 4828 et
426 4769 589 4829 alemano
613 4768 647 4829 al
672 4765 767 4829 Rmo
792 4764 982 4828 Cardinale
1006 4765 1051 4826 de
1077 4765 1202 4846 Liege,
1226 4764 1450 4847 pregandolo
