3330 5580
707 433 951 487 θ<<ἶ1228ῖ>ο

190 576 429 639 maledictioni
453 579 638 639 lutherane
664 580 721 640 del
737 598 844 658 paese
871 581 915 640 de
930 581 1036 641 bassa
1052 580 1242 661 alemagna
1266 590 1304 642 et
1317 578 1469 654 fiandra;

190 704 261 746 non
286 685 461 745 demando
487 687 573 766 pero
599 705 683 746 cosa
697 699 821 747 contra
844 685 976 746 iustitia
1001 707 1057 747 ma
1074 708 1139 768 per
1160 690 1195 749 la
1212 686 1356 768 aequit&
1381 707 1470 768 quae

188 802 243 852 est
266 789 351 852 iuris
375 790 551 871 interpres
576 801 611 851 et
635 791 760 852 anima.

277 897 319 959 El
351 897 535 959 confessor
567 917 712 959 cesareo
745 898 764 960 ὲ
795 900 904 960 molto
938 909 1105 962 contento
1137 908 1173 961 et
1203 901 1343 982 allegro
1378 901 1471 963 delle

188 1004 315 1065 lettere
346 1005 411 1066 che
437 1003 480 1066 V.
506 1002 542 1065 S.
568 1003 663 1066 Rma
695 1024 733 1066 se
757 1006 804 1066 ha
828 1006 984 1086 degnato
1009 1005 1168 1068 scriverli
1200 1007 1246 1069 de
1277 1027 1341 1069 sua
1367 1027 1472 1070 mano

189 1121 225 1173 et
249 1109 322 1173 cosi
347 1113 380 1173 le
404 1112 584 1192 responde
610 1130 673 1191 per
698 1113 731 1172 le
756 1113 882 1174 lettere
905 1113 1045 1174 adnexe
1060 1115 1128 1174 alle
1147 1113 1225 1175 mie.
1266 1113 1377 1175 Detto
1394 1134 1471 1176 con·

189 1219 304 1280 sessor
328 1239 348 1279 a
374 1217 486 1298 quest'
501 1219 588 1279 hora
614 1238 668 1279 me
691 1219 738 1279 ha
762 1218 861 1280 detto
886 1218 987 1279 venir
1012 1220 1056 1280 de
1081 1239 1222 1281 camera
1246 1221 1291 1281 de
1313 1219 1473 1282 Chevres

190 1327 222 1387 el
247 1327 330 1406 qual
355 1324 434 1386 dice
458 1333 531 1386 star
556 1323 660 1387 melio
686 1345 741 1386 ma
766 1345 836 1386 non
863 1326 974 1406 perho
999 1345 1105 1387 senza
1129 1325 1240 1388 febre.

278 1433 356 1494 Non
388 1435 435 1495 ho
459 1443 606 1513 possuto
632 1431 686 1493 lar
718 1434 783 1494 che
808 1451 879 1493 non
905 1431 1023 1493 mandi
1048 1441 1173 1512 questa
1197 1432 1348 1513 letania,
1379 1435 1472 1497 dove

188 1539 304 1620 questi
320 1538 409 1600 ladri
430 1540 578 1620 parlano
595 1536 686 1599 cossi
704 1537 930 1617 impiamente
947 1540 1003 1599 del
1020 1536 1084 1600 8¹³⁰
1105 1549 1140 1601 et
1158 1539 1214 1601 un'
1228 1541 1320 1602 altra
1335 1547 1472 1621 paccla.

188 1646 232 1710 V,
259 1642 294 1707 S.
320 1646 415 1707 Rma
445 1644 505 1728 poi
530 1666 567 1706 se
592 1646 751 1726 degnarh
776 1644 865 1707 farle
891 1647 1038 1707 mandar
1062 1667 1082 1706 a
1107 1646 1226 1708 Roma
1255 1667 1322 1728 per
1346 1667 1473 1728 passas

188 1766 318 1833 tempo.
372 1751 436 1814 Chi
474 1752 614 1812 volesse
654 1752 802 1813 1116111161
840 1751 924 1833 ogni
960 1772 1044 1813 cosa
1085 1755 1360 1833 besognarebbe
1402 1775 1471 1817 uno

189 1858 383 1939 cariaggio

278 1963 440 2027 Sarebbe
472 1984 539 2045 pur
564 1966 657 2025 bono
690 1965 756 2026 che
780 1963 804 2025 11
829 1965 938 2025 nostri
964 1965 1177 2027 accademici
1211 1976 1246 2028 et
1274 1967 1354 2028 altri
1380 1968 1471 2029 dotti

189 2072 338 2135 d’ltalia
369 2083 404 2134 et
427 2071 614 2153 presertim
640 2072 684 2133 (16
709 2071 828 2133 Roma
854 2071 1126 2135 cominciassero
1159 2076 1328 2154 alquanto
1352 2093 1469 2136 resen·

188 2179 273 2242 tirse
307 2189 342 2240 et
366 2178 483 2240 alcuni
519 2178 574 2239 chi
599 2197 666 2259 pur
699 2197 811 2240 sanno
837 2192 1081 2240 severamente
1116 2181 1312 2261 respondet
1346 2192 1471 2244 contra

189 2295 315 2368 questa
330 2284 481 2348 heresia.
517 2283 611 2348 Altri
628 2283 762 2346 scriver
778 2287 928 2365 qualche
945 2305 1028 2348 cosa
1044 2287 1089 2346 ad
1105 2287 1218 2348 honor
1234 2287 1278 2349 de
1294 2288 1329 2349 16
1343 2288 1470 2368 patria,

189 2394 233 2454 de
249 2395 283 2455 16
299 2393 382 2473 qual
398 2391 512 2473 questi
528 2390 695 2456 Germani
712 2412 756 2453 ne
771 2390 880 2452 fanno
897 2401 995 2453 tanto
1013 2413 1105 2474 poco
1122 2392 1234 2456 5111116.
1266 2394 1383 2475 Spero
1401 2397 1470 2457 ben

189 2501 255 2562 che
279 2520 317 2561 se
340 2497 365 2561 li
390 2497 500 2560 nostri
523 2518 683 2560 voranno
709 2497 763 2560 lar
787 2500 938 2578 qualche
963 2498 1142 2580 apologia,
1167 2501 1201 2561 la
1224 2498 1378 2562 faranno
1404 2521 1470 2585 con

188 2607 248 2688 piu
274 2605 404 2669 iudicio
430 2616 464 2669 et
489 2627 558 2667 non
585 2625 663 2670 cum
688 2607 806 2686 quella
830 2604 974 2686 impieta
999 2606 1063 2666 che
1089 2605 1197 2666 fanno
1222 2605 1246 2667 li
1271 2607 1383 2668 nostri
1409 2607 1470 2670 cri·

188 2713 363 2776 minatori.
411 2713 449 2775 Io
482 2732 546 2792 per
576 2733 651 2789 me,
688 2734 726 2774 se
757 2733 825 2773 una
857 2712 954 2772 volta
979 2712 1047 2773 Dio
1082 2733 1136 2774 me
1169 2713 1214 2773 da
1245 2713 1361 2793 gratia
1394 2716 1471 2794 che,

188 2820 350 2901 quaesito
384 2819 468 2882 mihi
492 2839 585 2900 pane
622 2820 666 2879 ad
692 2819 883 2881 senectutis
908 2819 1094 2895 viaticum,
1130 2819 1225 2880 habii
1256 2820 1276 2881 l’
1290 2820 1410 2883 animo
1435 2820 1470 2883 in

189 2927 308 3008 quieta
333 2928 454 3005 dom0‚
491 2926 548 3006 gia
580 2926 645 2986 che
670 2946 734 2988 son
764 2926 893 2987 intrato
927 2925 963 2986 in
989 2935 1114 3007 questa
1139 2927 1250 2987 danza
1282 2929 1471 2991 lutherana

189 3032 428 3095 sforzarommi
453 3032 566 3094 farlo
591 3053 671 3093 men
696 3034 766 3094 mal
801 3034 866 3094 che
891 3033 995 3113 potro
1027 3045 1151 3094 contra
1175 3036 1290 3113 questi
1315 3054 1385 3096 non
1412 3036 1471 3117 gia

189 3139 321 3202 fratelli
346 3138 455 3201 nostri
481 3141 523 3201 ne
549 3139 697 3201 membri
723 3140 767 3201 (16
792 3139 932 3202 Christo
956 3161 1013 3201 ma
1037 3139 1171 3220 peggio
1196 3141 1262 3202 che
1287 3141 1377 3203 cani.
1427 3143 1472 3205 Et

188 3255 278 3309 tutto
303 3248 337 3308 al
361 3247 476 3308 honor
500 3247 543 3307 de
559 3245 628 3307 Dio
654 3257 689 3307 et
713 3246 770 3308 del
796 3266 859 3308 suo
884 3246 1016 3308 vicario
1042 3257 1077 3308 et
1101 3247 1146 3308 de
1169 3245 1300 3309 Sancta
1317 3248 1470 3312 Chiesia.

188 3355 223 3415 A
247 3353 290 3416 V.
316 3351 352 3415 S.
378 3353 474 3415 illma
501 3362 585 3414 baso
610 3353 643 3414 16
668 3352 772 3414 mani.

805 3798 857 3862 90.

442 3913 621 3992 Aleander
648 3935 780 4014 magno
810 3912 1031 3993 cancellario
1060 3916 1211 4016 imperii.

616 4062 756 4128 (1111111161.
776 4062 941 4120 Germanii
970 4062 1036 4124 204.)

568 4182 646 4246 (Post
665 4183 778 4230 medium
799 4182 894 4230 mensis
914 4183 978 4230 hlaii
1002 4181 1089 4248 1521.)

277 4321 381 4383 Mitto
406 4322 559 4384 edictum
584 4322 729 4384 latinum
754 4334 790 4385 et
813 4323 1045 4385 alemanicum
1071 4344 1178 4405 super
1198 4345 1235 4386 re
1253 4324 1467 4388 Lutherana.

189 4430 286 4490 Deus
310 4428 458 4509 inspiret
483 4441 519 4490 ut
544 4429 579 4489 id
604 4428 825 4510 potissimum
860 4429 922 4490 fiat
957 4433 1052 4511 quod
1089 4432 1134 4493 ad
1169 4452 1294 4512 pacem
1327 4441 1362 4494 et
1388 4454 1468 4496 con·

188 4535 426 4597 servationem
450 4536 653 4617 Religionis
679 4547 820 4598 nostrae
844 4536 964 4599 lacere
999 4538 1172 4601 videatur.
1221 4539 1325 4600 Certe
1360 4561 1469 4622 super

187 4662 227 4703 16
250 4641 395 4704 Μ6111111
419 4641 504 4703 nihil
528 4655 648 4723 potest
672 4664 750 4705 esse
776 4642 893 4705 sanius
918 4644 1042 4707 iustius
1067 4659 1126 4707 aut
1151 4646 1262 4708 maius
1287 4645 1361 4709 iure
1387 4669 1467 4710 con·

186 4746 361 4813 firmatum
386 4768 491 4833 quarn
516 4749 611 4834 quod
640 4749 673 4810 in
707 4749 819 4830 prima
852 4751 957 4814 edicti
989 4763 1090 4835 parte
1123 4753 1339 4833 continetur,
1374 4755 1466 4820 adeo
