3330 5580
740 465 890 520 &3494
929 462 987 516 ΕΗ

224 604 351 688 feram,
376 630 463 689 quas
488 610 633 672 iniurias
658 610 846 692 accipiam,
873 630 961 690 quas
986 608 1093 672 animi
1120 608 1302 672 molestias
1325 611 1514 687 devorem,

138 738 144 751 ¹
224 733 290 792 pro
315 717 560 779 conservanda
585 717 837 779 Ecclesiastica
868 717 1062 798 dignitate,
1097 716 1183 779 nihil
1214 736 1286 778 non
1319 717 1400 799 opis
1425 716 1514 779 mihi

225 830 318 882 esset
342 823 400 883 vel
425 833 550 904 suapte
575 826 764 903 collatura,
798 823 889 887 sicut
920 823 1061 887 confido
1086 823 1199 905 ipsam
1224 823 1308 886 mihi
1330 823 1366 886 in
1392 834 1514 906 poste-

225 946 300 987 rum
338 948 407 990 non
445 929 664 1009 defuturam,
690 933 760 1012 ubi,
792 932 887 1013 quod
923 951 1065 1014 semper
1089 950 1174 1013 ago,
1198 930 1328 993 viderit
1351 951 1409 993 me
1436 930 1515 993 sine

225 1031 483 1099 intermissione
508 1048 646 1099 certare
670 1059 736 1120 pro
759 1037 1013 1101 Ecclesiastico
1036 1046 1141 1119 statu,
1165 1037 1241 1103 eius
1264 1039 1403 1100 honore
1429 1058 1515 1100 con·

225 1144 419 1222 servando,
444 1164 547 1224 quem
572 1145 686 1207 adhuc
711 1145 921 1226 populares,
953 1145 1036 1207 licet
1060 1145 1255 1208 seditiones
1277 1143 1514 1208 rebelliones·

226 1267 294 1327 que
308 1269 429 1311 eorum
443 1253 614 1314 adversus
628 1254 821 1315 secularem
831 1262 1044 1333 potestatem
1059 1252 1268 1331 resederint,
1284 1252 1421 1315 vellent
1431 1272 1516 1315 esse

226 1374 446 1435 oppressum.
494 1358 651 1438 Quorum
676 1359 893 1439 sententiae,
927 1359 1033 1422 etiam
1058 1359 1087 1422 si
1115 1358 1330 1441 inspeciem
1355 1359 1515 1422 blandiri

225 1461 400 1542 potuisset
432 1484 539 1527 avaro
571 1466 704 1547 animo,
733 1486 911 1547 nunquam
936 1465 1088 1545 accessi,
1112 1486 1228 1547 neque
1251 1486 1351 1529 mens
1376 1474 1433 1529 est
1457 1485 1515 1529 ac-

226 1571 365 1650 cedere,
382 1570 442 1633 ubi
459 1569 592 1634 Sancta
608 1571 722 1635 Sedes
736 1571 805 1634 ista
820 1572 903 1636 mihi
922 1571 1069 1634 consilio
1094 1582 1129 1634 et
1142 1571 1287 1652 auxilio,
1312 1573 1340 1635 si
1365 1574 1516 1654 quando

226 1675 370 1754 gravius
403 1677 584 1741 immineat
619 1679 825 1761 periculum,
859 1680 893 1742 in
929 1690 1111 1761 posterum
1144 1699 1216 1742 non
1252 1678 1296 1741 sit
1331 1680 1514 1743 defutura.

227 1783 327 1860 Quae
352 1804 433 1846 suas
464 1806 552 1866 opes
583 1787 714 1867 poterit
739 1808 854 1868 neque
879 1787 1013 1865 melius,
1037 1806 1152 1866 neque
1177 1786 1438 1849 conducibilius
1454 1807 1512 1848 ex·

227 1891 399 1969 pendere,
425 1912 528 1974 quam
554 1893 785 1956 sublevandis
808 1893 888 1973 hiis,
912 1894 971 1975 qui
996 1893 1273 1956 ecclesiasticam
1297 1893 1514 1974 dignitatem

226 1998 394 2059 tuendam
420 2014 654 2080 susceperunt
678 1999 885 2082 synceriter,
911 2020 1059 2080 quorum
1076 2020 1095 2062 e
1113 2020 1270 2080 numero,
1295 2000 1324 2062 si
1341 2000 1420 2081 quis
1446 2012 1514 2079 est,

227 2103 285 2183 qui
310 2105 577 2187 dispendiosum
602 2107 849 2189 compendium
874 2106 993 2185 faciat,
1018 2126 1087 2188 ego
1111 2106 1170 2169 ille
1195 2127 1282 2188 sum,
1306 2106 1365 2188 qui
1382 2109 1450 2170 hac
1476 2107 1512 2170 in

226 2222 329 2290 parte
374 2234 395 2274 a
436 2215 576 2276 nemine
612 2235 718 2297 posse
761 2234 816 2276 me
852 2213 1013 2294 superari
1055 2213 1179 2292 velim,
1216 2216 1308 2276 adeo
1343 2213 1372 2275 si
1413 2215 1514 2295 quod

211 2312 299 2380 ¹iam
331 2330 437 2382 antea
461 2320 574 2383 offitio
598 2321 805 2384 diminutum
840 2331 912 2399 est,
952 2320 1040 2383 alias
1065 2340 1245 2401 exequere
1277 2321 1514 2391 contendam:

229 2426 334 2487 modo
363 2439 495 2508 pergat
518 2426 697 2491 Sanctitas
722 2427 853 2491 Vestra
876 2428 911 2490 in
936 2438 1087 2508 paterno
1112 2448 1175 2489 suo
1200 2445 1289 2507 erga
1304 2447 1359 2489 me
1377 2447 1515 2505 amore,

228 2543 263 2593 et
288 2533 411 2612 offitio,
437 2557 563 2617 meque
577 2558 642 2619 pro
668 2535 908 2599 incolumitate
934 2534 1119 2616 dignitatis
1143 2555 1228 2597 suae
1253 2535 1377 2597 sedulo
1402 2554 1514 2616 agen-

228 2652 298 2702 tem
323 2643 452 2721 omnia,
477 2664 568 2724 quae
593 2647 628 2705 in
653 2642 787 2705 viribus
811 2653 883 2705 tum
909 2642 1055 2704 Consilii
1079 2651 1151 2704 tum
1169 2639 1388 2704 substantiae
1410 2661 1516 2703 meae

228 2748 295 2809 sita
320 2761 411 2828 sunt,
437 2772 505 2813 non
532 2753 683 2814 deserat.
732 2752 776 2813 Et
800 2748 1004 2813 felicissime
1031 2750 1157 2812 valeat.

317 2856 397 2919 Dat.
408 2858 606 2939 lnspruckh
615 2859 672 2922 die
682 2858 770 2921 XX.
782 2856 914 2919 Mensis
924 2856 1006 2938 Julii
1017 2861 1123 2920 Anno
1134 2852 1516 2920 DominiMDXXvw.

765 3071 972 3087 ΜΛΝἊΝἏΛΛΙΨΛἿ

832 3305 897 3370 235

528 3423 688 3504 Clemens
715 3423 793 3503 VIL
822 3356 911 3502 Daci
938 3418 1204 3520 Lotharingiaa

638 3572 725 3643 (Am
743 3570 792 3628 XL
811 3585 893 3643 capsa
911 3568 973 3626 m
991 3567 1025 3626 ll.
1043 3567 1097 3639 49.)

747 3688 801 3757 (23.
820 3690 887 3755 julii
910 3686 996 3754 1525.)

319 3834 551 3898 Gratissimae
588 3833 690 3896 nobis
725 3833 868 3896 fuerunt
903 3828 1109 3893 Nobilitatis
1144 3840 1227 3889 tuae
1263 3826 1387 3889 literae
1423 3847 1516 3908 quas

230 3941 381 4003 dilectus
405 3939 496 4003 filius
523 3938 728 4022 Stephanus
752 3938 923 4002 Rusticus
952 3937 1055 4000 nobis
1079 3936 1216 4013 attulit,
1251 3934 1400 4016 ipseque
1429 3943 1516 4015 apte

231 4059 266 4111 et
281 4050 476 4129 prudenter
492 4051 701 4111 subsecutus
726 4057 780 4110 est
803 4046 940 4109 illarum
965 4055 1135 4121 tenorem,
1153 4052 1320 4122 tuumque
1335 4058 1423 4120 erga
1447 4060 1515 4103 nos

232 4169 267 4219 et
297 4158 389 4218 hanc
426 4153 593 4218 Sanctam
629 4152 759 4217 Sedem
791 4153 944 4216 animum
978 4162 1014 4214 et
1049 4149 1313 4212 observantiam
1344 4160 1514 4228 tuamque

230 4263 401 4345 imprimis
426 4263 460 4324 in
486 4263 618 4342 Deum,
652 4274 687 4324 et
712 4261 779 4324 Dei
803 4260 909 4323 fidem
935 4257 1192 4321 sanctissimam
1216 4256 1385 4337 pietatem
1411 4273 1511 4335 egre·

232 4371 326 4452 giam
352 4369 547 4451 expressit;
581 4389 672 4450 quae
697 4369 825 4446 omnia,
857 4366 922 4429 etsi
955 4364 1058 4428 nobis
1084 4364 1191 4425 multo
1215 4375 1298 4424 ante
1323 4369 1513 4442 perspecta

232 4490 267 4541 et
292 4477 435 4559 cognita
459 4476 617 4553 fuerant,
643 4485 760 4536 tamen
786 4476 851 4536 hac
876 4472 1011 4536 recenti
1035 4469 1184 4534 victoria
1208 4489 1313 4550 quam
1337 4468 1512 4529 adversus

234 4587 516 4647 Lutheranorum
542 4603 681 4644 manum
706 4581 824 4643 omnia
847 4582 1001 4644 humana
1035 4590 1070 4642 et
1101 4577 1223 4640 divina
1256 4575 1332 4636 iura
1364 4572 1512 4637 confun-

233 4694 386 4770 dentem,
412 4690 534 4753 divina
558 4688 745 4751 assistente
779 4687 895 4769 gratia
929 4685 1161 4768 comparasti,
1196 4683 1372 4745 illustrata
1402 4680 1513 4743 fuisse

234 4801 337 4863 nobis
367 4797 654 4863 iucundissimum
683 4794 829 4874 accidit,
859 4793 992 4875 tibique
1023 4802 1216 4876 propterea
1247 4799 1283 4852 et
1312 4786 1513 4850 fortissimis
