3330 5580
626 485 872 542 &5255134

106 632 169 696 ille
194 631 351 715 peccatis
375 632 503 695 nostris
520 635 565 694 ad
581 633 799 696 iracundiam
823 644 1048 715 provocatus
1074 632 1221 714 exigere
1246 654 1391 714 poenas,

106 761 243 821 suaque
267 741 459 803 severitate
483 761 547 821 per
571 741 710 803 ltaliam
735 742 863 804 acriter
888 752 923 802 et
948 740 1099 802 Galliam
1125 750 1161 802 et
1183 740 1392 822 Hispaniam

106 848 313 926 excanduit,
338 868 429 929 quae
454 848 659 929 provinciae
684 850 791 928 bello,
815 848 924 927 fame,
958 847 1162 927 pestilentia
1187 847 1391 928 aliquandiu

107 967 262 1017 vexatae
299 965 334 1016 et
369 956 562 1035 populatae
598 955 754 1025 fuerunt:
800 954 1023 1017 Germaniam
1068 973 1153 1015 vero
1189 955 1391 1016 haereticae

106 1060 277 1142 pravitati
305 1061 467 1142 permisit
495 1062 732 1125 lacerandam.
796 1060 866 1124 Sed
898 1082 975 1123 cum
1001 1081 1177 1141 nunquam
1204 1061 1377 1123 oblivisce

106 1180 166 1230 tur
198 1167 482 1245 misericordiae,
522 1187 599 1228 cum
634 1169 767 1230 habeat
800 1188 941 1248 semper
983 1170 1099 1229 oleum
1132 1168 1276 1248 pietatis
1307 1189 1392 1230 suae

107 1286 273 1357 paratum
298 1275 345 1334 ad
369 1273 577 1335 medicinam
604 1275 714 1335 nostri
738 1275 905 1354 vulneriS,
929 1276 1144 1354 praevidens
1159 1275 1294 1336 heresis
1315 1295 1391 1355 per·

107 1382 235 1445 niciem
261 1401 369 1462 supra
393 1380 510 1441 omnia
534 1383 627 1442 mala
651 1402 729 1442 esse
754 1381 975 1461 graviorem,
1009 1382 1132 1443 habuit
1166 1392 1309 1461 gentem
1340 1405 1387 1444 se-

107 1492 253 1567 lectam,
294 1489 463 1568 populum
493 1487 714 1568 precipuum,
747 1489 957 1550 catholicam
991 1490 1190 1567 nationem,
1228 1489 1391 1551 civitates

107 1598 203 1658 bene
228 1606 392 1672 moratae,
418 1593 586 1674 egregios
612 1596 729 1670 duceS,
754 1594 965 1657 fortissimos
990 1596 1182 1676 exercituS,
1216 1615 1304 1676 quos
1330 1594 1399 1658 Sa·¹

106 1705 238 1765 thanae
265 1701 404 1763 nimium
440 1700 612 1763 saevienti
645 1712 680 1764 et
717 1701 790 1764 eius
826 1701 941 1783 impiis
978 1701 1144 1764 ministris
1180 1716 1389 1782 opponeret.

108 1809 215 1890 Quod
239 1808 405 1870 iudicium
433 1807 500 1870 Dei
525 1808 777 1890 omnipotentis
807 1809 939 1871 iactum
966 1829 1052 1890 erga
1076 1829 1141 1871 vos
1165 1820 1390 1890 vestramque

107 1927 301 1999 propterea
325 1916 474 1996 gloriam
500 1925 534 1977 et
559 1916 702 1996 pietatis
736 1919 875 1978 laudem
906 1917 1008 1978 vobis
1040 1928 1073 1978 et
1107 1916 1171 1977 toti
1205 1916 1318 1979 sederi
1349 1938 1389 1978 ac

107 2023 328 2106 colligationi
360 2034 501 2084 vestrae
538 2043 582 2085 ex
613 2031 688 2084 toto
723 2027 830 2085 corde
864 2034 985 2085 nostro
1020 2039 1055 2084 et
1086 2045 1130 2085 ex
1168 2035 1242 2086 tota
1275 2024 1390 2086 anima

106 2132 341 2213 gratulamur,
374 2129 424 2190 ita
447 2129 564 2191 animo
589 2130 705 2210 parati
731 2149 818 2211 erga
842 2150 919 2208 vos,
944 2131 993 2191 ita
1018 2151 1137 2192 amore
1163 2131 1316 2209 incitati,
1352 2144 1389 2193 ut

107 2238 193 2301 nihil
218 2238 263 2300 sit
287 2226 382 2318 quod
405 2236 509 2298 vobis
534 2238 666 2298 debere
691 2257 755 2299 nos
781 2257 850 2298 non
876 2238 1064 2306 fateamur:
1098 2237 1126 2298 si
1159 2239 1250 2300 cnim
1276 2260 1388 2300 sacer-

108 2345 238 2407 dotalis
262 2343 418 2425 dignitas
442 2342 545 2404 nobis
570 2342 669 2404 cordi
694 2355 744 2405 est
771 2342 871 2404 sicuti
904 2363 981 2405 esse
1006 2346 1124 2423 debet,
1155 2357 1193 2406 ut
1224 2367 1315 2426 quae
1345 2349 1389 2407 ad

108 2454 310 2533 exemplum
336 2449 541 2513 coelestium
559 2451 721 2512 ordinum
737 2451 897 2512 instituta
912 2469 1101 2512 maximum
1127 2451 1231 2514 affert
1249 2466 1284 2515 et
1299 2474 1386 2515 com-

107 2561 204 2624 muni
228 2559 322 2621 vitae
355 2567 599 2620 ornamentum
633 2568 667 2619 et
696 2558 740 2619 ad
772 2557 885 2619 Deum
916 2560 1102 2620 colendum
1136 2563 1388 2623 venerandum-

107 2688 177 2750 que
201 2667 457 2744 adiumentum,
488 2686 530 2726 ea
554 2684 618 2745 per
643 2684 706 2726 vos
731 2685 800 2726 non
826 2667 937 2726 solum
963 2665 1113 2728 defensa
1137 2688 1258 2729 verum
1285 2669 1388 2730 etiam

108 2775 269 2838 restituta
294 2784 365 2844 est;
391 2772 419 2834 si
450 2771 645 2833 animarum
678 2771 801 2833 salutis
824 2773 1055 2852 praecipuam
1080 2793 1198 2835 curam
1224 2776 1388 2854 gerimus,

109 2881 218 2943 veluti
242 2901 330 2961 quas
353 2880 437 2941 boni
462 2899 559 2940 more
584 2878 737 2958 pastoris
763 2879 866 2940 etiam
892 2880 1064 2959 sanguine
1082 2895 1116 2942 et
1135 2882 1261 2962 capitis
1277 2883 1389 2944 nostri

109 2989 266 3070 periculo
291 2986 397 3048 tutari
423 2987 594 3048 debemus
620 3005 684 3064 per
708 2997 863 3047 vestram
888 2985 1053 3047 virtutem
1079 3000 1203 3067 erepta
1218 2999 1254 3050 et
1269 2992 1390 3051 ablata

109 3107 162 3157 est
184 3094 301 3176 impiis
325 3104 484 3173 potestas
502 3093 579 3153 illas
595 3092 790 3172 populandi
809 3104 843 3152 et
861 3092 1064 3154 dilaniandi.
1091 3091 1129 3154 Si
1148 3094 1225 3173 Dei,
1242 3096 1314 3156 vita
1331 3099 1387 3157 ho·

110 3223 228 3265 norem
243 3212 364 3264 nostra
377 3211 537 3262 tenemur
550 3201 683 3261 habere
697 3199 879 3276 cariorem,
893 3199 1107 3280 periclitanti
1121 3200 1170 3261 illi
1185 3212 1220 3263 et
1233 3222 1253 3263 a
1267 3201 1387 3264 furore

109 3309 265 3371 heretico
290 3309 498 3389 perturbato
524 3317 643 3367 vestra
667 3305 832 3367 subvenit
856 3305 972 3386 pietas
997 3317 1031 3366 et
1055 3306 1236 3387 fortitudo,
1262 3320 1299 3370 ut
1319 3331 1385 3371 om-

110 3417 208 3479 nibus
233 3415 349 3478 causis
373 3426 493 3477 noster
518 3414 703 3476 devinctus
728 3434 826 3474 amor
851 3414 896 3475 ad
920 3434 1088 3475 summam
1113 3414 1389 3479 benivolentiam

111 3535 144 3586 ct
172 3525 217 3585 ad
251 3543 390 3584 omnem
435 3520 536 3583 vobis
575 3519 724 3599 gratiam
763 3520 964 3581 habendam
1003 3533 1177 3601 perpetuo
1216 3531 1388 3586 tencatur.

110 3628 346 3711 Quamobrem
371 3629 473 3689 vobis
497 3627 714 3689 affirmamus
739 3647 916 3707 nunquam
942 3647 1005 3688 nos
1030 3627 1133 3688 huius
1165 3628 1274 3689 vestri
1305 3630 1388 3691 facti

110 3738 227 3800 eximii
252 3748 359 3816 atque
384 3735 591 3797 immortalis
616 3733 818 3795 memoriam
844 3734 1085 3815 deposituros.
1120 3755 1297 3815 nunquam
1333 3758 1387 3799 ve-

109 3858 214 3907 stram
245 3844 384 3905 laudem
415 3853 450 3903 et
485 3841 650 3902 virtutem
687 3841 870 3911 tacituros;
908 3842 1002 3922 quod
1035 3841 1063 3903 si
1099 3842 1182 3922 quid
1216 3846 1260 3905 ad
1294 3845 1388 3907 illam

109 3950 219 4032 ipsam
246 3950 409 4012 virtutem
434 3959 588 4010 vostram
614 3951 807 4010 ornandam
833 3959 940 4028 atque
966 3948 1210 4012 illustrandam
1231 3951 1305 4013 fieri
1324 3973 1388 4032 per

110 4079 172 4122 nos
197 4070 327 4141 potest,
353 4057 380 4118 si
406 4057 489 4137 quid
515 4056 619 4119 Sedis
645 4054 799 4118 Sanctae
824 4055 1057 4136 Apostolicae
1082 4076 1210 4119 nomen
1235 4059 1387 4120 studium

110 4165 299 4228 auctoritas
323 4167 367 4226 ad
393 4165 601 4240 dignitatem
634 4174 668 4225 et
700 4163 920 4224 commodum
953 4171 1108 4224 vestrum
1142 4163 1305 4227 conferre
1335 4177 1388 4227 est

109 4282 202 4356 apta,
245 4274 406 4334 volumus
444 4293 507 4332 vos
549 4269 752 4332 existimare
791 4289 928 4330 omnem
965 4281 1120 4331 nostram
1158 4272 1388 4351 voluntatem,

110 4400 247 4443 omnem
272 4377 529 4458 benignitatem
554 4376 655 4437 vobis
680 4375 756 4436 fore
782 4395 922 4455 semper
948 4385 983 4436 et
1006 4376 1200 4437 honoribus
1233 4377 1385 4439 utilitati·

110 4490 244 4569 busque
271 4486 398 4547 vestris
423 4494 622 4565 promptam
655 4493 689 4544 et
720 4491 897 4563 paratam;
938 4483 1148 4543 devotiones
1181 4494 1318 4545 vestras
1352 4485 1384 4545 in

111 4595 251 4657 domino
276 4595 476 4669 hortantes,
502 4601 540 4651 ut
564 4609 655 4670 quae
679 4591 772 4650 bene
796 4610 816 4649 a
841 4589 943 4649 vobis
968 4600 1073 4669 cepta
1097 4599 1178 4649 sunt
1202 4591 1246 4650 ad
1272 4601 1385 4652 extre·

111 4723 200 4764 mum
227 4702 404 4761 deducere
430 4710 464 4759 et
488 4696 627 4758 firmare
653 4695 838 4763 studeatis,
864 4695 1206 4775 prestantissimique
1231 4697 1385 4759 omnium

111 4830 199 4892 quae
225 4808 341 4869 multis
365 4805 432 4866 iam
458 4804 586 4865 seculis
610 4814 713 4884 gesta
737 4814 817 4863 sunt
837 4801 933 4877 fatti,
958 4804 1156 4864 absolutam
1179 4803 1385 4882 perfectam·
