3344 5564
795 792 858 858 185

624 917 836 1021 campagos
865 917 1037 1002 Sadoleto.

595 1065 766 1135 (Nuntiat
785 1065 936 1126 German.
963 1066 994 1126 τι
1018 1069 1068 1136 δι)

699 1183 737 1253 (5.
756 1188 866 1251 Januar.
889 1184 976 1255 1525.)

345 1309 478 1382 Rever.
503 1319 583 1380 Dne
608 1317 658 1381 uti
682 1318 794 1382 frater
817 1321 899 1385 hon.
924 1317 961 1383 S.

282 1439 388 1523 Dopo
419 1443 455 1504 la
477 1442 602 1525 gionta
633 1442 702 1506 mia
734 1443 793 1526 qui
826 1444 945 1508 scrissi
977 1446 1037 1508 alli
1061 1446 1239 1512 XXVIII.
1271 1460 1404 1529 quanto
1428 1449 1475 1512 mi
1507 1505 1514 1524 ,

193 1568 404 1628 occorreva,
435 1559 471 1613 et
494 1571 559 1633 per
583 1571 652 1614 non
685 1553 817 1616 havere
842 1555 956 1616 ancho
981 1564 1128 1635 possuto
1159 1553 1237 1618 fare
1267 1565 1416 1619 mettere
1442 1557 1475 1618 le

194 1664 298 1737 poste
331 1677 353 1718 a
376 1655 491 1738 questi
515 1657 592 1738 qui,
628 1678 693 1740 per
726 1680 842 1722 messo
865 1660 1012 1741 proprio
1038 1660 1179 1723 mandai
1211 1662 1245 1724 le
1270 1663 1375 1726 lettre
1405 1663 1476 1725 alla

194 1773 299 1845 posta
323 1762 358 1826 in
383 1762 525 1827 Vienna
549 1774 585 1827 et
614 1766 660 1829 de
685 1765 708 1827 li
733 1765 849 1829 subito
882 1765 986 1830 furon
1011 1767 1195 1849 expedite,
1232 1778 1267 1831 et
1289 1769 1476 1850 pensando

196 1872 261 1933 che
286 1890 439 1933 saranno
469 1873 538 1934 ben
562 1872 719 1954 capitato
744 1894 813 1936 non
845 1874 1021 1955 replicato
1046 1877 1270 1955 altramente‚
1306 1877 1394 1939 hora
1417 1877 1475 1938 ha·

196 1978 314 2041 vendo
339 1977 550 2041 commodita
575 1978 611 2040 di
626 2000 672 2041 un
689 1999 827 2061 spazzo,
853 1981 918 2042 che
943 1979 980 2043 fa
1004 1981 1024 2043 l'
1042 1990 1184 2045 oratore
1198 1993 1328 2045 veneto
1346 1981 1378 2044 in
1401 1982 1475 2044 dili-

198 2083 337 2166 gentia,
368 2105 433 2167 per
457 2095 582 2166 questa
606 2086 664 2149 via
695 2088 853 2153 anchora
877 2089 923 2150 ho
948 2089 1070 2151 voluto
1094 2088 1249 2151 scrivere
1274 2098 1406 2169 quanto
1431 2088 1477 2150 mi

199 2210 355 2254 occorre.

286 2315 356 2378 Doi
380 2315 498 2398 giorni
528 2337 616 2380 sono
642 2320 708 2381 che
731 2317 915 2401 capitaron
948 2318 1007 2400 qui
1031 2319 1090 2382 doi
1114 2319 1246 2383 oratori
1276 2320 1335 2383 del
1358 2320 1475 2382 Reve-

200 2421 407 2485 rendissimo
432 2433 467 2485 et
490 2423 731 2486 Illustrissimo
756 2424 946 2488 Cardinale
970 2425 1181 2506 Maguntino
1204 2426 1340 2489 Messer
1364 2425 1476 2488 Wolf-

202 2528 309 2612 fango
334 2549 379 2592 ex
404 2530 604 2594 Batonibus
629 2532 673 2594 de
698 2520 932 2595 Schonburch
956 2534 1144 2614 glaucham
1173 2543 1208 2595 et
1232 2533 1478 2615 Valdenburg,

202 2646 234 2699 et
264 2637 403 2700 Messer
432 2637 558 2700 Livino
589 2639 633 2701 de
658 2639 825 2702 Velthem
855 2641 980 2702 doctor
1011 2659 1083 2703 ecc.
1114 2639 1298 2722 preposito
1328 2639 1476 2703 hildese-

202 2763 320 2807 mense
352 2763 420 2806 con
444 2747 548 2808 lettre
573 2745 781 2809 credentiali
814 2746 849 2808 di
874 2745 947 2809 Sua
971 2743 1139 2828 Signoria
1162 2746 1479 2809 Reverendissima

203 2858 293 2912 sotto
317 2850 351 2912 le
376 2850 471 2931 quali
496 2851 542 2914 mi
565 2853 684 2914 hanno
709 2853 793 2915 dato
818 2853 852 2915 la
877 2854 953 2916 loro
978 2852 1219 2933 instructione,
1247 2855 1291 2914 de
1316 2855 1351 2915 la
1374 2854 1479 2934 quale

203 2976 244 3019 ne
268 2957 398 3019 mando
423 2958 526 3040 copia
550 2959 696 3022 insieme
721 2980 787 3022 con
811 2961 846 3022 la
870 2969 953 3023 nota
986 2961 1030 3022 de
1054 2963 1088 3022 lo
1114 2959 1209 3021 aiuto
1234 2959 1324 3021 ch’e
1351 2958 1478 3021 offerto

204 3061 312 3126 aSua
327 3061 492 3145 Signoria
507 3065 822 3130 Reverendissima
847 3067 893 3129 da
916 3065 1033 3129 alcuni
1050 3065 1215 3146 Principi,
1241 3076 1276 3127 et
1295 3066 1340 3128 mi
1361 3067 1479 3128 hanno

205 3168 367 3234 richiesto
401 3172 436 3234 di
462 3173 635 3255 consigli0
668 3182 704 3236 et
738 3173 773 3235 di
798 3174 893 3236 aiuto
928 3194 1101 3256 appresso
1126 3194 1147 3235 a
1171 3173 1301 3235 Nostro
1327 3170 1480 3254 Signore

205 3278 403 3343 iacendomi
438 3278 606 3343 instantia
647 3280 726 3342 chio
760 3279 876 3343 seriva
912 3301 933 3343 a
966 3277 1039 3343 Sua
1073 3278 1211 3343 Santita
1247 3288 1380 3360 quanto
1413 3299 1478 3342 con

206 3398 328 3469 questa
360 3386 410 3468 gli
435 3386 523 3450 diro.
570 3387 622 3450 La
645 3386 799 3469 risposta
824 3386 892 3449 mia
925 3387 1060 3449 &stata
1091 3385 1128 3450 in
1152 3385 1298 3449 laudare
1332 3403 1479 3447 summa·

206 3505 319 3559 mente
350 3490 423 3556 Sua
457 3490 625 3576 Signoria
647 3492 965 3556 Reverendissima
998 3495 1042 3556 de
1075 3493 1110 3555 la
1142 3495 1263 3554 buona
1295 3501 1412 3555 mente
1445 3501 1481 3556 et

206 3602 319 3665 animo
342 3603 407 3664 che
431 3600 527 3664 tiene
550 3599 586 3662 di
612 3600 791 3683 extirpare
815 3601 850 3663 la
874 3610 972 3662 secta
996 3601 1192 3676 lutherana,
1218 3598 1482 3662 inanimandola

207 3709 485 3792 maggiormente
509 3729 530 3771 a
554 3717 680 3789 questo
705 3707 846 3787 effetto,
881 3707 1013 3789 perche
1038 3707 1074 3768 di
1098 3726 1161 3769 soa
1185 3715 1311 3768 natura
1334 3706 1481 3767 intendo

208 3819 268 3881 che
300 3817 318 3880 ὲ
344 3817 453 3880 molto
483 3814 607 3878 timido
639 3824 674 3877 et
703 3814 726 3876 Ii
750 3815 802 3877 soi
826 3813 1030 3896 consiglieri
1062 3814 1128 3876 che
1158 3833 1224 3894 per
1254 3813 1290 3874 la
1319 3810 1484 3892 maggior

207 3933 306 4004 parte
329 3941 419 3986 sono
442 3921 619 3985 lutherani
643 3922 787 3985 aiutano
812 3923 847 3984 la
870 3941 934 3984 soa
957 3919 1106 3982 timiditi
1130 3918 1322 4001 ponendoli
1343 3937 1482 3998 sempre

208 4027 315 4094 Inanti
340 4030 389 4112 gli
414 4029 514 4092 occhi
538 4029 636 4092 molti
660 4029 819 4111 pericoli.
866 4027 912 4090 Et
932 4037 1065 4109 quanto
1090 4029 1160 4089 allo
1177 4027 1273 4089 aiuto
1298 4028 1364 4088 che
1379 4024 1482 4088 ricer-

209 4138 319 4200 chano
344 4137 390 4198 da
405 4128 536 4199 Nostro
552 4133 706 4217 Signore
731 4138 799 4197 due
824 4154 906 4197 cose
927 4134 1067 4212 dicono,
1091 4134 1113 4195 l'
1131 4153 1201 4195 una
1225 4134 1290 4194 che
1307 4130 1381 4194 Sua
1398 4129 1483 4193 San-

206 4243 267 4307 tita
301 4242 423 4324 voglia
446 4241 602 4305 scrivere
636 4243 681 4304 ad
710 4240 827 4305 alcuni
850 4240 1001 4322 principi
1034 4240 1134 4303 iuxta
1158 4242 1191 4301 la
1225 4238 1484 4319 informatione,

209 4352 271 4415 che
295 4349 377 4415 sara
401 4368 467 4412 con
493 4359 629 4431 questa,
653 4349 829 4411 toccando
853 4349 988 4411 anchor
1011 4367 1082 4410 una
1105 4348 1239 4429 parole,
1265 4347 1330 4407 che
1347 4345 1483 4408 bench&

209 4458 273 4521 tral
296 4457 408 4539 vulgo
432 4455 461 4519 si
485 4456 566 4518 dica
589 4457 655 4518 che
679 4456 713 4517 la
737 4453 892 4517 factione
916 4454 1102 4516 lutherana
1123 4455 1170 4515 ha
1190 4453 1323 4513 havuto
1347 4450 1485 4531 origine

208 4564 241 4629 in
264 4562 445 4644 Saxonia,
482 4563 603 4627 niente
634 4562 671 4624 di
693 4582 796 4625 meno
821 4559 893 4624 Sua
916 4557 1055 4623 Santita
1085 4580 1125 4622 sa
1148 4557 1246 4621 molti
1274 4557 1310 4619 di
1333 4558 1410 4620 loro
1436 4577 1485 4620 es·

209 4692 311 4736 serne
334 4669 452 4750 alieni,
476 4669 573 4732 utin
598 4668 847 4732 informatione
872 4688 944 4730 ecc.
991 4668 1113 4729 Laltra
1137 4667 1154 4728 ὲ
1180 4667 1246 4728 che
1263 4662 1486 4746 designando

209 4781 242 4843 el
268 4777 412 4865 prefato
436 4775 753 4841 Reverendissimo
778 4775 988 4858 Maguntino
1025 4773 1060 4835 di
1085 4772 1160 4836 fare
1185 4771 1339 4856 impresa
1362 4780 1487 4836 contra
