3330 5580
703 455 853 509 043499
892 447 950 504 ΕΉ

186 604 438 670 miserabiliter
460 601 644 684 perierunt
678 608 739 662 aut
772 598 938 661 membris
967 595 1127 678 corporis
1151 596 1206 659 sui
1230 596 1347 658 statim
1372 596 1466 679 capti

189 727 287 785 sunt:
324 731 390 774 nec
423 720 540 772 tamen
571 706 724 770 indurati
757 707 881 768 melius
909 704 1052 784 sapiunt
1082 704 1117 765 in
1147 724 1265 766 casum
1297 704 1467 766 eiusmodi

191 819 308 882 omnia
332 827 457 882 contra
481 837 543 878 eos
567 814 663 877 facta
687 814 895 876 referentes.

280 943 405 1004 nudae
431 941 517 1002 unu
541 914 726 1001 Februarii
752 936 953 999 Mrnxxv.

798 1347 871 1411 193.

542 1465 657 1565 ldpise.
687 1463 919 1543 Tridentinus
947 1462 1127 1543 Clementi.

650 1611 749 1685 (mnu
774 1610 864 1669 nuno.
888 1610 939 1668 m.
968 1610 1024 1681 re.)

659 1734 661 1739 ⁴
686 1731 723 1796 (q.
746 1731 880 1780 Februarii
903 1729 989 1793 1525.l

287 1857 497 1920 Beatissime
521 1857 640 1936 Pater,
665 1856 805 1918 domine
831 1855 971 1919 domine
996 1856 1261 1943 colendissime;
1291 1869 1373 1940 post
1395 1861 1479 1922 bea·

200 1975 314 2028 torum
338 1964 468 2045 pedum
498 1963 620 2027 oscula
643 1961 870 2025 humillimam
894 1962 1075 2026 servitutis
1100 1984 1177 2027 mee
1202 1963 1418 2027 oblationem
1444 1974 1480 2027 et

202 2073 367 2135 devotam
392 2068 743 2134 commendationem.
793 2069 936 2134 Missum
961 2069 1029 2132 fuit
1057 2071 1102 2133 ad
1126 2091 1181 2133 me
1206 2091 1252 2133 ex
1274 2071 1481 2153 Innsprukg

202 2187 320 2242 vestre
351 2177 581 2241 beatitudinis
611 2180 721 2239 breve
754 2196 820 2258 per
844 2176 1074 2242 camerarium
1107 2177 1263 2240 eiusdem
1288 2179 1331 2241 D.
1356 2178 1481 2242 Hiero·

203 2306 346 2370 nymum
360 2283 568 2358 Rorarium;
592 2286 660 2347 hoc
683 2296 799 2346 autem
818 2286 923 2366 plane
938 2283 1021 2346 mihi
1047 2285 1247 2348 declaratur
1264 2287 1359 2367 quod
1376 2297 1482 2348 antea

205 2406 321 2457 tamen
343 2394 568 2474 exploratum
582 2393 770 2471 habebam,
794 2390 839 2454 V.
856 2390 927 2453 §¹⁰⁰¹
953 2391 1086 2472 optima
1101 2412 1241 2474 queque
1258 2395 1483 2475 perpendere

206 2511 240 2564 et
272 2502 317 2562 ad
351 2520 480 2562 novam
512 2497 783 2562 conventionem
817 2519 894 2560 curn
920 2497 1218 2562 Christianissimo
1250 2521 1338 2583 rege
1371 2501 1485 2581 magis

207 2629 251 2672 ex
288 2590 486 2689 temporum
521 2605 783 2669 conditionibus
822 2604 931 2667 fuisse
967 2609 1184 2688 compulsam
1227 2628 1332 2689 quarn
1368 2608 1484 2671 studio

209 2715 432 2779 diminuende
457 2712 715 2776 coniunctionis
749 2723 784 2775 et
808 2712 961 2775 amicitie
985 2733 1064 2774 cum
1088 2712 1164 2778 Ces.
1190 2713 1379 2796 Majestate
1403 2714 1485 2777 inci-

208 2832 326 2885 tatam.
374 2822 414 2883 Id
439 2821 545 2902 quod,
569 2818 659 2881 sicut
682 2819 717 2881 in
744 2840 799 2881 me
823 2819 1157 2882 indubitatissimum
1178 2821 1254 2901 fuit,
1279 2820 1330 2884 sic
1346 2843 1486 2904 semper

210 2928 328 2993 curavi
353 2948 419 3010 pro
443 2947 522 2990 meo
547 2947 633 3008 erga
659 2927 789 2988 Sedem
808 2927 1052 3008 Apostolicam
1077 2927 1199 2989 debito
1225 2939 1260 2990 et
1284 2949 1372 3010 erga
1390 2929 1432 2992 V.
1450 2930 1486 2993 S.

211 3036 380 3098 servitute
405 3044 442 3095 ut
467 3034 629 3095 omnibus
654 3054 723 3095 non
749 3054 851 3095 secus
876 3044 982 3115 atque
1004 3035 1086 3095 mihi
1103 3045 1294 3100 constaret.
1332 3037 1488 3099 Tametsi

211 3165 252 3206 ea
284 3152 339 3206 est
373 3138 641 3221 malignantium
674 3140 861 3202 multitudo
894 3160 959 3222 per
983 3140 1209 3204 Germaniam
1243 3152 1281 3204 ut
1313 3147 1371 3206 vel
1405 3145 1488 3206 odio

212 3248 376 3314 concitati
396 3258 520 3312 contra
536 3247 650 3328 ipsam
675 3258 709 3309 et
729 3247 914 3309 universos
928 3248 1084 3329 reliquos
1100 3248 1290 3312 christiane
1308 3250 1491 3332 religionis

213 3359 432 3435 sacerdoteS,
465 3354 549 3417 nihil
575 3354 618 3415 sit
644 3355 738 3435 quod
764 3374 833 3416 non
860 3357 1035 3417 morsibus
1059 3356 1130 3418 suis
1154 3359 1310 3418 audeant
1334 3357 1490 3438 inficere,

213 3465 328 3530 omnia
349 3464 385 3526 in
411 3461 567 3526 deterius
590 3463 788 3534 trahentes;
814 3471 849 3523 et
874 3463 964 3525 adeo
989 3463 1121 3544 passim
1145 3463 1274 3544 serpsit
1303 3465 1371 3526 hoc
1397 3466 1489 3527 male

214 3584 247 3637 et
269 3570 424 3636 faciendi
450 3580 485 3632 et
510 3568 649 3631 dicendi
675 3567 801 3630 vicium
828 3571 872 3631 de
895 3569 938 3633 V.
964 3570 1004 3635 B.
1030 3572 1144 3650 deque
1169 3569 1297 3633 ceteris
1320 3573 1364 3633 ad
1390 3591 1492 3633 sacra

214 3680 374 3761 initiatis,
410 3689 448 3741 ut
471 3676 679 3739 incredibile
711 3677 756 3739 sit
779 3680 895 3759 qualia
921 3680 1157 3760 undequaque
1189 3678 1492 3743 circumferantur.

216 3788 291 3871 Ego
316 3807 402 3849 vero
433 3785 525 3848 inter
549 3787 616 3847 hoc
641 3783 793 3846 maxime
819 3805 985 3866 cuperem
1017 3807 1073 3847 me
1098 3807 1177 3849 eum
1201 3798 1362 3868 prestare
1386 3807 1492 3869 posse

216 3895 273 3976 qui
292 3895 337 3956 ad
355 3894 512 3955 eruenda
527 3891 722 3954 istiusmodi
738 3890 948 3970 sufficerem,
973 3893 1057 3954 nulli
1075 3894 1188 3956 labori
1209 3895 1292 3957 nulli
1310 3892 1493 3977 vigilantie

217 4021 400 4082 parcerem
424 4018 637 4082 quamquam
662 4019 727 4079 pro
750 3997 884 4061 viribus
905 4001 1049 4061 daturus
1074 4021 1149 4062 sum
1171 4020 1316 4082 operam
1343 4014 1379 4062 ut
1399 4003 1492 4082 quod

219 4130 239 4170 a
268 4107 498 4171 devotissimo
523 4104 628 4168 Sedis
653 4105 861 4186 Apostolice
892 4107 1067 4188 mancipio
1098 4107 1293 4170 desiderari
1318 4119 1436 4189 potest
1459 4109 1494 4169 id

219 4215 252 4278 in
276 4235 331 4277 me
364 4213 468 4276 liceat
493 4233 707 4295 agnoscere,
744 4224 778 4274 et
803 4213 857 4274 his
881 4233 936 4276 me
960 4213 1007 4274 V‘
1034 4214 1089 4274 Βυἱ
1117 4228 1152 4275 et
1177 4214 1371 4277 Ecclesiam
1396 4235 1493 4277 suam

220 4321 375 4385 Trident.
398 4320 590 4385 humillime
616 4321 835 4382 commende.

306 4429 362 4491 Ex
386 4428 556 4491 Tridento
581 4427 685 4490 Nona
709 4427 893 4489 Februarii
917 4427 1116 4490 MDXXV.

433 4552 472 4618 E,
498 4552 541 4615 V.
567 4551 603 4618 S.

1073 4647 1230 4696 llumillima
1249 4646 1374 4692 Creatnra

1012 4736 1196 4801 Episcopus
1221 4737 1444 4790 Tridentinus.
