3330 5580
702 479 948 535 ‘>·<{31ll4[>⁴³

186 627 316 689 Cesare
341 647 418 687 cum
443 628 534 687 altra
557 625 748 707 petitione,
779 629 844 689 che
870 648 939 689 non
964 630 1079 690 havea
1102 626 1192 689 fatto
1218 629 1251 690 el
1277 624 1311 689 dl
1338 627 1473 705 avanti,

186 735 244 796 nel
275 735 380 814 quale
412 732 432 794 l'
454 734 569 794 havea
594 732 771 794 rechiesto
803 733 1021 814 inscriptis,
1058 736 1122 796 che
1154 733 1215 815 poi
1244 734 1309 796 che
1335 735 1475 798 Luther

186 842 302 902 havea
326 838 622 902 obstinatamente
648 849 780 921 negato
813 840 868 901 far
893 842 927 902 la
951 841 1194 919 revocatione,
1231 840 1305 905 Sua
1330 842 1474 906 Maesta

187 951 301 1010 devea
331 948 556 1009 remandarlo
587 945 622 1008 vi
647 948 735 1008 salvi
760 947 955 1010 conductus
987 958 1022 1010 et
1045 951 1223 1029 procedet
1252 949 1314 1031 poi
1346 959 1475 1013 contra

187 1076 394 1137 personam,
431 1063 465 1115 et
497 1053 530 1115 in
556 1053 716 1135 presenti
747 1065 870 1116 contra
895 1055 1022 1133 libros,
1060 1065 1095 1118 et
1123 1065 1249 1136 questo
1280 1056 1475 1121 rechiedea

187 1163 328 1225 nomine
360 1170 511 1243 quatuor
536 1162 745 1224 electorum:
778 1162 910 1224 Verum
944 1162 1003 1225 ille
1028 1162 1121 1224 idem
1153 1163 1262 1244 dopoi
1287 1163 1474 1244 publicata

188 1278 313 1350 questa
346 1269 508 1345 scedula,
539 1288 655 1330 venne
680 1289 701 1329 a
726 1267 874 1345 Cesare,
905 1270 1056 1330 essendo
1081 1270 1140 1333 noi
1164 1271 1341 1351 presenti,
1378 1272 1475 1334 dove

189 1378 408 1460 expettando
434 1374 579 1437 insieme
604 1396 670 1437 con
696 1375 755 1437 noi
780 1375 860 1437 altri
884 1376 996 1438 haver
1020 1377 1212 1452 audientia,
1237 1376 1269 1439 ci
1294 1376 1390 1441 disse
1406 1380 1474 1441 che

189 1488 309 1547 buono
340 1486 493 1546 sarebbe
525 1485 657 1546 vedere
690 1484 734 1544 de
759 1482 961 1563 interrogar
984 1482 1139 1545 Martino
1171 1483 1228 1545 un’
1242 1486 1333 1547 altra
1362 1487 1475 1567 volta,

190 1602 225 1654 et
251 1590 470 1653 examinarlo
504 1611 569 1672 per
593 1590 709 1652 alcuni
735 1589 877 1651 Dottori
909 1590 944 1651 in
969 1589 1149 1670 presentia
1173 1591 1208 1651 di
1233 1591 1350 1653 alcuni
1375 1592 1476 1655 Prin·

190 1698 259 1779 cipi
284 1718 349 1779 per
374 1719 476 1759 nome
501 1696 536 1758 di
561 1706 651 1759 tutto
676 1697 710 1757 lo
735 1696 906 1777 Imperi0,
931 1704 967 1758 et
991 1699 1056 1758 che
1081 1709 1208 1778 questo
1234 1718 1295 1760 era
1318 1719 1429 1780 parso
1454 1721 1476 1762 a

190 1806 269 1867 tutti
302 1806 325 1867 li
350 1805 516 1884 Elettori,
552 1804 646 1885 quod
671 1803 777 1865 facile
803 1804 928 1884 ered0,
966 1805 1096 1885 perche
1131 1803 1154 1864 li
1179 1803 1237 1865 doi
1262 1825 1284 1866 a
1309 1806 1368 1867 noi
1392 1827 1474 1870 con·

190 1913 289 1974 trarii
314 1933 383 1974 non
409 1912 621 1974 desiderano
646 1934 683 1973 se
708 1932 779 1974 non
805 1911 970 1990 dilation‚
996 1921 1031 1973 et
1055 1911 1253 1990 turbation,
1283 1919 1319 1973 et
1343 1912 1368 1973 11
1391 1913 1475 1974 61111

192 2042 261 2083 11011
287 2020 436 2082 faceano
462 2019 680 2097 resistentia,
716 2020 847 2099 perche
873 2020 991 2099 quello
1016 2020 1081 2080 che
1116 2019 1194 2080 ddi
1217 2018 1278 2100 piu
1304 2019 1476 2082 auttorita

191 2148 255 2208 per
287 2147 399 2208 paura
433 2127 704 2188 condescendea
735 2147 755 2187 a
780 2134 915 2206 quest0.
963 2125 1031 2187 Noi
1066 2125 1370 2206 respondessimo,
1407 2129 1475 2188 che

192 2255 255 2318 per
280 2234 377 2296 molti
403 2233 481 2315 capi
507 2234 543 2295 di
568 2232 716 2315 ragione
741 2243 867 2313 questo
892 2253 962 2294 non
989 2251 1050 2293 era
1075 2233 1119 2294 da
1144 2232 1209 2311 far,
1233 2232 1312 2295 anci
1337 2233 1475 2314 pericu·

192 2342 381 2420 losissimo‚
418 2343 607 2402 tuttavolta
632 2340 726 2401 disse
750 2341 816 2400 che
841 2340 956 2401 havea
980 2358 1090 2420 carga
1113 2338 1203 2400 dirlo
1228 2360 1250 2401 a
1274 2339 1402 2422 Cesar,
1440 2352 1478 2404 et

191 2468 351 2530 pregava
383 2449 448 2509 che
481 2447 539 2508 noi
570 2467 640 2508 non
666 2445 906 2527 impedissimo
941 2448 990 2506 tal
1021 2445 1162 2524 effetto,
1198 2452 1233 2506 et
1263 2445 1336 2508 cosi
1370 2449 1477 2528 parlb

193 2578 269 2618 cum
307 2556 436 2618 Cesare
472 2553 575 2615 nobis
613 2553 839 2635 presentibus
874 2552 961 2615 forsi
997 2551 1141 2633 meggia
1175 2553 1264 2613 hora
1298 2553 1478 2617 submissa

191 2673 308 2725 tamen
334 2682 440 2741 voce,
475 2682 531 2722 ma
555 2660 623 2721 Dio
647 2662 747 2722 volse
781 2661 846 2721 che
878 2670 1003 2740 questo
1029 2658 1263 2740 gentilissimo
1294 2659 1476 2741 Principe,

193 2781 228 2832 et
259 2767 525 2850 religiosissimo
550 2766 659 2829 Cesar
690 2766 714 2826 il
739 2768 821 2847 qual
846 2787 985 2846 sempre
1018 2767 1094 2827 5010
1120 2766 1137 2827 ὁ
1163 2773 1255 2827 51610
1287 2765 1322 2827 111
1347 2777 1479 2847 questa

192 2898 276 2939 cosa
296 2877 517 2954 inconcusso,
543 2873 565 2935 li
586 2894 743 2955 respose,
768 2875 834 2934 che
855 2872 901 2933 lui
923 2893 993 2935 non
1011 2873 1220 2934 mutarebbe
1240 2893 1308 2953 pur
1330 2873 1386 2934 un'
1401 2873 1479 2937 iota

193 2985 288 3046 della
311 3003 374 3044 sua
399 2981 672 3060 deliberatione,
710 2991 745 3042 et
769 2983 834 3042 che
864 3001 928 3061 per
953 2980 1071 3041 niente
1096 2979 1281 3056 intendea,
1318 2981 1384 3042 che
1408 3002 1480 3062 per

192 3114 247 3170 se,
280 3111 300 3151 o
325 3088 441 3152 alcuni
474 3089 508 3150 di
533 3088 607 3149 suoi
634 3087 788 3149 Martino
820 3086 916 3148 fusse
940 3085 1001 3167 piu
1025 3086 1262 3167 interrogato;
1294 3086 1374 3147 anci
1406 3088 1478 3151 dis-

193 3198 268 3276 seli,
293 3199 358 3260 che
383 3197 406 3258 li
424 3196 580 3276 Principi
605 3197 803 3257 sarebbono
827 3196 930 3274 bene,
955 3194 1112 3255 secundo
1129 3194 1164 3255 la
1180 3213 1363 3274 promessa
1385 3195 1478 3278 loro,

194 3305 427 3367 concordibus
451 3303 576 3365 animis
601 3303 756 3384 sequitar
780 3305 814 3363 la
838 3322 900 3363 sua
925 3301 1162 3363 conclusione.

284 3412 418 3493 Questo
453 3413 553 3474 voler
589 3410 623 3471 di
660 3408 733 3472 Sua
756 3408 894 3470 Maesta
929 3408 966 3469 fu
1003 3418 1184 3490 reportato
1220 3407 1279 3470 alli
1315 3408 1479 3491 Principi

193 3519 354 3598 Elettori,
379 3540 448 3581 non
474 3538 578 3579 senza
603 3518 739 3598 grande
764 3515 973 3578 admiration
999 3517 1076 3577 loro
1101 3516 1135 3577 di
1160 3524 1259 3578 tanta
1274 3517 1480 3581 constantia

194 3636 231 3690 et
262 3626 379 3689 animo
404 3627 575 3698 Cesareo;
613 3646 668 3685 ma
692 3626 763 3686 tale
795 3623 832 3685 fu
858 3623 879 3685 l'
893 3623 1060 3684 6111101111
1090 3634 1126 3685 et
1149 3622 1305 3685 versutia
1329 3624 1387 3685 del
1412 3622 1478 3686 Sa-

194 3755 299 3813 xone,
325 3736 391 3795 che
414 3733 436 3795 l'
451 3742 595 3794 ottenne
621 3730 705 3793 dalli
731 3731 822 3792 stati
848 3751 916 3792 una
940 3729 1201 3811 supplicatione
1224 3730 1270 3792 ad
1295 3728 1479 3813 Cesarem,

194 3843 260 3904 che
296 3861 361 3921 per
395 3840 419 3901 il
456 3839 586 3918 meglio
624 3838 659 3899 di
695 3847 820 3918 questa
855 3858 955 3914 cosa,
996 3858 1105 3918 parea
1146 3838 1221 3897 loro
1257 3836 1286 3898 si
1321 3838 1479 3903 havesse

195 3948 251 4010 un'
266 3949 357 4010 altra
387 3946 470 4008 fiata
495 3947 540 4007 ad
566 3945 748 4007 examinar
772 3945 906 4006 Luther
938 3954 973 4005 et
998 3945 1203 4005 exhortarlo
1235 3944 1305 4005 alla
1329 3964 1477 4008 revoca·

195 4056 302 4119 tione.
349 4055 378 4116 Il
411 4055 476 4115 che
501 4073 539 4116 se
564 4073 633 4114 non
665 4052 820 4130 facesse,
856 4053 1015 4112 harebbe
1049 4071 1156 4112 causa
1188 4050 1269 4111 tutti
1292 4052 1478 4132 persequi·

195 4164 296 4241 tar10,
322 4169 357 4223 et
381 4160 435 4221 far
461 4169 551 4221 tutto
576 4159 732 4221 secundo
757 4160 792 4220 la
813 4157 1048 4219 deliberation
1069 4159 1152 4218 data
1172 4159 1217 4217 da
1234 4156 1308 4219 Sua
1324 4157 1478 4221 Maesta.

195 4271 304 4333 Cesar
329 4288 474 4349 respose
499 4268 575 4328 loro
599 4267 635 4328 in
659 4265 808 4348 scriptis,
834 4267 899 4326 che
922 4265 970 4326 lui
988 4285 1058 4326 non
1076 4267 1284 4326 mutarebbe
1299 4285 1345 4326 un
1362 4276 1479 4347 punto

197 4377 232 4438 di
262 4397 325 4438 sua
349 4374 544 4452 sententia,
581 4383 616 4435 et
641 4375 706 4434 che
731 4394 768 4434 se
792 4374 868 4434 loro
893 4382 1078 4453 potessero
1110 4393 1130 4433 0
1154 4392 1341 4453 sapessero
1370 4371 1479 4435 indur

196 4484 350 4545 Martino
376 4484 420 4544 ad
446 4480 737 4562 resipiscentiam,
763 4479 809 4541 lui
835 4481 869 4540 lo
894 4479 1129 4542 adiutarebbe
1153 4499 1326 4561 appresso
1343 4478 1478 4543 Nostro

197 4590 351 4671 Signore
384 4598 419 4652 et
451 4590 516 4650 che
540 4610 561 4649 a
585 4597 711 4668 questo
743 4587 767 4648 li
798 4588 891 4648 dava
921 4587 1069 4648 termine
1102 4586 1137 4647 di
1169 4598 1222 4648 tre
1246 4585 1381 4666 giorni,
1418 4607 1479 4650 ma

197 4718 267 4759 non
292 4698 396 4758 volea
420 4697 485 4758 che
510 4696 553 4758 nd
578 4715 643 4775 per
666 4714 704 4755 se
729 4695 772 4756 ne
798 4714 862 4775 per
886 4693 1001 4756 alcuni
1029 4694 1063 4754 di
1089 4692 1165 4755 suoi
1190 4693 1219 4754 si
1239 4690 1476 4754 intervenisse

197 4805 242 4867 ad
274 4805 323 4866 tal
348 4822 491 4877 exame3
527 4801 665 4865 interim
690 4822 728 4865 se
759 4800 909 4864 faceano
940 4810 1038 4864 tante
1061 4798 1238 4882 prattiche
1267 4808 1391 4861 contra
1415 4799 1477 4864 noi
