3330 5580
719 458 778 513 μθ
816 458 966 514 ῶΒΕᾺ

189 594 390 658 Dominum
404 598 629 663 Cardinalem
643 602 875 667 Leodiensem
887 606 1064 686 prefatum
1079 608 1144 671 biis
1166 609 1201 671 in
1218 614 1412 694 provinciis
1426 637 1486 697 gu·

189 704 1486 799 bernationimeecreditissuperintendentemetprecipuumhuiussecte

192 821 440 874 correctorem
465 814 678 895 prefecerat,
703 838 849 900 sumque
875 831 1072 901 expectans
1097 834 1134 884 ut
1157 844 1224 905 par
1248 837 1302 888 est
1326 828 1485 892 iussioni·

194 918 267 979 bus
292 916 365 981 Sue
389 919 589 984 Maiestatis
613 933 651 984 ut
674 944 830 1004 paream,
857 948 921 990 nec
946 928 1086 991 interim
1111 932 1299 995 obmictam
1325 955 1416 1015 quae
1441 937 1484 998 ad

194 1024 476 1106 extirpationem
499 1027 594 1092 illius
611 1031 798 1095 maledicte
824 1047 859 1096 et
883 1035 1008 1098 rabide
1032 1048 1128 1099 secte
1152 1038 1309 1103 actinent
1333 1041 1487 1106 fideliter

196 1130 415 1214 adimplere,
446 1145 484 1196 ut
508 1135 620 1198 lacius
642 1135 681 1200 E.
708 1135 744 1201 S.
771 1138 814 1202 V.
839 1143 885 1202 ab
919 1142 1045 1204 illustri
1073 1145 1173 1208 Duce
1198 1148 1243 1210 de
1268 1146 1358 1211 Sesa
1390 1152 1485 1232 apud

198 1236 465 1302 Beatitudinem
481 1240 646 1305 Vestram
659 1244 814 1309 Cesareo
827 1259 970 1311 oratore
982 1249 1169 1331 intelliget,
1181 1253 1237 1317 cui
1251 1255 1392 1318 nomine
1404 1278 1483 1321 meo

199 1342 307 1407 fidem
325 1345 507 1411 indubiam
526 1351 712 1430 prestabit.
729 1351 883 1434 Rogans
899 1355 1014 1419 Deum
1032 1354 1334 1443 Omnipotentem,
1352 1374 1390 1426 ut
1405 1384 1486 1426 ean·

198 1452 283 1514 dem
300 1450 536 1519 Sanctitatem
554 1456 718 1520 Vestram
739 1458 775 1521 in
795 1461 900 1523 terris
924 1464 1113 1544 longevam
1137 1465 1247 1530 faciat
1271 1479 1306 1530 et
1331 1468 1481 1533 felicem.

291 1576 346 1640 Ex
370 1578 561 1644 Mechlinia
589 1582 678 1645 XV*
701 1584 773 1647 Mai
798 1606 892 1649 anno
916 1587 1117 1654 MDXXV.

415 1703 455 1767 E.
481 1701 518 1768 S.
542 1706 586 1768 V.

571 1832 730 1882 Humillima
749 1844 775 1882 et
794 1836 890 1884 devota
909 1836 964 1886 filia
982 1839 1174 1889 Archiducissa
1192 1843 1334 1902 Austriae,
1356 1846 1468 1893 Ducissa

656 1928 682 1969 et
701 1924 842 1972 comitissa
862 1927 1030 1988 llurgundiae
1051 1929 1139 1977 Vidua
1157 1931 1291 1980 sabaudie
1310 1940 1361 1981 etc.

912 2012 1094 2086 lumento.

765 2188 776 2201 -r
790 2189 800 2200 Ι
814 2189 943 2203 amarunt-Am

809 2424 817 2450 ⁶
853 2424 884 2486 o.

460 2532 656 2633 Episcopus
684 2422 917 2617 'lridoniinus
945 2537 1117 2619 0111111111
1144 2541 1223 2623 VII.

255 2677 326 2749 (8111
343 2679 484 2738 demente
498 2679 561 2738 m
579 2681 697 2740 Lattara
719 2682 748 2741 11
769 2682 876 2741 diveon
893 2685 1016 2758 Prlodpl
1040 2687 1168 2745 1111111
1189 2688 1260 2748 toto.
1279 2690 1344 2763 ogi.
1366 2693 1434 2764 lat)

718 2802 969 2869 08Mffi1pw

293 2943 504 3008 Beatissimo
530 2946 638 3007 Pater
661 2945 813 3009 Domine
839 2947 1095 3010 Colendissime
1128 2960 1210 3031 post
1241 2952 1371 3031 pedum
1399 2953 1484 3015 Bea-

202 3063 318 3117 torum
343 3055 465 3117 oscula
489 3053 718 3116 humillimam
742 3055 1086 3117 commendationem
1110 3066 1175 3120 etc.

293 3177 349 3240 Ex
373 3177 545 3241 Tridento
570 3180 736 3242 admonui
761 3191 916 3243 vestram
942 3180 1203 3244 Beatitudinem
1237 3183 1281 3245 de
1306 3182 1484 3246 seditioni·

203 3289 271 3349 bus
295 3285 505 3348 rusticorum
530 3286 660 3349 dudum
679 3307 743 3368 per
758 3285 985 3349 Germaniam
1010 3287 1175 3366 subortis,
1200 3290 1294 3371 quod
1314 3309 1424 3371 usque
1440 3292 1485 3352 ad

203 3392 400 3472 Brixinam,
421 3391 551 3455 deinde
569 3395 613 3454 ad
629 3392 779 3474 patriam
795 3394 886 3455 hanc
901 3393 1060 3456 Atthesis
1075 3405 1338 3475 penetrassent:
1356 3395 1483 3459 scribe·

203 3504 287 3565 bam
300 3500 405 3563 etiarn
420 3520 508 3581 quas
518 3502 659 3579 caedes,
675 3520 763 3581 quas
776 3503 950 3563 bonorum
966 3500 1187 3583 direptiones
1212 3512 1284 3564 tum
1308 3504 1353 3565 111
1367 3503 1486 3566 Eccle-

204 3610 276 3675 sias
288 3618 362 3672 tum
372 3609 418 3670 ad
432 3606 580 3670 Nobiles
594 3617 810 3688 spectantes,
823 3607 883 3670 illa
896 3618 1011 3670 turma
1022 3611 1249 3689 tumultuans,
1265 3619 1300 3671 et
1312 3609 1488 3673 intulisset

203 3717 383 3802 pluribus,
409 3725 444 3777 et
467 3714 503 3776 in
527 3716 718 3795 plerosque
743 3714 992 3796 commisisset,
1022 3726 1058 3778 et
1092 3737 1170 3779 cum
1209 3716 1386 3797 pollicitus
1422 3718 1486 3781 sim

203 3825 346 3908 singula
391 3823 542 3906 posthac
580 3831 731 3883 ventura
769 3822 1012 3905 perscribere,
1059 3822 1164 3885 velim
1210 3823 1346 3886 interea
1391 3824 1487 3887 illam

205 3952 274 3995 non
300 3933 428 4009 latere,
465 3948 676 4010 quecunque
711 3929 836 4010 scripsi
861 3939 1004 4011 praeter
1037 3929 1216 3992 hominum
1252 3931 1401 4011 caedes,
1438 3931 1488 3994 ita

205 4037 413 4119 contigisse,
437 4057 543 4119 quum
569 4034 716 4116 singulis
741 4035 979 4116 Monasteriis,
1004 4048 1039 4098 et
1063 4035 1209 4119 reliquis
1234 4037 1393 4099 ecclesiis
1408 4058 1486 4119 par·

206 4144 422 4211 rochialibus
446 4146 542 4205 bona
572 4143 756 4223 rapuerint
785 4154 820 4205 et
852 4143 1134 4224 asportaverint,
1170 4143 1350 4206 Nobilium
1386 4165 1488 4208 arces

206 4251 412 4330 invaserint,
438 4261 473 4314 et
497 4249 684 4331 depredati
707 4249 788 4319 sint:
814 4270 929 4331 neque
953 4271 991 4312 se
1015 4260 1216 4332 temperant
1239 4272 1260 4312 a
1284 4270 1488 4333 progressu,

207 4362 294 4424 haec
320 4360 427 4423 modo
451 4359 520 4437 uni,
545 4358 651 4419 modo
676 4356 777 4419 alteri
796 4357 959 4419 accidere
983 4357 1207 4429 nuntiantur;
1232 4377 1298 4420 nec
1316 4366 1370 4419 est
1393 4360 1489 4438 quod

208 4467 309 4549 primi
333 4465 386 4529 illi
410 4464 526 4547 quiin
552 4464 704 4546 patriam
729 4465 820 4526 hanc
846 4474 1085 4546 pervenerunt
1107 4464 1177 4526 hoc
1202 4464 1376 4526 audentes
1384 4512 1393 4544 ,
1419 4485 1488 4528 orn·

210 4574 266 4638 nia
288 4573 355 4637 soli
380 4581 571 4653 peragant,
606 4572 669 4633 sed
698 4571 917 4651 singularum
941 4570 1220 4633 iurisdictionum
1244 4569 1406 4633 subditos
1430 4592 1489 4633 ex-

211 4680 336 4752 citant;
362 4681 457 4761 quod
481 4678 549 4760 ipsi
574 4680 662 4741 haec
688 4680 813 4741 eadem
837 4698 902 4759 per
926 4679 1005 4740 loca
1029 4699 1103 4756 sua,
1129 4677 1188 4739 ubi
1204 4677 1342 4739 nobiles
1368 4688 1489 4761 agunt,

211 4798 245 4851 et
267 4784 450 4852 Ecclesiae
474 4784 710 4869 reperiuntur,
735 4784 968 4866 adimpleant,
1001 4793 1036 4846 et
1059 4785 1184 4846 mirum
1210 4793 1279 4863 est,
1303 4803 1407 4865 quam
1439 4786 1488 4848 la-
