3330 5580
708 468 955 524 *ornem

183 616 288 677 brevi
326 618 480 696 qualche
513 616 639 678 bestial
663 615 868 693 insolentia,
901 615 924 677 il
957 617 1023 677 che
1060 614 1087 675 si
1113 615 1377 696 comprehende
1408 636 1474 695 per

184 723 286 784 molti
316 721 427 784 strani
459 722 560 804 segni
592 732 628 784 et
657 724 781 804 parole
814 742 877 783 sue
909 725 974 784 che
1004 722 1075 802 egli
1101 721 1273 784 minaccia
1297 732 1422 783 contra
1448 722 1472 782 il

184 829 285 891 clero
310 838 347 891 et
371 829 430 892 noi
455 840 491 892 et
515 849 579 911 per
604 831 636 891 el
660 829 752 892 tenir
776 829 821 893 de
847 830 981 892 Hutten
1008 841 1044 892 et
1068 833 1144 891 suoi
1166 828 1329 910 complici
1356 840 1390 890 et
1414 831 1472 891 ha-

184 957 252 998 ver
277 955 348 998 uno
373 937 492 999 studio
517 935 552 998 di
576 935 658 998 libri
682 935 868 1014 lutherani,
893 936 988 1016 quali
1013 957 1051 998 se
1075 935 1112 997 fa
1136 936 1263 1017 legger
1280 935 1473 998 ordinaria·

185 1054 308 1105 mente
333 1041 367 1105 in
393 1064 526 1123 mensa,
551 1053 587 1105 et
611 1063 724 1124 pocca
747 1042 850 1105 stima
867 1042 904 1105 fa
919 1045 1013 1105 dello
1028 1042 1180 1124 Imperio
1194 1050 1230 1104 et
1248 1043 1342 1105 della
1355 1042 1472 1121 Dieta,

186 1151 299 1230 (dalla
322 1151 406 1231 qual
431 1169 530 1212 come
554 1151 599 1212 de
623 1149 683 1231 qui
707 1149 736 1212 si
760 1146 853 1233 dice)
879 1151 925 1211 da
948 1148 1008 1231 piu
1032 1170 1186 1231 persone
1211 1149 1228 1211 ὲ
1254 1158 1347 1211 stato
1373 1149 1471 1212 udito

186 1255 237 1318 lui
261 1256 357 1317 soler
381 1255 457 1318 dire
488 1258 554 1318 che
580 1256 711 1319 Cesare
734 1265 770 1319 et
793 1257 816 1317 li
842 1253 934 1318 Stati
958 1256 992 1318 in
1017 1259 1052 1319 la
1076 1257 1172 1319 dieta
1197 1256 1471 1319 deliberaranno

187 1374 223 1424 et
249 1362 298 1423 lui
322 1360 401 1424 fara
417 1364 451 1425 le
468 1361 696 1442 conclusioni,
721 1373 756 1426 et
771 1363 885 1444 questi
902 1360 936 1424 di
952 1362 1105 1443 proximi
1123 1363 1274 1424 essendo
1292 1373 1346 1424 sta
1363 1363 1471 1424 citato

187 1470 234 1531 ad
252 1488 441 1550 comparer
458 1487 576 1531 coram
587 1468 718 1533 Cesare
735 1490 799 1551 per
814 1489 968 1531 evacuar
985 1479 1082 1532 certa
1096 1491 1203 1532 causa
1219 1469 1254 1530 di
1267 1470 1471 1551 represalee

188 1576 354 1639 francese
384 1585 557 1638 arrestate
581 1575 617 1638 in
641 1596 745 1638 mano
770 1577 826 1638 del
852 1576 1093 1654 Treverense‚
1124 1575 1172 1637 lui
1207 1594 1353 1656 respose
1377 1576 1471 1638 assai

188 1681 432 1744 incivilmente
457 1683 490 1744 al
514 1682 676 1744 heraldo:
702 1681 811 1746 Cesar
833 1683 913 1745 vole
939 1685 1003 1746 che
1028 1682 1061 1745 io
1079 1682 1197 1744 cerchi
1222 1685 1313 1745 altro
1338 1683 1470 1764 partito

190 1790 269 1851 chel
294 1808 370 1866 suo,
395 1797 431 1850 et
455 1788 579 1850 alcune
604 1789 787 1860 altrenon
814 1793 922 1851 molto
947 1792 1096 1852 honeste
1121 1792 1261 1871 parole:
1288 1800 1322 1851 et
1342 1800 1470 1870 questo

190 1897 336 1959 ecome
360 1894 489 1973 scrivn,
512 1895 571 1956 del
594 1895 660 1957 che
685 1894 731 1956 ho
757 1896 877 1957 voluto
902 1897 1045 1958 advisar
1070 1897 1114 1958 V.
1140 1899 1176 1961 S.
1201 1898 1286 1960 Rv.

279 2003 324 2064 Et
348 2001 545 2084 parimente
570 2003 636 2064 che
660 2022 748 2064 sono
773 2001 833 2084 gia
858 2003 1000 2065 adunati
1035 2005 1094 2084 qui
1120 2004 1153 2066 in
1180 2024 1284 2066 cerco
1309 2004 1380 2065 fino
1406 2004 1469 2065 sei-

191 2119 294 2173 cento
319 2108 449 2172 cavalli
474 2118 508 2171 et
533 2129 604 2170 nou
628 2129 668 2171 so
693 2109 814 2189 quanti
839 2109 945 2188 fanti,
981 2120 1016 2172 et
1040 2110 1148 2172 dicesi
1174 2112 1240 2173 che
1264 2110 1318 2173 frat
1344 2111 1468 2193 pocchi

193 2216 224 2279 di
259 2239 304 2279 ne
343 2236 498 2278 saranno
536 2214 608 2277 fino
646 2216 717 2277 alla
747 2236 881 2279 summa
905 2216 940 2278 di
965 2217 1058 2279 mille
1083 2216 1317 2299 cinquecento
1343 2219 1469 2280 cavalli

193 2335 283 2386 sotto
308 2344 412 2386 nome
445 2323 480 2384 di
505 2322 726 2385 confederati
750 2324 1013 2405 gentilhomini;
1039 2346 1095 2387 ma
1119 2345 1157 2386 re
1174 2346 1260 2387 vera
1277 2326 1322 2386 ad
1341 2326 1468 2387 instan-

193 2430 239 2493 tia
276 2442 311 2493 et
336 2440 431 2492 sotto
468 2428 491 2490 il
515 2428 648 2491 vexillo
683 2429 719 2490 di
743 2428 980 2512 Sichinghen,
1020 2432 1137 2494 donde
1162 2432 1374 2512 Moguntino
1400 2432 1469 2496 fila.

196 2537 257 2599 ,voi
282 2557 454 2618 pensamo
493 2538 558 2598 che
590 2556 628 2598 se
656 2556 744 2598 sono
775 2536 833 2619 gia
867 2538 1058 2620 discoperti
1084 2559 1148 2620 per
1174 2540 1332 2602 metterci
1359 2560 1470 2621 paura

197 2654 227 2707 et
260 2646 326 2707 che
359 2665 430 2706 non
465 2642 636 2704 facciamo
668 2643 857 2705 execution
887 2645 980 2707 delle
1014 2666 1096 2708 cose
1122 2648 1166 2708 de
1192 2647 1327 2709 Luther
1351 2647 1408 2727 qui
1434 2647 1468 2708 in

197 2752 301 2824 dieta3
335 2760 455 2813 tamen
486 2769 612 2812 revera
637 2749 836 2813 Francesco
869 2752 915 2813 ha
939 2750 1074 2814 obietto
1100 2753 1212 2814 andar
1237 2763 1362 2815 contra
1385 2754 1467 2815 Tre-

199 2859 284 2938 veri,
316 2879 417 2921 come
446 2856 507 2938 gia
540 2855 657 2919 alcuni
691 2857 777 2919 mesi
801 2857 983 2921 minaccih.
1032 2859 1138 2920 Certo
1163 2860 1318 2922 Trevere
1354 2860 1398 2920 mi
1423 2862 1469 2922 ha

199 2967 288 3030 detto
312 2963 450 3027 haverli
482 2963 572 3025 fatto
600 2962 764 3026 intendet
788 2966 853 3027 che
879 2968 912 3028 lo
938 2976 1084 3047 expetta
1111 2967 1145 3027 di
1171 2968 1265 3028 buon
1293 2966 1409 3027 animo
1435 2979 1469 3028 et

201 3075 255 3135 che
278 3092 386 3153 spera
410 3070 490 3132 farli
515 3080 698 3133 recontrar
713 3091 798 3134 cosa
822 3073 886 3133 che
912 3073 935 3134 li
952 3072 1031 3135 altri
1048 3071 1215 3134 Germani
1241 3071 1286 3133 lin
1313 3073 1371 3153 qui
1398 3095 1467 3135 non

200 3179 307 3241 hanno
333 3178 434 3241 fatto,
482 3177 570 3239 Esso
595 3176 742 3240 Treveri
774 3178 792 3239 ὁ
818 3198 888 3239 una
911 3180 1016 3259 volpe
1042 3179 1078 3240 di
1102 3181 1221 3241 buona
1245 3192 1340 3241 sorte
1365 3193 1398 3241 et
1424 3183 1469 3242 ha

200 3286 308 3348 buona
333 3285 518 3366 alligantia
541 3305 608 3346 con
634 3285 665 3346 el
691 3285 781 3345 duca
806 3283 950 3346 Saxone
977 3295 1011 3346 et
1036 3286 1255 3367 lantgravio
1281 3287 1315 3347 di
1342 3287 1469 3349 llassia

202 3391 365 3474 principal
391 3391 518 3453 nimico
543 3391 578 3452 di
602 3390 793 3453 Francisco
818 3399 853 3452 et
879 3411 948 3453 non
972 3392 996 3452 li
1021 3413 1146 3454 manca
1171 3393 1191 3455 l'
1206 3393 1323 3455 animo
1349 3394 1467 3455 ‹lesen-

202 3498 284 3561 dersi
309 3499 356 3560 da
370 3497 561 3560 Francisco
586 3506 622 3559 et
646 3498 691 3558 da
707 3497 841 3558 Hutten
867 3507 901 3559 et
926 3497 1001 3559 suoi
1027 3499 1234 3578 conlatroni,
1259 3502 1324 3561 che
1343 3501 1410 3561 llio
1436 3504 1469 3562 lo

201 3605 366 3668 benedica
390 3624 455 3686 per
478 3603 572 3666 mille
595 3606 708 3675 volte;
734 3613 769 3666 et
793 3605 932 3667 volesse
957 3603 1011 3666 far
1036 3626 1100 3686 per
1125 3627 1188 3668 sua
1210 3607 1330 3669 divina
1348 3620 1469 3689 poten-

202 3710 241 3775 tia
264 3716 329 3775 che
354 3713 473 3793 quello
498 3713 589 3774 altro
614 3712 742 3774 elettor
766 3711 918 3793 galerito
943 3713 1093 3774 havesse
1119 3714 1167 3774 tal
1192 3714 1308 3775 animo
1334 3716 1399 3775 che
1425 3717 1470 3775 ha

203 3818 338 3883 Treveri
377 3820 441 3880 che
466 3838 536 3881 non
573 3818 760 3880 saressimo
797 3819 864 3900 qua
888 3818 922 3880 in
948 3819 1063 3900 questi
1089 3819 1240 3889 fastidii:
1278 3820 1408 3900 alioqui
1435 3820 1468 3880 in

202 3927 336 4010 reliquis
359 3926 408 3988 lui
433 3926 450 3988 ὲ
475 3946 520 3987 un
548 3924 708 4006 principe
733 3924 815 4006 pien
841 3924 876 3985 di
901 3926 986 4007 ogni
1010 3925 1119 3988 bonth
1152 3936 1185 3986 et
1211 3927 1301 3988 virtlr
1328 3936 1469 3987 excetra

202 4034 229 4096 la
258 4046 389 4117 troppa
417 4031 566 4095 timidita
598 4033 632 4093 la
664 4033 768 4113 quale
805 4031 827 4093 li
860 4032 968 4095 fanno
993 4054 1134 4096 croscer
1166 4034 1201 4095 di
1227 4035 1420 4114 vantaggio
1447 4034 1469 4095 li

203 4139 484 4205 lutheranissimi
516 4141 581 4202 che
612 4139 659 4200 ha
690 4139 724 4200 in
759 4159 842 4200 casa
876 4150 910 4201 et
935 4161 1004 4202 non
1029 4144 1088 4204 vol
1114 4143 1240 4203 creder
1265 4141 1298 4202 di
1323 4140 1469 4217 hareni,

202 4267 261 4312 non
295 4251 461 4312 obstante
497 4249 562 4309 che
585 4244 609 4307 il
635 4243 688 4307 Sro
722 4245 930 4309 Carrazzolo
965 4257 1000 4308 et
1033 4247 1065 4308 io
1091 4246 1289 4309 assaissime
1315 4247 1408 4306 volte
1433 4246 1468 4306 lo

201 4356 382 4421 habbiamo
406 4356 572 4419 ravisato.

280 4463 427 4552 Lojlpno
452 4464 592 4526 ellettor
604 4461 865 4539 Brandeburgh
884 4458 1043 4540 principe
1062 4469 1151 4519 tutto
1168 4477 1344 4539 generoso
1358 4455 1468 4535 hoggi

200 4590 232 4634 se
254 4574 369 4635 devea
393 4570 525 4651 partir,
554 4578 590 4631 et
614 4566 792 4629 mandomi
817 4565 893 4628 heri
918 4586 996 4627 sero
1022 4588 1043 4627 a
1067 4565 1121 4625 dir
1146 4567 1210 4626 che
1237 4563 1424 4624 scrivendo
1449 4582 1470 4621 a

201 4676 311 4741 Roma
340 4679 375 4740 lo
410 4675 704 4739 raccomandasse
738 4672 798 4735 alli
833 4672 929 4752 piedi
959 4673 1016 4734 del
1043 4672 1106 4732 &¹¹¹⁰
1132 4682 1165 4733 et
1191 4694 1211 4732 a
1239 4670 1279 4731 V.
1305 4667 1471 4747 ⁸Signoria

200 4782 268 4848 R'¹¹⁸
291 4783 400 4857 assai;
426 4783 615 4845 tuttavolta
630 4781 744 4866 hoggi
769 4802 877 4846 ancor
896 4802 966 4843 non
991 4779 1167 4864 epartito.
1216 4776 1294 4837 tssosi
1322 4777 1352 4835 ol
1371 4775 1471 4838 l)uca

1264 4879 1311 4936 14*
