3330 5580
731 452 789 507 043
831 452 899 507 vul
937 451 995 506 8⁸³

230 607 320 666 Acta
340 599 604 665 Wormncr‘cnn'n
623 599 806 679 Alcandri,
831 599 897 660 nisi
915 598 1007 678 talis,
1032 597 1180 661 inveniri
1197 609 1328 680 posset.
1375 598 1513 661 Etenim

231 712 313 774 dum
338 710 511 793 epistolae
529 709 737 771 lutheranae
762 727 826 769 nec
851 706 1051 788 vestigium,
1077 726 1142 768 nec
1166 705 1311 783 minuta,
1335 727 1400 769 nec
1422 718 1514 769 tran-

231 817 379 900 scriptio
402 818 496 880 inter
520 798 701 898 pontificia
726 824 953 877 monumenta
977 812 1176 892 exhibetur,
1201 813 1303 875 huius
1328 814 1514 876 vaticanae

231 935 351 988 textus
375 923 539 987 officialis
563 922 656 985 inter
681 932 760 984 acta
784 922 924 983 sincera
959 920 1077 983 dietae
1101 919 1391 1000 Wormatiensis,
1423 922 1516 985 inter

231 1029 467 1093 sincerissima
483 1028 630 1092 Concilii
647 1027 844 1091 Tridentini
861 1038 1087 1089 monumenta
1111 1026 1144 1088 in
1163 1027 1344 1089 secretiori
1362 1027 1515 1091 Sanctae

232 1135 338 1200 Sedis
362 1136 537 1199 tabulario
562 1134 725 1197 omnibus
750 1144 859 1216 patet.

322 1244 426 1325 Quod
451 1243 480 1306 si
505 1264 570 1305 nec
594 1244 683 1305 haec
709 1252 918 1322 argumenta
942 1241 1139 1319 sufficiunt,
1173 1242 1326 1303 addatur
1357 1253 1392 1304 et
1416 1242 1515 1323 illud,

231 1353 326 1433 quod
351 1354 396 1414 ab
423 1350 632 1414 auctoritate
657 1369 880 1412 romanorum
905 1347 1115 1428 scriptorum
1140 1347 1282 1410 eruitur.
1340 1348 1386 1411 lis
1420 1350 1514 1413 enirn

234 1456 376 1521 omnino
402 1457 524 1538 ignota
549 1456 616 1520 fuit
639 1457 837 1532 lutherana,
863 1466 947 1517 nota
979 1455 1143 1517 vaticana
1174 1476 1264 1536 quae
1297 1457 1421 1536 procul
1456 1458 1516 1519 du-

232 1565 293 1628 bio
317 1563 464 1626 strictim
483 1585 504 1626 a
521 1584 656 1626 coaevo
681 1560 894 1626 narrationis
919 1559 1018 1624 rin'lr't‘
1037 1562 1289 1646 rcfhrnnrlzom's
1313 1573 1457 1627 auctore
1482 1575 1517 1627 et

232 1677 278 1735 ab
303 1671 381 1754 ipso
407 1670 585 1735 Cardinali
612 1669 833 1733 Pallavicino
865 1669 1028 1749 refertur,
1053 1690 1158 1750 quum
1193 1691 1257 1733 nec
1289 1670 1366 1752 ipse
1398 1670 1511 1734 Cardi·

234 1779 324 1842 nalis
349 1799 413 1841 nec
439 1779 571 1841 Paulus
596 1777 701 1858 Sarpi
729 1778 936 1839 lutheranae
962 1777 1168 1839 meminerit.

323 1884 396 1949 Sed
413 1906 586 1968 quaenam
612 1906 720 1948 causa
743 1883 818 1962 fuit,
844 1905 915 1965 eur,
942 1883 1093 1964 epistola
1116 1884 1281 1947 vaticana
1302 1885 1392 1949 inter
1407 1906 1517 1968 opera

235 1994 380 2057 Lutheri
405 1992 549 2070 omissa,
588 1991 681 2053 adsit
721 1990 790 2052 alia
826 2011 891 2053 nec
925 1991 1064 2053 sincera
1103 2001 1137 2053 et
1174 1991 1316 2055 omnino
1355 1991 1517 2056 diversa?

236 2100 340 2162 Nulla
364 2111 461 2162 certe
485 2099 520 2162 in
545 2099 719 2161 Romanis
743 2097 976 2180 scriptoribus
991 2097 1093 2160 huius
1109 2099 1367 2163 substitutionis
1393 2102 1517 2163 adesse

235 2217 377 2288 poterat
394 2205 507 2275 ratio:
533 2207 628 2288 quod
645 2204 749 2268 facile
775 2204 901 2285 cuique
926 2204 1063 2285 patebit
1087 2205 1277 2268 dummodo
1303 2216 1404 2269 tenor
1429 2206 1516 2288 epis·

235 2316 330 2377 tolae
356 2315 578 2392 lutheranae,
604 2312 758 2395 demptis
792 2311 1150 2390 contradictionibus,
1183 2333 1374 2395 parumper
1408 2313 1517 2376 consi·

236 2422 401 2492 ‹leretur;
434 2441 503 2483 non
536 2419 628 2483 enim
662 2419 697 2482 in
732 2420 809 2500 ipsa
842 2421 1019 2481 habentur
1051 2439 1141 2501 quae
1166 2441 1187 2480 a
1211 2420 1396 2482 catholicis
1421 2420 1513 2482 reici·

235 2538 356 2599 antur;
382 2547 458 2589 cum
485 2526 570 2589 nulli
595 2529 799 2608 usquehuc
824 2525 955 2588 homini
980 2526 1155 2589 catholico
1180 2538 1241 2588 aut
1266 2530 1312 2589 ob
1337 2527 1518 2589 doctrinas

237 2633 352 2696 minus
370 2633 634 2711 convenientes,
650 2644 712 2695 aut
736 2635 782 2695 ob
807 2634 937 2714 stylum
961 2631 1134 2695 incertum
1158 2632 1301 2696 dubium
1319 2632 1519 2716 ingesserit,

237 2761 300 2803 nec
330 2740 515 2803 doetrinae
546 2739 710 2802 diversae
744 2739 813 2801 sint
845 2740 880 2801 in
911 2739 1097 2802 lutherana
1129 2760 1233 2819 quam
1266 2739 1299 2801 in
1336 2739 1517 2812 vaticana;

237 2848 307 2911 alia
331 2867 418 2929 ergo
443 2858 479 2908 et
502 2847 537 2910 in
563 2846 640 2910 aliis
664 2845 923 2909 substitutionis
947 2865 1055 2907 causa
1075 2856 1267 2926 quaeratur
1284 2868 1429 2909 necesse
1454 2857 1517 2909 est.

269 3021 280 3039 ,
326 2955 366 3018 In
401 2954 565 3018 vaticana
594 2953 745 3035 epistola
770 2953 914 3016 nonulla
939 2963 1020 3014 sunt
1045 2953 1194 3032 quaein
1219 2955 1517 3017 lutheranadesi-

237 3064 418 3141 derantur,
443 3083 604 3144 quaeque
625 3061 743 3124 omnia
761 3059 977 3123 Fridericum
1004 3060 1183 3123 Saxonem
1208 3080 1373 3142 magnum
1392 3061 1516 3123 Luthe·

238 3169 380 3233 ranismi
421 3180 610 3251 patronum
652 3166 857 3249 respiciunt.
922 3168 1010 3228 llum
1045 3168 1230 3228 lutherana
1262 3187 1328 3248 pro
1362 3180 1459 3232 certo
1484 3179 1519 3231 et

239 3278 340 3340 firmo
363 3276 465 3359 ponit
490 3277 602 3358 ipsum
621 3274 762 3338 omnino
787 3283 822 3337 et
846 3294 987 3356 semper
1010 3273 1185 3337 infensum
1211 3274 1366 3338 Luthere
1391 3276 1518 3349 luisse;

239 3384 404 3447 vaticana
428 3403 506 3446 eum
535 3392 735 3463 patronum,
759 3381 949 3461 fautorem,
975 3381 1124 3444 amicum
1149 3381 1294 3444 Lutheri
1319 3382 1520 3455 confirmat;

239 3492 404 3573 quodque
429 3488 616 3572 plurimum
641 3489 763 3567 refert,
788 3489 869 3550 dum
885 3489 1071 3551 lutherana
1088 3509 1154 3551 nec
1173 3488 1361 3570 vestigium
1377 3491 1519 3571 quidem

239 3597 415 3662 minimum
441 3594 711 3680 promissionum
729 3595 838 3658 Ducis
863 3594 1066 3658 executioni
1091 3606 1126 3658 et
1142 3595 1247 3658 factis
1264 3597 1519 3662 contrariarum

239 3705 354 3785 affert,
371 3703 535 3767 vaticana
560 3703 753 3766 earundem
764 3701 1036 3785 promissionum
1052 3702 1295 3783 reminiscitur,
1312 3707 1454 3768 easdem
1469 3727 1522 3769 re·

240 3813 319 3888 lert,
337 3822 373 3875 et
386 3810 568 3874 Friderico
582 3821 664 3873 ante
677 3812 798 3873 oculos
811 3830 875 3872 ceu
889 3808 1092 3872 testimonia
1106 3808 1260 3872 violatae
1272 3809 1354 3873 fidei
1366 3811 1520 3876 obiicere

240 3939 309 3982 non
327 3928 480 3981 veretur.
518 3917 597 3980 Non
616 3918 755 3995 acerbe,
771 3937 840 3978 non
857 3915 998 3994 acriter,
1014 3916 1077 3978 sed
1094 3915 1265 3979 indirecte
1282 3917 1521 3999 suavibusque

241 4025 354 4088 modis
366 4026 455 4086 haec
472 4023 578 4095 fiunt;
604 4022 653 4085 ita
670 4034 786 4085 tamen
801 4035 838 4084 ut
850 4043 914 4084 nec
928 4022 957 4084 F
958 4020 1099 4085 riderici
1117 4022 1266 4104 gloriam
1282 4036 1437 4106 augeant
1457 4047 1521 4089 nec

240 4131 350 4214 ipsius
374 4130 479 4193 animi
504 4129 775 4211 germanitatem
800 4140 835 4191 et
859 4129 1083 4193 nobilitatem
1107 4132 1307 4195 ostendant.

331 4238 404 4300 Leo
439 4236 588 4299 virtutes
618 4237 887 4317 progenitorum
912 4236 1083 4299 Friderici
1122 4252 1300 4319 recenset,
1334 4260 1454 4303 eorum
1487 4239 1521 4304 in

241 4344 408 4409 Sanctam
434 4344 564 4407 Sedem
590 4343 814 4407 devotionem
841 4343 1075 4426 singularem,
1107 4346 1218 4407 zelum
1242 4345 1276 4408 in
1302 4345 1410 4409 variis
1433 4347 1521 4410 Boe-

241 4471 375 4515 morum
401 4449 687 4514 contentionibus
712 4450 922 4524 exhibitum;
948 4452 1201 4533 promissorum
1224 4453 1369 4534 pietatis
1391 4466 1427 4516 et
1442 4474 1521 4516 con-

241 4557 392 4622 stantiae
417 4557 689 4621 redundantium
714 4557 882 4637 meminit,
907 4578 998 4639 quae
1024 4559 1203 4622 Cardinali
1229 4559 1399 4622 Caietano
1422 4580 1521 4641 prae-

241 4663 380 4728 stiterat
403 4665 487 4726 Dux
512 4684 689 4744 quaeque,
715 4663 845 4727 iamdiu
870 4666 916 4726 ab
941 4663 1019 4746 ipso
1044 4665 1223 4729 Cardinali
1248 4665 1415 4728 Romano
1433 4666 1522 4728 Pon-

243 4769 328 4833 tifici
352 4771 498 4849 relatae,
523 4770 689 4833 ferebant
717 4772 848 4832 Ducem
872 4770 988 4854 ipsum
1012 4771 1188 4835 hominem
1205 4771 1313 4852 illurn,
1329 4771 1520 4835 Martinum
