3330 5580
612 485 841 540 ο·έ34ὅΕ>-ῡ

79 633 241 696 scandali
267 635 362 694 nella
387 630 515 693 Chiesa
539 631 573 691 di
599 631 668 692 Dio
693 631 911 707 universale,
944 651 1000 693 ma
1025 631 1060 691 di
1085 641 1180 692 torre
1210 631 1323 690 anche
1348 652 1367 690 a

79 742 163 803 tutti
180 742 190 802 i
206 740 365 821 Principi
390 751 424 801 et
439 738 641 817 Magistrati
667 738 701 799 di
718 737 910 799 Germania
936 737 956 797 l'
972 737 1127 799 autorita
1143 738 1368 817 reputatione

80 860 118 908 et
150 849 185 908 la
216 846 349 908 faculta
383 855 419 907 et
451 847 484 908 la
517 844 662 926 propria
695 843 768 905 vita
796 856 832 904 et
856 853 965 919 stam,
1001 856 1036 904 et
1060 843 1219 905 excitare
1245 854 1367 904 contra

81 955 159 1015 loro
185 954 209 1014 li
234 952 357 1034 populi
383 965 418 1013 et
442 954 476 1013 la
500 953 607 1032 plebe
632 970 732 1013 come
757 949 777 1011 e
801 950 975 1011 accaduto
1000 948 1033 1010 in
1052 947 1211 1030 Spngna,
1237 960 1271 1010 et
1292 950 1368 1010 fare

83 1080 121 1121 se
138 1059 242 1121 stessi
269 1058 411 1140 tyranni
434 1068 469 1119 et
493 1056 699 1137 occupatori
725 1060 752 1118 sl
778 1057 837 1118 del
861 1057 1057 1136 temporale
1083 1076 1183 1117 come
1209 1058 1265 1117 del
1291 1055 1367 1138 Spi-

83 1166 221 1228 rituale.
266 1166 354 1228 Fate
379 1165 463 1246 ogni
488 1164 604 1226 sforzo
637 1173 672 1225 et
701 1173 830 1225 conato
862 1183 926 1243 per
950 1162 1166 1243 persuadere
1192 1184 1212 1223 a
1238 1164 1368 1225 Cesare

80 1273 141 1334 alli
171 1272 328 1354 Principi
345 1270 584 1334 Ecclesiastici
609 1282 644 1332 et
668 1269 818 1331 seculari
843 1271 909 1331 che
934 1269 993 1350 qui
1018 1269 1046 1330 si
1071 1280 1178 1331 tratta
1204 1292 1273 1332 non
1291 1275 1367 1332 solo

80 1381 117 1441 ‹li
152 1379 374 1442 confondere
407 1380 442 1438 la
473 1376 554 1438 fede
581 1376 781 1438 Christiana
814 1386 849 1437 et
873 1375 1068 1454 Catholica,
1101 1398 1156 1438 ma
1188 1379 1299 1438 anche
1332 1380 1366 1438 d1

80 1489 225 1548 ruinare
250 1488 327 1548 loro
353 1483 572 1547 cacciandoli
597 1483 682 1545 dalli
706 1484 783 1545 loro
808 1482 998 1564 principati
1024 1495 1059 1544 et
1074 1481 1252 1563 Signorie‚
1279 1494 1312 1546 et
1333 1485 1365 1545 in

79 1614 217 1656 somma
250 1595 316 1656 che
347 1593 381 1654 la
404 1611 511 1653 causa
534 1594 562 1652 sl
587 1610 652 1671 per
677 1592 711 1651 la
735 1589 818 1652 fede
844 1590 864 1651 e
888 1609 1074 1651 commune
1100 1597 1126 1651 sl
1153 1592 1265 1652 anche
1291 1611 1366 1672 per-

79 1701 148 1762 che
178 1700 289 1781 quelli
321 1697 447 1780 perfidi
480 1696 645 1778 aspirano
679 1698 749 1758 alla
779 1697 880 1758 ruina
909 1708 944 1757 et
967 1696 1193 1759 distruttione
1218 1699 1263 1758 de
1288 1700 1368 1759 tutti

79 1808 89 1868 i
116 1806 265 1887 Signori
297 1805 388 1887 preti
422 1816 457 1867 et
487 1802 578 1866 laici.
625 1802 704 1866 Non
739 1802 899 1864 dubitate
924 1803 982 1865 voi
1008 1804 1043 1865 di
1068 1804 1144 1866 fare
1170 1805 1367 1866 virilmente

79 1924 217 1996 quanto
250 1914 279 1975 si
311 1913 484 1976 conviene
515 1912 570 1973 all’
590 1908 708 1973 officio
739 1921 858 1972 vostro
887 1922 923 1971 et
947 1911 1016 1972 alla
1040 1911 1123 1971 fede
1148 1913 1213 1972 che
1240 1912 1368 1975 Nostro

79 2019 238 2102 Signore
271 2022 318 2082 ha
350 2020 446 2082 nella
476 2017 663 2099 prudentia
695 2028 730 2078 et
755 2017 911 2079 dottrina
936 2027 970 2078 et
995 2018 1141 2079 ardente
1167 2019 1284 2080 animo
1310 2040 1367 2080 vo-

79 2141 169 2191 stro:
213 2127 376 2190 Havemo
400 2125 502 2187 Iddio
527 2145 592 2206 per
616 2124 673 2187 noi
698 2125 832 2205 perche
857 2125 1069 2187 defendemo
1094 2127 1128 2187 la
1153 2125 1225 2187 Sua
1252 2148 1367 2204 causa,

80 2248 116 2298 et
151 2237 185 2297 la
217 2232 426 2296 defensione
451 2243 486 2296 et
511 2233 665 2312 impresa
691 2252 758 2292 non
784 2234 960 2311 potrebbe
986 2231 1198 2294 desiderarsi
1224 2234 1283 2312 piir
1309 2236 1366 2294 ho-

80 2356 203 2413 nesta;
239 2361 309 2403 non
341 2341 430 2403 siate
460 2352 554 2402 muto
586 2359 759 2421 appresso
785 2339 892 2419 quelli
918 2339 1058 2421 signori
1085 2341 1179 2400 nella
1203 2340 1309 2402 Dieta
1333 2351 1368 2402 et

79 2450 262 2510 ricordate
295 2448 372 2510 loro
404 2467 474 2509 non
508 2446 653 2526 voglino
687 2446 838 2526 perdere
869 2445 891 2507 il
924 2448 1019 2508 buon
1046 2466 1149 2509 nome
1174 2457 1209 2507 et
1233 2447 1368 2509 honore

80 2557 126 2616 ‹le
145 2553 338 2616 Christiani
363 2553 458 2633 quali
481 2553 493 2612 i
518 2555 594 2615 loro
619 2552 722 2633 padri
747 2563 782 2614 et
806 2552 937 2613 antichi
963 2573 1027 2614 con
1055 2564 1154 2615 tanta
1178 2554 1368 2615 devotione

81 2673 117 2722 et
142 2659 375 2723 observantia
399 2679 503 2722 verso
528 2659 552 2721 li
577 2658 701 2721 summi
726 2658 891 2720 Pontifici
916 2668 950 2720 et
976 2659 1070 2722 Sede
1096 2660 1308 2741 Apostolica
1334 2672 1368 2722 et

81 2788 148 2832 con
175 2767 266 2829 tanti
292 2771 368 2829 loro
393 2765 507 2829 meriti
533 2778 568 2828 et
592 2764 741 2828 effusion
767 2765 802 2827 di
827 2786 963 2847 sangue
988 2787 1053 2847 per
1077 2769 1111 2829 la
1140 2768 1221 2829 fede
1250 2771 1367 2830 catho-

80 2875 150 2938 lica
182 2877 304 2937 hanno
336 2875 544 2954 acquistato.
592 2872 692 2935 Siate
723 2892 791 2934 con
816 2872 947 2935 Cesare
979 2875 1241 2938 exhortandolo
1269 2896 1368 2938 come

80 2984 260 3045 advocato
294 2990 329 3042 et
359 2980 547 3042 defensore
581 2980 675 3041 della
706 2979 834 3043 Chiesa
864 2979 1030 3041 Romana
1055 3001 1075 3040 a
1099 2984 1300 3060 provedere
1333 2983 1367 3044 in

81 3109 188 3151 manu
220 3087 325 3165 forti3
357 3096 508 3168 pregate
534 3086 666 3149 Cevres
691 3098 726 3149 et
750 3087 858 3167 quelli
881 3085 1094 3166 Consiglieri
1119 3088 1185 3149 che
1210 3089 1368 3150 adiutino

80 3198 115 3258 la
140 3215 250 3259 causa
275 3195 319 3256 de
336 3194 438 3255 Iddio
464 3202 499 3254 et
523 3195 558 3255 la
582 3195 657 3255 loro
680 3193 826 3275 propria
851 3195 974 3271 salute,
1000 3193 1154 3255 excitate
1173 3195 1280 3274 quelli
1298 3197 1368 3255 duo

80 3300 390 3365 Reverendissimi
415 3299 558 3380 Signori
583 3300 762 3362 Cardinali
796 3300 890 3380 quali
924 3310 1075 3381 portano
1108 3303 1140 3362 el
1169 3305 1308 3383 capello
1334 3314 1368 3363 et

78 3413 184 3473 breta
207 3429 309 3471 rossa
332 3429 398 3488 per
421 3428 593 3489 spargere
618 3407 641 3469 il
666 3427 803 3488 sangue
828 3428 892 3489 per
917 3409 950 3470 el
974 3409 1118 3470 Summo
1136 3408 1309 3471 Pontifice
1335 3422 1369 3470 et

78 3516 203 3579 chiesa
236 3515 411 3577 Romana.
451 3514 664 3577 Continuate
697 3515 718 3576 l'
746 3514 864 3578 officio
899 3525 934 3577 et
967 3514 1214 3577 commissione
1248 3528 1369 3577 vostra

79 3643 147 3686 con
174 3621 259 3704 ogni
285 3621 401 3684 studio
427 3621 554 3684 ardore
579 3632 614 3684 et
636 3620 796 3684 efficacia
814 3621 872 3684 voi
893 3633 928 3684 et
945 3622 969 3683 il
986 3622 1192 3684 Caracciolo
1210 3622 1367 3698 insieme,

80 3744 117 3792 et
142 3727 396 3811 persuadetevi
422 3729 487 3790 che
513 3738 548 3791 et
564 3729 633 3791 Dio
659 3739 695 3791 et
711 3728 842 3791 Nostro
860 3728 1014 3809 Signore
1040 3728 1071 3789 vi
1099 3749 1250 3791 saranno
1276 3731 1368 3790 delle

80 3836 217 3899 fatiche
249 3847 285 3898 et
317 3855 426 3916 opere
459 3845 578 3898 vostre
609 3835 645 3898 in
670 3845 795 3916 questa
819 3834 1019 3897 santissima
1043 3835 1197 3915 impresa
1221 3838 1367 3897 retribu-

81 3943 152 4005 tori
178 3956 215 4004 et
239 3941 446 4023 premiatori
472 3950 507 4003 et
531 3941 727 4004 darannovi
745 3940 944 4003 indubitata
962 3942 1125 4003 vettoria.
1149 3942 1368 4004 Benevalete

81 4061 118 4111 et
143 4069 330 4112 comunem
355 4048 421 4110 l)ei
449 4058 483 4109 et
508 4048 689 4112 Ecclesiae
713 4069 856 4110 causam
885 4047 1032 4110 viriliter
1071 4049 1264 4111 defendite.
1315 4050 1368 4110 Ex

82 4155 188 4218 Senis
214 4157 297 4217 Kal.
323 4154 508 4217 Februarii
532 4155 714 4218 MllXXI.

1024 4296 1124 4360 varlar
1143 4297 1249 4367 l'rcler,

973 4389 1325 4438 l'iccllancellarius.
