3330 5580
695 458 949 516 *841οὓ*

786 678 859 744 187.

615 781 826 887 Campegius
855 784 1027 867 Sidoloto.

557 921 736 991 (1111111131
762 922 913 983 cornua
940 921 1016 982 nm
1036 925 1089 993 te.)

683 1029 737 1100 (22.
757 1035 859 1098 Januar
881 1033 969 1100 1525.)

275 1143 394 1206 Prima
419 1145 472 1207 ch'
488 1145 523 1208 io
547 1146 718 1229 risponda
742 1150 813 1213 alle
836 1149 872 1211 di
888 1150 1018 1214 Vostra
1035 1150 1204 1231 Signoria
1228 1149 1264 1212 di
1279 1149 1349 1213 XI.
1375 1148 1475 1232 quali

182 1248 325 1312 ''dubitai
351 1272 448 1313 esser
475 1273 580 1334 perse
609 1264 644 1317 et
679 1275 746 1336 pur
778 1255 962 1338 capitaron
994 1257 1055 1319 alli
1080 1256 1165 1319 VIII
1200 1258 1257 1319 del
1288 1264 1476 1338 presente,

188 1366 222 1417 et
247 1358 385 1420 allaltre
410 1360 454 1420 de
481 1359 618 1453 XXIX
642 1362 700 1424 del
723 1374 868 1444 passato
892 1365 926 1427 le
950 1364 1047 1445 quali
1070 1384 1299 1446 comparsero
1323 1363 1387 1446 qui
1413 1363 1475 1427 alli

189 1463 298 1525 XVII
323 1465 379 1526 del
404 1477 591 1547 presente,
623 1470 656 1530 le
686 1467 762 1530 diro
794 1489 893 1532 come
923 1481 1051 1533 stanno
1085 1473 1118 1533 le
1147 1491 1230 1533 cose
1261 1471 1296 1533 di
1321 1470 1477 1534 Boemia

189 1590 287 1632 come
314 1572 348 1632 di
377 1574 494 1653 quelle
519 1575 584 1636 che
610 1574 644 1637 io
669 1575 773 1639 stimo
802 1575 934 1640 Nostro
964 1575 1117 1657 Signore
1141 1586 1177 1640 et
1200 1577 1282 1639 tutti
1306 1576 1366 1640 voi
1392 1575 1478 1640 altri

191 1687 311 1740 starne
335 1678 369 1740 in
395 1680 582 1762 maggiore
607 1683 869 1763 expettacione,
894 1695 929 1747 et
952 1686 987 1746 13
1010 1703 1146 1746 summa
1170 1682 1190 1745 e
1214 1685 1279 1746 che
1306 1684 1340 1745 la
1363 1682 1477 1747 Dieta

189 1805 210 1845 a
234 1784 354 1867 Praga
378 1808 416 1848 se
440 1786 564 1851 risolse
588 1809 695 1851 sanza
719 1791 806 1852 total
832 1790 1061 1853 conclusione
1091 1809 1156 1873 per
1186 1800 1290 1871 poter
1316 1789 1476 1852 ritrovar

190 1893 222 1953 le
247 1896 462 1957 concordate
486 1895 545 1976 gia
571 1897 660 1959 altre
684 1898 781 1958 volte
805 1896 894 1959 fatte
918 1908 954 1959 et
977 1896 1067 1960 sarie
1091 1898 1254 1959 tradurre
1285 1895 1322 1958 in
1347 1896 1477 1979 lingua

191 1998 370 2080 Boemica‚
395 2012 430 2063 et
455 2003 568 2063 anche
599 2003 731 2084 perche
757 2005 994 2067 mancharano
1021 2003 1136 2066 alcuni
1160 2002 1312 2083 Baroni‚
1337 2012 1374 2066 et
1409 2023 1477 2086 per

189 2103 265 2167 fare
290 2126 361 2169 una
385 2108 490 2170 Dicta
515 2109 549 2172 in
575 2107 702 2189 Slesia,
728 2110 973 2190 Wratislavia,
999 2120 1034 2173 et
1057 2110 1253 2173 rimesseno
1278 2112 1311 2172 el
1335 2108 1416 2172 fare
1441 2111 1478 2172 13

190 2214 277 2274 total
323 2214 531 2277 risolutione
576 2216 671 2279 circa
716 2219 751 2280 la
794 2215 924 2281 unione
969 2219 1014 2279 ad
1055 2217 1185 2279 festum
1227 2215 1477 2279 conversionis

192 2319 305 2399 Pauli,
330 2342 397 2402 pur
421 2321 456 2383 in
471 2323 591 2403 Praga
614 2325 707 2386 dove
732 2345 819 2386 sono
843 2324 966 2388 testati
992 2323 1072 2385 tutti
1089 2323 1112 2385 li
1129 2323 1209 2386 stati
1226 2331 1262 2386 et
1276 2331 1479 2404 expettano

191 2426 224 2487 al
249 2428 348 2489 detto
372 2436 491 2510 tempo
528 2432 562 2492 13
593 2429 808 2493 resolutione
844 2432 891 2493 da
915 2428 1053 2509 8131111,
1091 2441 1126 2493 et
1161 2432 1226 2493 che
1262 2430 1370 2512 quelli
1408 2430 1479 2494 che

192 2535 448 2615 manchavano‚
473 2536 501 2598 si
526 2536 699 2600 ritrovino
727 2538 762 2599 31
797 2538 896 2601 detto
926 2548 1045 2619 tempo
1078 2537 1114 2600 in
1147 2538 1278 2620 Praga.
1333 2536 1379 2599 Di
1410 2538 1480 2600 che

192 2640 326 2704 vedera
356 2642 489 2707 Vostra
521 2643 689 2726 Signoria
729 2645 833 2726 copia
866 2645 910 2707 de
942 2645 975 2706 le
1008 2646 1113 2707 lettre
1144 2645 1210 2706 che
1240 2642 1408 2707 scriveno
1442 2645 1479 2707 31

192 2747 251 2810 Re
276 2757 311 2810 et
335 2748 359 2811 il
384 2750 538 2831 capitolo
563 2753 608 2814 de
632 2755 667 2815 la
690 2752 927 2834 deputatione·
946 2771 1011 2832 per
1035 2752 1070 2812 la
1093 2749 1241 2834 unione,
1269 2757 1305 2813 et
1328 2750 1475 2815 bench&

193 2876 215 2916 a
238 2856 375 2935 legerlo
400 2877 488 2938 pare
513 2879 598 2921 cosa
622 2861 730 2923 molto
764 2859 799 2922 in
833 2858 909 2922 aria
939 2869 975 2920 et
1004 2879 1111 2920 sanza
1144 2865 1302 2920 certezza
1333 2857 1479 2936 alcuna,

194 2961 314 3024 niente
339 2963 479 3026 dimeno
504 2986 569 3047 per
593 2967 674 3029 tutti
698 2967 722 3029 li
747 2966 835 3028 avisi
860 2967 926 3028 che
951 2965 979 3027 si
1005 2967 1122 3027 hanno
1148 2965 1194 3026 da
1208 2962 1339 3026 diversi
1364 2960 1481 3026 inten-

193 3067 268 3129 desi
292 3068 327 3130 13
351 3089 435 3132 cosa
458 3092 578 3135 essere
601 3093 667 3154 per
691 3076 873 3152 conclusa,
904 3082 939 3133 et
972 3073 1038 3134 che
1063 3069 1205 3133 omnino
1228 3071 1355 3133 volunt
1380 3069 1480 3133 uniri

195 3173 260 3236 Sl²⁰
283 3175 364 3237 ΚΜ
397 3177 581 3241 Ecclesiae
605 3179 705 3241 iuxta
729 3179 816 3241 alias
840 3179 1067 3243 concordata.

285 3283 312 3345 Il
338 3284 439 3346 Duca
464 3283 569 3348 Cario
594 3287 640 3348 ha
664 3286 832 3348 mandato
856 3305 927 3347 uno
962 3286 1068 3346 homo
1097 3304 1118 3345 a
1149 3291 1254 3365 posta
1286 3283 1320 3344 31
1350 3281 1413 3345 Re
1447 3293 1483 3346 et

196 3411 217 3451 a
241 3411 317 3471 me,
343 3392 375 3453 el
401 3393 505 3473 quale
530 3401 624 3455 sotto
649 3394 753 3455 lettre
786 3392 820 3454 di
852 3393 1025 3453 credenza
1053 3389 1099 3452 mi
1130 3388 1278 3451 afferma
1308 3388 1375 3449 che
1407 3407 1484 3450 non

198 3497 323 3577 dubiti,
349 3500 414 3561 che
438 3500 473 3561 la
498 3519 582 3562 cosa
605 3498 739 3561 havera
764 3500 887 3561 ottimo
923 3496 1004 3576 fine,
1040 3505 1075 3558 et
1111 3494 1219 3577 quelli
1255 3494 1291 3557 di
1326 3494 1484 3559 Presten

197 3606 242 3666 de
266 3605 289 3666 li
314 3605 410 3686 quali
433 3605 493 3687 piu
519 3605 548 3668 si
573 3605 743 3668 dubitava
767 3625 854 3668 sono
880 3602 1070 3666 caldissimi
1095 3623 1116 3664 a
1139 3603 1211 3665 tale
1242 3601 1413 3683 impresa,
1448 3613 1486 3666 et

198 3711 383 3774 caminano
407 3716 500 3776 bene
525 3723 657 3795 quanto
683 3713 712 3774 si
736 3733 845 3794 possa
868 3711 1083 3774 desiderare.

288 3819 397 3900 Dipoi
422 3821 440 3882 ὲ
466 3821 590 3901 gionto
616 3820 719 3882 dela
743 3821 842 3882 detta
866 3819 973 3880 Dicta
1004 3817 1038 3878 di
1069 3817 1189 3897 Praga
1221 3817 1254 3879 el
1287 3815 1486 3880 secretario

202 3925 239 3986 di
264 3937 391 4006 questa
414 3927 553 3989 Maesti
578 3930 643 3989 che
669 3927 760 3988 ando
786 3946 853 3988 con
884 3926 908 3987 li
941 3923 1089 4006 oratori,
1117 3921 1213 4004 quali
1241 3940 1329 3984 sono
1358 3922 1488 3984 restari

201 4034 235 4094 la
258 4053 323 4115 per
347 4033 517 4096 risolvere
542 4034 565 4096 il
591 4043 682 4096 tutto
706 4033 741 4095 in
766 4034 801 4096 13
824 4032 942 4095 futura
967 4031 1080 4111 dieta,
1113 4040 1149 4091 et
1174 4030 1191 4091 ὲ
1216 4037 1309 4091 stato
1334 4047 1403 4090 con
1428 4049 1487 4092 me

201 4140 245 4201 ad
272 4142 428 4222 longum,
453 4157 488 4203 et
512 4141 745 4220 variamente,
777 4150 811 4202 et
842 4139 950 4201 molte
981 4139 1077 4199 volte
1102 4137 1148 4197 da
1171 4155 1227 4197 me
1248 4134 1488 4217 interrogat0,

202 4256 302 4310 tanto
326 4248 563 4328 amplamente
586 4247 633 4309 mi
658 4246 820 4324 afferma,
853 4246 918 4307 che
942 4246 976 4306 13
1000 4263 1084 4305 cosa
1107 4241 1240 4304 havera
1264 4239 1389 4303 ottimo
1412 4238 1489 4305 fine

204 4364 239 4417 et
262 4355 470 4418 risolutione
494 4355 574 4417 chio
600 4374 774 4435 hespero
799 4353 920 4416 votivo
945 4350 1068 4414 effetto
1093 4358 1235 4412 excetto
1269 4368 1307 4410 se
1333 4366 1403 4409 non
1429 4368 1488 4411 oc·

204 4483 364 4526 corresse
389 4463 539 4543 qualche
564 4461 748 4543 inopinato
773 4481 856 4523 caso
881 4460 946 4521 che
976 4478 1041 4539 per
1070 4457 1201 4517 human
1226 4453 1387 4516 discorso
1412 4473 1488 4517 non

205 4571 234 4633 si
258 4591 365 4651 possa
389 4570 703 4651 comprehendere.

295 4678 346 4740 La
381 4677 530 4758 ragione
567 4677 662 4738 della
695 4684 828 4737 venuta
867 4672 902 4733 dl
937 4673 1035 4733 detto
1073 4667 1264 4732 secretario
1299 4667 1317 4729 ὲ
1353 4668 1489 4748 perch&

208 4784 322 4867 questi
346 4783 475 4866 grandi
501 4782 537 4844 di
561 4781 710 4845 Boemia
739 4801 777 4843 se
801 4778 970 4861 vogliono
996 4776 1193 4839 assicurare
1224 4775 1290 4837 che
1320 4770 1345 4835 li
1377 4770 1490 4838 officii
