3330 5580
808 469 860 532 60.

328 585 506 667 Publioat'
495 608 530 665 ιο
479 586 687 666 tBullaa
716 589 839 666 tonna
866 584 1063 664 lutherum
1091 582 1150 663 f
1150 585 1192 663 tu
1217 582 1349 663 leodii

609 733 692 804 (dota
709 730 925 791 vomuerat
942 729 990 789 ἰοὶ
1009 731 1063 802 tu)

699 851 737 918 (8.
756 851 859 916 Aprilis
881 848 968 913 1521.)

282 995 468 1060 Universis
481 1004 528 1068 ‚et
543 995 691 1076 singulis
716 1015 779 1078 per
795 994 970 1073 Dominia‚
997 1007 1111 1057 terras
1135 1003 1172 1057 et
1187 993 1390 1057 universam
1405 993 1475 1056 dio-

193 1101 302 1163 cesim
326 1111 483 1165 nostram
508 1101 709 1165 constitutis
725 1098 884 1164 Salutem
905 1101 940 1164 in
958 1103 1039 1164 Dno
1061 1100 1323 1184 sempiternam.
1362 1099 1476 1182 Quum

194 1206 445 1271 Sanctissimus
469 1207 642 1271 Dominus
666 1209 796 1271 Noster
818 1210 864 1272 ·D.
882 1208 956 1271 Leo
982 1208 1102 1271 divina
1125 1207 1353 1289 providentia
1378 1208 1477 1290 Papa

193 1307 349 1378 decimus
362 1316 597 1397 apostolicum
611 1297 733 1379 Breve
741 1317 786 1378 ad
800 1315 874 1379 Nos
887 1316 1020 1378 miserit
1034 1325 1069 1377 et
1082 1336 1146 1397 per
1160 1315 1294 1378 Rever.
1309 1315 1349 1378 P.
1360 1316 1475 1378 Dnum

195 1424 463 1508 Hieronymum
483 1423 702 1485 Aleandrum
735 1441 835 1484 suum
869 1433 905 1484 et
937 1420 1042 1484 Sedis
1066 1420 1298 1503 Apostolicae
1332 1420 1367 1483 in
1394 1420 1476 1483 Uni·

192 1551 297 1593 versa
322 1528 513 1593 Germania
537 1528 702 1592 nuncium
733 1539 769 1591 et
793 1539 970 1592 oratorem
995 1526 1128 1610 exponi
1151 1527 1278 1591 fecerit
1302 1538 1478 1609 quatenus

194 1615 346 1717 δῆειια,
370 1636 494 1700 habita
517 1646 654 1699 matura
678 1635 936 1699 deliberatione
961 1636 1005 1697 de
1030 1655 1205 1699 consensu
1228 1635 1476 1698 Rever¹¹¹¹¹Do

193 1743 366 1810 minorum
392 1742 632 1812 Cardinalium
663 1743 800 1805 adhoc
825 1762 1084 1823 saepenumero
1114 1752 1418 1823 congregatorum
1442 1752 1478 1803 et

191 1852 378 1932 multorum
403 1850 439 1913 in
464 1849 590 1912 litteris
614 1849 863 1919 excellentium
887 1849 1042 1911 virorum
1074 1847 1241 1926 consilio,
1274 1849 1409 1930 scripta
1443 1858 1478 1911 et

191 1958 301 2022 libros
326 1958 508 2020 cuiusdam
532 1956 653 2020 fratris
674 1955 818 2019 Martini
835 1956 968 2018 Luther
993 1955 1126 2019 ordinis
1141 1954 1375 2017 Eremitarum
1393 1955 1478 2018 Divi

193 2046 383 2146 Augustini
407 2064 568 2128 diversos
588 2065 756 2128 articulos
780 2064 980 2146 respective
996 2063 1173 2126 hereticos
1188 2082 1359 2126 erroneos
1376 2083 1478 2125 scan-

191 2173 334 2235 dalosos
357 2171 393 2234 in
418 2193 456 2234 se
481 2171 723 2251 continentes,
747 2181 915 2252 tanquam
938 2170 1081 2233 inutiles
1105 2170 1323 2252 perniciosos
1355 2183 1391 2232 et
1417 2171 1476 2233 mi·

191 2279 284 2341 nime
314 2278 349 2340 in
375 2278 536 2342 Ecclesia
560 2278 628 2340 Dei
660 2279 865 2340 tolerandos
896 2298 938 2339 ac
963 2288 1155 2359 propterea
1183 2278 1477 2339 condemnandos

191 2385 385 2460 censuerit,
417 2405 459 2447 ac
484 2386 529 2447 de
553 2383 651 2447 facto
683 2384 974 2446 condemnaverit
1004 2393 1040 2446 et
1063 2383 1167 2446 huius
1190 2384 1391 2446 sententiae
1416 2385 1474 2447 de-

190 2491 278 2554 creti
302 2501 337 2553 et
362 2491 596 2554 ordinationis
619 2490 829 2572 originalem
854 2492 986 2553 bullam
1007 2490 1199 2553 videndam
1223 2500 1259 2553 et
1283 2493 1476 2573 legendam

190 2608 226 2660 et
257 2597 368 2683 ipsius
401 2600 528 2661 multas
552 2597 774 2688 authenticas
798 2596 921 2679 copias
953 2599 1155 2679 habendas,
1191 2619 1329 2661 necnon
1366 2580 1473 2661 aliani

190 2704 329 2766 Bullam
365 2724 472 2785 super
506 2705 675 2768 librorum
711 2704 944 2786 impressione
979 2704 1015 2766 in
1050 2707 1221 2768 moderno
1258 2707 1477 2791 lateranensi

191 2810 342 2874 concilio
367 2811 497 2875 editam
521 2833 586 2893 per
610 2813 761 2875 eundem
786 2812 963 2875 dominum
989 2812 1154 2874 nuncium
1179 2813 1224 2874 ad
1249 2833 1314 2873 nos
1338 2812 1478 2876 miserit

190 2928 226 2981 et
249 2929 399 2999 paterna
423 2919 597 2982 charitate
621 2920 782 2982 hortatus
806 2917 913 2981 fuerit
942 2938 984 2982 ac
1009 2918 1044 2980 in
1069 2919 1200 2981 virtute
1224 2927 1369 2980 sanctae
1393 2922 1475 3007 obe·

190 3024 345 3088 dientiae
378 3009 604 3105 requisiverit
636 3036 673 3087 ut
704 3024 853 3106 quaein
886 3025 1079 3106 praedictis
1111 3025 1217 3088 bullis
1248 3025 1477 3090 continentur

191 3140 312 3194 nostra
336 3130 522 3213 diligentia
546 3141 582 3195 et
606 3131 722 3194 studio
747 3132 782 3195 in
798 3131 965 3194 Diocoesi
990 3144 1025 3195 et
1040 3131 1214 3194 Dominiis
1238 3132 1369 3195 nostris
1394 3155 1475 3197 exe·

191 3238 333 3319 quenda
349 3258 570 3312 curaremus;
588 3239 663 3301 Nos
680 3238 739 3319 qui
755 3236 985 3301 Sanctissimo
998 3239 1152 3301 Domino
1168 3251 1290 3302 nostro
1306 3224 1473 3305 Sanctae·

192 3365 261 3427 que
287 3343 373 3407 Sedi
390 3345 623 3427 Apostolicae
648 3344 879 3408 iuramentum
904 3344 1085 3408 fidelitatis
1109 3347 1325 3427 prestitimus
1350 3357 1386 3410 et
1409 3368 1476 3430 pro

190 3453 288 3534 cujus
320 3452 528 3515 defensione
561 3452 679 3515 omnia
709 3463 829 3515 nostra
854 3455 949 3515 bona
980 3472 1164 3534 exponere
1194 3452 1475 3536 sanguinemque

189 3558 371 3640 proprium
388 3558 571 3622 effundere
588 3580 685 3623 more
702 3562 994 3641 predecessorum
1012 3568 1211 3623 nostrorum
1223 3559 1474 3682 Leodiensium

191 3652 447 3747 Episcoporum
472 3686 612 3747 semper
636 3666 765 3729 fuimus
798 3678 833 3728 et
862 3685 981 3728 sumus
1005 3667 1135 3747 parati,
1172 3668 1276 3730 vobis
1300 3667 1475 3731 universis

190 3782 225 3835 et
249 3781 405 3835 vestrum
431 3772 578 3854 singulis
602 3773 814 3836 auctoritate
839 3773 1051 3892 Apostolica
1078 3783 1114 3836 et
1138 3784 1259 3836 nostra
1283 3773 1320 3836 in
1342 3773 1474 3839 virtute

190 3862 344 3942 Sanctae
369 3879 596 3942 obedientiae
628 3889 664 3941 et
695 3881 760 3941 sub
792 3869 1010 3960 gravissimis
1034 3880 1159 3962 poenis
1192 3892 1227 3942 et
1251 3881 1409 3944 censuris
1437 3882 1472 3944 in

189 3987 347 4050 eiusdem
363 3987 471 4050 bullis
488 3986 694 4069 apostolicis
711 3984 897 4065 contentis,
921 3986 1169 4069 praecipimus
1210 3985 1370 4051 Subditis
1384 4009 1473 4053 vero

189 4084 318 4158 nostris
349 4104 492 4176 praeter
517 4112 742 4156 censurarum
760 4093 1037 4174 ‘praedictarum
1068 4094 1334 4158 innodationem
1366 4095 1472 4159 etiam

189 4183 255 4264 sub
279 4201 513 4284 gravissimae
530 4199 786 4281 indignationis
810 4208 954 4262 nostrae
978 4212 1015 4262 et
1031 4201 1109 4264 aliis
1134 4201 1331 4286 arbitrariis
1347 4202 1474 4283 poenis

187 4293 335 4391 quarum
360 4308 465 4371 tertia
496 4329 580 4391 pars
604 4306 775 4370 Camerae
800 4307 1019 4388 apostolicae
1043 4307 1148 4370 tertia
1180 4307 1265 4370 fisco
1290 4320 1412 4371 nostro
1437 4319 1473 4372 et

187 4415 292 4479 tertia
318 4414 563 4478 denunciatori
588 4415 778 4493 debeatur,
811 4415 1018 4477 mandamus
1043 4423 1077 4476 et
1101 4413 1300 4476 inhibemus
1325 4435 1369 4476 ne
1393 4416 1473 4500 quis
