3344 5564
728 444 954 499 θ-433οϋ-0

206 585 305 658 tarsi;
336 587 473 650 benche
497 586 517 649 e
540 589 644 651 homo
679 588 786 652 tacito
811 601 846 653 et
870 599 1016 671 coperto
1042 590 1107 652 che
1133 609 1203 652 non
1228 589 1308 653 dice
1334 591 1354 652 l’
1366 591 1485 654 animo

207 689 293 756 Suo:
341 695 379 756 L'
400 697 489 757 altra
520 716 626 757 causa
652 697 710 758 del
734 717 797 759 suo
822 699 959 779 sdegno
984 706 1107 759 contro
1132 699 1165 758 al
1191 696 1295 759 Clero
1320 698 1341 760 e
1365 699 1385 760 l’
1400 699 1486 761 odio

205 800 270 860 che
294 801 342 863 lui
365 804 412 865 ha
436 811 558 865 eontra
582 802 792 883 Mogontino
804 854 812 885 ,
842 805 1060 887 procedente
1084 823 1149 884 per
1173 805 1418 868 controversia
1448 815 1487 868 et

204 927 336 989 guerra
361 909 395 971 di
421 930 490 971 una
514 922 609 971 terra
633 910 1002 989 nominataErfordia,
1027 931 1091 993 per
1116 912 1150 971 la
1174 914 1258 992 qual
1282 912 1302 974 ὲ
1326 911 1410 975 odio
1433 913 1485 976 in·

116 1078 118 1087 ,
204 1024 259 1077 tra
283 1016 359 1078 loro
383 1019 549 1095 mortale,
581 1025 616 1077 et
640 1018 735 1097 quod
760 1018 912 1080 maxime
937 1018 1058 1096 miror,
1094 1027 1222 1080 stanno
1250 1018 1413 1098 insieme,
1448 1030 1485 1082 et

204 1122 400 1202 ragionano
431 1142 531 1186 come
564 1123 702 1185 iussero
733 1125 927 1187 charissimi
960 1124 1101 1187 fratelli.
1156 1124 1201 1186 Et
1232 1145 1289 1187 mo
1322 1128 1484 1206 parlamo

204 1231 296 1291 delle
328 1230 518 1293 cerimonie
551 1239 586 1292 et
616 1231 828 1293 simulationi
862 1232 898 1293 di
923 1232 1061 1293 Roma?
1109 1231 1182 1294 Con
1212 1234 1311 1295 detto
1336 1230 1485 1297 Saxone

203 1357 241 1399 se
273 1338 386 1399 tenira
419 1337 503 1418 ogni
532 1337 674 1419 meggio
699 1337 727 1399 si
752 1339 855 1420 potra
879 1358 943 1419 per
968 1339 1057 1400 viam
1084 1339 1249 1401 Caesaris
1274 1351 1308 1401 et
1333 1340 1483 1402 aliorum

204 1445 236 1505 in
253 1444 437 1507 Conventu
463 1445 637 1528 proximu,
664 1454 698 1506 et
722 1465 792 1507 non
817 1445 958 1507 omnino
984 1448 1136 1526 despero
1161 1449 1227 1508 che
1243 1467 1312 1509 non
1329 1447 1483 1509 faciamo

146 1556 148 1561 '
203 1552 352 1633 qualche
377 1554 496 1615 buona
520 1571 639 1632 opera.

291 1659 331 1720 El
357 1658 569 1721 Coloniense
595 1658 749 1721 Elettore
784 1659 803 1720 ὲ
833 1668 925 1721 tutto
956 1657 1053 1720 unito
1087 1679 1153 1721 con
1180 1660 1411 1740 Moguntino‚
1447 1670 1484 1722 et

201 1765 234 1828 in
268 1785 353 1827 vero
384 1765 431 1827 lui
463 1765 490 1826 si
515 1766 561 1827 ha
586 1777 727 1847 portato
752 1767 861 1828 molto
885 1768 977 1827 bene
1003 1776 1037 1828 et
1062 1786 1167 1847 spero
1193 1769 1258 1829 che
1283 1767 1312 1829 si
1337 1768 1483 1849 porterit

200 1873 342 1953 meglio.
368 1943 374 1955 .

290 1980 330 2041 El
348 1980 567 2041 Treverense
593 1979 612 2040 e
636 1983 772 2060 grande
797 1979 924 2042 Amico
950 1980 983 2041 di
1001 1980 1170 2058 Saxonia,
1196 2002 1252 2043 ma
1277 2002 1341 2062 per
1362 2003 1482 2045 essere

200 2091 306 2151 homo
337 2090 435 2149 savio
467 2089 513 2147 ha
544 2087 634 2148 fatto
665 2085 689 2146 il
720 2086 841 2148 debito
875 2098 909 2148 et
939 2087 1189 2167 perseverarit,
1224 2089 1269 2148 de
1298 2109 1369 2168 quo
1394 2089 1481 2152 nihil

200 2196 359 2259 dubbit0.

289 2302 329 2364 Li
365 2300 670 2364 Reverendissimi
707 2300 887 2363 Cardinali
927 2301 1008 2363 tutti
1049 2300 1082 2363 in
1125 2321 1210 2364 vero
1252 2302 1482 2367 demostrano

199 2411 335 2490 grande
360 2410 435 2471 zelo
461 2409 505 2470 ad
530 2408 585 2470 cio
611 2418 645 2469 et
670 2428 708 2469 se
733 2429 804 2469 non
829 2407 979 2470 saranno
1004 2409 1122 2488 quello
1140 2428 1160 2469 a
1177 2409 1243 2470 che
1261 2429 1348 2471 sono
1369 2411 1481 2473 tenuti

199 2518 483 2580 meritarebbeno
509 2515 601 2577 mille
628 2562 767 2577 .....
793 2535 849 2577 ma
873 2524 970 2577 certo
995 2513 1104 2576 fanno
1129 2514 1288 2577 1’0ffiti0.

290 2624 428 2704 l.iegge
453 2642 593 2701 sempre
618 2624 650 2683 al
676 2623 779 2684 solito
804 2623 838 2682 di
858 2623 975 2702 quello
993 2642 1056 2683 suo
1072 2621 1184 2685 libero
1202 2633 1236 2684 et
1254 2623 1482 2686 sboccaciato

202 2735 331 2813 parler,
357 2751 412 2792 ma
437 2729 473 2790 lu
499 2750 638 2809 sempre
663 2731 782 2790 buono
807 2729 1049 2792 ecclesiastico
1075 2730 1206 2809 (quello
1227 2731 1292 2791 che
1308 2730 1336 2791 si
1353 2731 1482 2794 dicano

199 2839 291 2916 altri)
316 2848 481 2918 preterea
505 2838 551 2899 ha
576 2839 644 2898 ben
670 2857 778 2899 causa
802 2836 907 2899 morir
928 2857 993 2917 per
1007 2838 1042 2898 la
1059 2835 1198 2916 Chiesa,
1224 2847 1258 2899 et
1275 2852 1481 2901 veramente

198 2966 236 3006 se
261 2966 330 3006 non
355 2943 451 3007 fusse
477 2947 541 3006 che
566 2945 739 3025 parlando
765 2945 809 3005 de
835 2944 945 3024 liege
971 2944 1004 3005 io
1029 2963 1091 3004 son
1117 2954 1278 3024 suspetto
1311 2947 1478 3009 auderem

198 3052 317 3114 dicere
343 3053 408 3113 che
432 3051 480 3113 lui
505 3052 524 3114 ὲ
548 3051 783 3133 grandissima
808 3071 914 3113 causa
939 3054 982 3113 ed
1000 3050 1145 3132 meggio
1161 3052 1195 3112 di
1213 3053 1365 3132 qualche
1382 3056 1477 3115 buon

198 3179 363 3221 successo
388 3158 477 3221 fatto
504 3168 539 3220 et
562 3161 630 3220 ben
658 3158 702 3219 mi
727 3160 809 3239 pole
834 3158 981 3220 credere
999 3158 1042 3219 V.
1069 3155 1226 3220 S..Rma
1250 3159 1382 3239 perche
1406 3159 1479 3223 fino

197 3265 241 3327 ad
269 3286 313 3326 un
339 3286 434 3328 mese
460 3286 613 3327 saranno
639 3265 767 3345 quattr'
793 3264 874 3327 anni
900 3267 966 3327 che
986 3264 1019 3326 io
1036 3285 1123 3326 sono
1140 3264 1293 3327 servitor
1309 3265 1344 3327 di
1360 3270 1479 3347 quella

197 3385 233 3434 et
266 3393 336 3434 non
369 3372 403 3434 di
429 3373 558 3454 Liege,
592 3373 638 3433 ad
671 3372 727 3433 chi
759 3372 792 3434 io
817 3392 887 3435 non
912 3373 1027 3434 havea
1051 3370 1164 3452 prima
1188 3372 1319 3433 servito
1345 3394 1382 3434 se
1407 3395 1478 3437 non

196 3482 265 3542 due
300 3479 382 3541 anni
411 3489 446 3542 et
470 3480 631 3560 meggi0‚
665 3479 752 3559 perh
777 3500 846 3542 non
873 3480 1006 3541 aceede
1030 3477 1224 3559 suspitione
1249 3479 1284 3541 in
1308 3482 1356 3542 tal
1383 3502 1477 3545 cosa.

285 3586 328 3649 El
351 3588 450 3649 detto
475 3585 530 3648 S⁰r
553 3586 678 3648 rebbia
704 3586 737 3648 di
763 3596 887 3667 questo
913 3585 1115 3648 desiderato
1140 3587 1277 3668 capello
1303 3596 1338 3648 et
1369 3592 1477 3653 molte

196 3696 292 3757 volte
325 3696 468 3774 quando
492 3695 526 3756 lo
552 3714 655 3756 cerco
680 3694 857 3775 adoperar
881 3694 915 3755 in
940 3695 975 3754 la
998 3693 1152 3774 impresa
1175 3692 1262 3773 mia,
1296 3713 1351 3755 me
1375 3697 1477 3757 butta

195 3801 229 3863 in
255 3801 357 3864 ochio
383 3803 415 3863 el
439 3802 529 3864 fatto
555 3822 618 3864 suo
643 3801 828 3863 dolendosi
851 3801 932 3862 ‘chel
958 3800 984 3861 si
1003 3800 1039 3860 fa
1060 3809 1190 3882 troppo
1208 3820 1342 3881 penare
1359 3811 1395 3863 et
1411 3804 1478 3864 che

196 3912 348 3971 sarebbe
379 3909 515 3972 hormai
545 3919 664 3992 tempo
697 3908 846 3970 exaudir
876 3910 909 3969 lo
935 3907 1167 3988 Imperatore;
1201 3928 1257 3969 ma
1282 3908 1326 3969 de
1350 3920 1477 3989 questo

195 4019 278 4078 nolo
302 4037 436 4099 ponere
461 4037 501 4079 os
525 4016 559 4078 in
585 4017 738 4085 coelum:
764 4035 831 4097 pur
855 4035 924 4076 non
951 4015 1062 4076 emal
1088 4014 1230 4077 advisar
1255 4015 1312 4076 del
1337 4025 1440 4079 tutto.

282 4123 396 4204 L'ep0
422 4123 614 4186 tridentino
648 4122 667 4184 e
700 4124 819 4184 buono
844 4121 1029 4201 supposito
1054 4140 1119 4201 per
1143 4121 1218 4200 noi,
1252 4123 1357 4184 homo
1383 4133 1475 4186 orto·

195 4231 290 4293 douo
324 4241 359 4293 et
390 4230 449 4312 qui
481 4241 599 4311 potest
632 4230 726 4310 apud
751 4226 931 4290 Saxonem
963 4238 997 4290 et
1024 4229 1089 4290 che
1113 4230 1159 4289 ha
1182 4227 1341 4308 ingegno
1366 4231 1475 4292 molto

196 4338 373 4418 versatile,
399 4348 434 4400 et
450 4337 640 4419 pollicetur
656 4357 794 4398 omnem
810 4355 955 4417 operam
971 4355 1070 4396 come
1087 4332 1158 4396 fino
1174 4334 1233 4415 qui
1250 4333 1298 4396 lui
1312 4336 1359 4396 ha
1374 4334 1475 4399 iatto.

282 4445 327 4506 Et
350 4445 563 4524 Tergestino
593 4463 771 4523 nunquam
804 4442 906 4503 nobis
937 4443 1048 4503 deest.
1096 4440 1141 4502 Et
1172 4441 1256 4503 boni
1282 4462 1370 4504 sono
1395 4444 1475 4505 tutti

192 4551 271 4613 altri
304 4551 478 4634 episcopi,
515 4573 571 4614 ma
602 4551 678 4613 solo
710 4569 849 4612 noceno
880 4549 915 4611 in
951 4559 1075 4630 questo
1108 4548 1173 4610 che
1207 4550 1475 4630 perseverando

192 4677 332 4738 sempre
356 4657 390 4719 in
417 4658 511 4720 victu
536 4667 570 4720 et
595 4656 724 4720 vestitu
750 4656 854 4718 solito
879 4676 1093 4718 accresceno
1119 4655 1139 4717 l’
1154 4656 1237 4718 odio
1254 4656 1289 4718 di
1305 4655 1475 4720 Germani

193 4775 317 4827 contro
348 4774 438 4827 tutto
470 4765 491 4827 l'
523 4765 647 4827 ordine
680 4763 939 4842 ecclesiastic0,
973 4763 1032 4847 piu
1065 4762 1157 4825 assai
1190 4763 1225 4824 di
1258 4765 1375 4846 quello
1408 4767 1475 4828 che
