3330 5580
705 449 953 509 Quartum

792 725 855 788 199

620 840 830 943 Campegius
859 839 1031 921 Sadoleto.

562 978 738 1047 (Nuntiat.
763 979 916 1039 German.
940 977 1015 1037 um.
1033 979 1087 1051 78.)
1188 1009 1190 1012 -

697 1086 732 1157 (3.
753 1090 856 1154 Aprilis
879 1087 964 1156 1525.)

362 1221 416 1283 De
441 1221 475 1282 la
500 1220 715 1285 adunatione
746 1224 790 1285 de
815 1223 839 1286 li
863 1222 986 1285 villani
1009 1222 1045 1286 In
1071 1202 1264 1286 Germania
1292 1222 1318 1285 il
1344 1221 1473 1285 nuncio

189 1331 234 1392 de
259 1329 432 1411 Inspruck
464 1349 509 1390 ne
534 1328 665 1391 havera
691 1330 775 1392 dato
806 1319 912 1410 pieno
938 1329 1079 1404 avviso;
1115 1349 1228 1411 penso
1260 1331 1328 1392 che
1355 1329 1401 1392 mi
1425 1328 1472 1391 fa·

189 1457 300 1499 ranno
332 1434 489 1517 profetta
522 1437 631 1498 eche
656 1456 948 1518 cognosceranno
980 1438 1046 1499 che
1071 1457 1156 1499 cosa
1186 1436 1206 1498 ὲ
1231 1439 1318 1499 dare
1344 1436 1473 1500 liberta

188 1545 222 1606 al
256 1545 450 1625 populazzo
483 1543 517 1602 di
543 1546 702 1622 sparlare
735 1544 769 1605 in
795 1544 1022 1626 religionem,
1058 1544 1190 1624 perche
1221 1545 1302 1605 dum
1328 1543 1473 1625 impune

187 1652 377 1731 loquuntur
411 1650 579 1731 vogliono
614 1650 672 1730 poi
707 1654 821 1713 anche
858 1651 945 1713 fare.
1003 1650 1188 1731 Appresso
1223 1649 1473 1732 Nuremberga

187 1759 281 1820 hano
314 1767 487 1837 occupate
520 1758 588 1818 due
618 1756 703 1818 citta
728 1757 912 1841 imperiale
944 1768 979 1819 et
1004 1757 1173 1840 captivati
1205 1757 1229 1818 li
1254 1757 1414 1820 senatori
1437 1769 1472 1820 et

187 1863 385 1946 magistrati
414 1856 493 1925 ¹loro
525 1863 617 1924 etin
643 1863 891 1946 Nuremberga
922 1864 1040 1925 hanno
1073 1864 1253 1944 prohibito
1285 1886 1307 1926 a
1336 1864 1418 1926 tutti
1447 1863 1471 1926 li

187 1969 391 2033 monasterii
425 1969 586 2051 catholici
623 1973 654 2032 el
679 1971 866 2052 predicare
898 1981 933 2033 et
965 1972 1030 2033 che
1056 1990 1125 2032 non
1160 1970 1375 2033 confessIno.
1424 1969 1470 2033 Se

189 2079 257 2140 Dio
283 2078 314 2140 ci
339 2088 443 2160 porta
467 2076 582 2157 gratia
607 2079 672 2139 che
698 2080 732 2139 la
756 2076 893 2139 Maesti
912 2077 1076 2156 Cesarea,
1100 2078 1242 2139 reddita
1266 2098 1358 2160 pace
1382 2077 1469 2140 chri·

190 2184 312 2247 stianis
337 2183 474 2262 voglia,
511 2203 611 2244 come
636 2185 653 2246 ὲ
678 2205 742 2246 suo
768 2184 908 2263 debito,
944 2186 1108 2246 attender
1137 2186 1207 2246 alla
1231 2183 1471 2266 extirpatione

189 2294 234 2354 de
258 2293 293 2354 la
317 2293 455 2352 heresie
480 2302 515 2352 et
532 2301 703 2353 assettare
726 2290 840 2372 questi
862 2290 1012 2370 tumulti,
1036 2291 1115 2352 sarh
1133 2291 1346 2367 necessario,
1372 2312 1472 2354 come

188 2401 277 2461 altre
311 2399 407 2459 volte
433 2397 569 2476 scrissi‚
604 2409 752 2460 mettere
784 2396 817 2459 in
844 2399 963 2459 bando
997 2399 1123 2458 alcuna
1157 2397 1192 2458 di
1226 2410 1353 2478 queste
1378 2407 1471 2461 terre

188 2505 247 2586 pil
273 2505 409 2583 ribelle,
435 2518 470 2564 et
494 2505 528 2565 la
552 2504 666 2584 prima
691 2525 710 2566 a
734 2504 804 2565 mio
830 2504 959 2566 iudicio
985 2506 1168 2566 dovrebbe
1191 2524 1310 2567 essere
1327 2504 1471 2567 Nurem·

187 2616 312 2692 berga,
337 2621 371 2673 et
396 2611 649 2692 specialmente
674 2610 830 2692 priuarla
855 2609 890 2672 di
915 2611 938 2673 li
964 2609 1158 2673 commertii
1184 2622 1219 2671 et
1242 2610 1426 2674 restituirli
1451 2633 1471 2674 a

189 2720 408 2799 Ratispona,
445 2719 527 2798 qual
552 2717 685 2797 perche
709 2717 747 2780 fu
772 2717 962 2780 obediente
987 2739 1008 2780 a
1031 2728 1151 2799 tempo
1176 2719 1242 2780 che
1268 2718 1395 2781 Boemi
1419 2739 1470 2782 re·

190 2836 373 2888 cesserunt
398 2826 443 2886 ab
469 2824 599 2885 unione
616 2824 798 2886 Ecclesiae
823 2844 927 2904 perse
952 2823 975 2885 il
1000 2822 1124 2886 trafico
1150 2833 1185 2885 et
1209 2823 1245 2885 fu
1263 2824 1472 2887 transferito

188 2953 209 2994 a
233 2932 469 3011 Nurenberga
501 2951 591 3010 quae
617 2951 685 2992 non
711 2930 824 2993 timuit
849 2951 1016 2993 censuras
1049 2940 1084 2993 et
1107 2930 1335 2992 interdictum
1367 2933 1473 2994 etde

187 3036 212 3099 ll
235 3040 401 3099 hebbeno
426 3036 601 3119 principio
627 3038 696 3098 alla
721 3039 920 3118 grandezza
944 3058 1007 3099 soa
1040 3047 1074 3099 et
1099 3039 1186 3119 perd
1211 3040 1366 3101 sarebbe
1392 3059 1471 3101 con·

187 3145 352 3206 veniente
377 3146 442 3206 che
468 3144 501 3205 in
527 3163 597 3224 quo
621 3154 815 3225 peccarunt
838 3143 991 3206 maxime
1017 3144 1121 3205 etiam
1146 3143 1370 3224 punirentur.

277 3270 401 3331 Budae
428 3268 516 3329 XIII
542 3267 676 3348 Aprilis
701 3267 900 3330 MDXXV.

725 3481 894 3492 manvmw
901 3481 926 3490 ιψ.

788 3711 864 3775 200.

405 3830 564 3910 Clemens
592 3829 669 3908 llll.
699 3829 858 3907 Ethardo
887 3827 1025 3907 Gordiu.
1054 3829 1247 3909 leodiensi.

454 3977 553 4049 (aput.
572 3977 609 4035 ad
626 3976 767 4048 Principes
785 3990 835 4047 per
854 3974 976 4033 Sadolet.
995 3991 1046 4033 scr.
1065 3974 1110 4033 fol
1129 3976 1195 4039 lte.)

683 4095 736 4160 (21.
759 4095 860 4158 Aprilis
883 4091 969 4163 1525.)

276 4240 330 4302 Ex
366 4239 512 4320 regione
543 4239 756 4301 Hollandiae
792 4248 827 4300 et
864 4238 992 4299 circum
1030 4237 1275 4300 adiacentibus
1310 4240 1399 4303 locis
1434 4241 1466 4302 in

187 4348 314 4429 quibus
348 4348 499 4408 dilectae
533 4346 567 4406 in
602 4346 742 4408 Christo
775 4344 870 4406 filiae
903 4345 1032 4406 nobilis
1065 4344 1219 4406 mulieris
1248 4345 1466 4427 Margaritae

187 4454 461 4517 Archiducissae
488 4452 654 4514 Austriae
688 4463 723 4514 et
753 4451 952 4513 comitissae
976 4451 1207 4532 Burgundiae
1238 4461 1400 4534 potestas
1432 4464 1466 4516 et

187 4562 379 4623 auctoritas
403 4581 538 4622 summa
563 4573 625 4633 est,
651 4558 809 4639 quotidie
834 4558 880 4620 ad
904 4578 968 4619 nos
993 4557 1200 4620 deferuntur
1224 4562 1394 4639 querelae
1409 4561 1463 4623 ad·

188 4689 311 4731 versus
335 4670 535 4748 complures
560 4666 618 4747 qui
638 4667 712 4728 eius
736 4685 826 4745 quae
843 4685 934 4726 nunc
951 4666 1192 4726 debacchatur
1206 4666 1376 4730 hereseos
1391 4687 1462 4750 per·

185 4775 269 4837 fidia
293 4773 485 4856 inquinati,
511 4782 649 4835 vetusta
675 4770 855 4832 Ecclesiae
883 4783 1106 4833 sacramenta
1137 4783 1172 4832 et
1196 4770 1301 4834 fidem
1327 4774 1463 4856 synceri
