3330 5580
716 451 959 512 Haleso*

189 599 302 663 etiam
329 601 573 682 imperatores,
598 623 713 682 reges,
737 623 905 683 premeres
931 602 1059 681 mundi,
1085 603 1174 665 sicut
1200 613 1233 665 et
1255 624 1383 684 magna
1401 628 1476 688 per·

189 709 327 770 tinacia
352 708 528 771 lutherus
561 710 672 771 libere
696 710 878 790 professus
913 721 968 771 est
992 732 1029 772 se
1054 711 1150 773 nihili
1176 713 1334 792 pendere
1359 724 1476 775 aucto-

189 816 336 878 ritatem
362 816 589 879 conciliorum
615 838 706 898 quae
731 829 784 879 est
808 817 948 881 unicum
973 818 1165 880 remedium
1198 820 1344 880 tollendi
1370 822 1478 882 dubia

192 944 304 1004 super
335 927 442 984 rebus
474 925 714 986 controversis
750 925 989 1005 emergentia,
1016 946 1095 986 narn
1134 927 1287 986 humana
1325 928 1478 989 versutia

192 1029 334 1092 infinita
359 1041 413 1092 est
438 1031 503 1092 nisi
528 1032 668 1112 legibus
693 1041 910 1094 coerceatur.

288 1138 346 1198 Ad
371 1139 459 1199 haec
486 1159 607 1201 omnes
632 1139 825 1216 Electores,
851 1138 1089 1219 principes-et
1114 1149 1225 1200 status
1257 1139 1393 1220 imperii
1423 1164 1475 1203 su-

193 1245 398 1325 perioribus
445 1244 569 1307 diebus
616 1246 716 1326 quasi
762 1247 807 1307 ad
845 1245 1028 1326 proposita
1065 1245 1262 1308 Caesareae
1299 1246 1476 1309 Maiestati

196 1353 403 1433 responsuri
441 1366 477 1414 et
514 1352 617 1414 latius
653 1353 846 1414 consulturi
880 1363 1134 1414 consenserunt
1170 1364 1204 1414 et
1239 1355 1477 1434 promiserunt

196 1459 294 1539 quod
319 1460 440 1521 audito
464 1460 634 1522 Lutherio
659 1471 693 1523 et
718 1469 971 1541 perseverante
995 1459 1031 1520 in
1056 1469 1126 1521 tam
1152 1460 1252 1522 malis
1272 1463 1479 1523 haeresibus

197 1577 234 1626 et
258 1567 527 1647 impugnatione
552 1567 638 1629 ritus
663 1576 699 1628 et
722 1569 841 1647 legum
866 1566 1058 1646 Ecclesiae,
1083 1566 1173 1628 sicut
1189 1567 1258 1629 iam
1274 1588 1366 1629 nunc
1382 1570 1477 1631 audi-

197 1684 255 1733 tus
279 1684 333 1734 est
358 1685 393 1735 et
417 1674 497 1736 talis
521 1684 696 1756 repertus,
721 1674 833 1736 velint
858 1674 1069 1738 Caesaream
1085 1673 1309 1736 Maiestatem
1326 1674 1478 1738 fideliter

197 1780 369 1842 adiuvare
393 1780 428 1842 in
454 1781 708 1844 conservandis
725 1791 837 1843 status
855 1781 1165 1844 constitutionibus
1182 1782 1410 1844 conciliorum
1436 1805 1476 1845 ac

196 1886 283 1948 ritus
309 1896 343 1950 et
368 1889 659 1951 consuetudinem
685 1889 854 1951 maiorum
880 1900 915 1950 et
938 1889 972 1950 in
998 1887 1171 1969 religione
1203 1889 1394 1951 christiana
1418 1912 1477 1952 an·

197 2005 413 2056 tecessorum
439 2005 505 2057 etc.

288 2100 407 2181 Quare
432 2123 534 2163 sacra
559 2101 735 2164 Caesarea
759 2101 929 2164 Maiestas
961 2101 1175 2164 electoribus
1199 2103 1418 2184 principibus
1443 2117 1478 2166 et

200 2208 348 2270 statibus
366 2209 502 2290 imperii
529 2210 690 2271 clementi
716 2210 833 2272 animo
851 2209 1011 2272 duxisset
1027 2210 1297 2291 significandum
1314 2214 1476 2293 quemad-

200 2317 338 2378 modum
365 2337 410 2378 ex
430 2317 569 2378 illorum
586 2337 727 2397 quoque
745 2318 1004 2379 consultatione
1021 2318 1190 2399 consequi
1206 2318 1356 2397 videtur,
1382 2322 1476 2400 quod

203 2423 352 2485 Martino
379 2423 546 2485 Lutherio
580 2424 614 2485 in
652 2424 811 2504 hospicio
848 2425 923 2485 eius
958 2434 1018 2486 aut
1046 2425 1163 2489 vicino
1188 2427 1267 2488 loco
1291 2427 1477 2507 responsio

204 2529 313 2592 finalis
337 2551 499 2594 recessus
524 2532 646 2602 detur;
680 2531 846 2593 videlicet
879 2542 916 2592 ut
941 2553 979 2592 se
1004 2531 1154 2614 recipiat
1177 2533 1212 2595 in
1238 2535 1351 2595 locum
1379 2554 1476 2595 suurn

206 2649 310 2700 tutum
335 2642 471 2719 absque
496 2660 595 2700 mora
618 2659 734 2719 neque
759 2637 889 2700 alicubi
913 2637 947 2698 in
973 2637 1099 2700 itinere
1124 2639 1303 2701 subsistat.

285 2746 330 2807 Et
354 2756 437 2828 post
460 2748 641 2828 expletum
667 2748 802 2808 salvum
828 2746 1039 2806 conductum
1064 2746 1150 2808 velit
1175 2744 1285 2808 Sacra
1309 2746 1479 2808 Maiestas

207 2852 272 2914 eius
301 2852 402 2915 seriis
432 2854 607 2916 mandatis
640 2861 763 2916 contra
794 2851 999 2913 lutherium
1032 2853 1205 2933 huiusque
1241 2854 1478 2915 adhaerentes

208 2968 237 3021 et
256 2960 419 3042 hospicio
457 2971 517 3022 aut
553 2960 679 3042 quovis
705 2961 808 3023 modo
833 2959 1007 3037 faventes
1034 2970 1100 3021 etc.
1127 2969 1331 3022 constanter
1355 2980 1477 3040 proce-

208 3067 281 3128 dere
319 3068 366 3129 ad
399 3067 686 3149 supprimendam
722 3065 956 3128 temeritatem
994 3077 1029 3126 et
1065 3066 1231 3128 malitiam
1262 3066 1354 3127 illius
1378 3067 1478 3128 iuxta

208 3171 346 3236 formam
371 3176 631 3255 quodammodo
657 3173 786 3254 prioris
811 3173 978 3236 mandati.

286 3282 375 3343 Item
408 3282 503 3362 quod
533 3281 607 3343 eius
632 3281 802 3342 Maiestas
826 3280 1007 3342 statuisset
1032 3280 1141 3341 libros
1166 3279 1311 3340 Lutheri
1337 3283 1478 3342 nomine

210 3383 390 3469 inscriptos
414 3388 627 3450 interdicere
653 3390 797 3450 abolere
822 3389 1033 3467 extinguere
1059 3397 1094 3449 et
1119 3390 1336 3449 comburere.

288 3496 332 3558 Et
369 3495 486 3558 omnia
522 3495 643 3558 conari
680 3497 773 3557 velle
809 3515 901 3575 quae
937 3495 982 3556 ad
1010 3493 1191 3555 haeretica
1215 3493 1308 3555 illius
1332 3494 1478 3555 inventa

212 3602 352 3665 delenda
375 3602 496 3665 facere
519 3603 696 3665 videntur.

288 3712 376 3772 Post
410 3712 498 3774 haec
536 3720 637 3792 petat
670 3731 772 3772 sacra
804 3710 878 3771 eius
909 3709 1076 3771 maiestas
1101 3706 1129 3769 si
1154 3707 1238 3788 quid
1263 3707 1478 3769 electoribus

213 3817 419 3900 principibus
451 3838 492 3881 ac
524 3819 675 3880 statibus
704 3829 872 3898 tanquam
897 3813 1162 3878 christianitatis
1187 3815 1353 3876 membris
1377 3835 1476 3895 prae-

213 3930 297 3986 terea
321 3926 484 3987 videatur
508 3926 681 4007 expedire
706 3925 752 3986 ad
777 3944 856 3986 eurn
881 3923 1056 4000 effectum,
1081 3930 1142 3982 aut
1166 3921 1193 3982 si
1210 3923 1293 4001 quid
1319 3923 1384 4002 ipsi
1404 3933 1477 3983 tan·

212 4047 303 4108 quam
328 4030 473 4095 Caesari
502 4032 694 4095 christiano
719 4043 755 4093 et
779 4030 888 4092 tutori
917 4027 1098 4091 Ecclesiae
1124 4029 1275 4107 amplius
1300 4031 1477 4105 agendum

213 4136 247 4197 sit
271 4150 308 4201 ut
331 4139 484 4201 fideliter
507 4139 600 4201 illius
624 4140 675 4201 rei
691 4138 915 4201 Maiestatem
932 4137 1007 4198 eius
1024 4134 1356 4214 commonefaciant,
1382 4137 1478 4215 quod

213 4245 249 4304 ab
269 4247 431 4309 omnibus
454 4247 577 4326 exigat
602 4259 637 4308 et
662 4245 829 4326 requirat.

625 4412 638 4448 2
