3344 5564
706 493 954 551 *erasm

192 639 298 701 modo
323 641 419 703 salus
444 639 626 720 inferatur,
641 642 716 704 sive
733 642 896 722 pervim,
912 640 987 705 sive
1004 660 1069 721 per
1085 641 1313 719 voluntatem,
1335 648 1435 702 utrun-

193 765 261 827 que
286 757 322 809 et
346 758 400 810 est
424 758 460 810 et
483 750 686 829 appellatur
709 747 883 811 Charitas.
1341 748 1348 755 '

282 854 323 935 (¹)
348 855 416 936 (Ac
440 855 671 936 intelligimus
695 875 760 919 nos
784 854 926 936 quidem
949 854 995 917 ad
1019 855 1110 916 hanc
1135 873 1209 917 rem
1226 851 1438 934 peragendam

193 980 323 1042 magna
353 963 418 1025 abs
446 971 481 1023 te
510 961 644 1024 auxilia
675 962 791 1025 eidem
823 962 910 1025 Car¹i
943 960 1053 1023 fuisse
1078 961 1208 1023 oblata.
1257 958 1334 1040 Quo
1366 967 1438 1021 certe

194 1066 320 1129 nuncio
344 1068 532 1148 plurimum
556 1067 679 1130 laetati
704 1088 833 1148 sumus,
856 1067 1130 1149 recognovimus
1154 1066 1246 1129 enim
1269 1066 1304 1128 in
1320 1067 1379 1128 hac
1397 1064 1439 1127 de·

194 1175 389 1238 claratione
413 1185 496 1238 tuae
519 1174 723 1253 voluntatis,
748 1195 887 1238 omnem
911 1175 1008 1238 illam
1033 1173 1215 1251 virtutem,
1247 1193 1348 1255 quam
1370 1171 1399 1235 in
1415 1180 1440 1232 te

194 1302 334 1364 semper
357 1282 589 1346 iudicavimus
613 1282 812 1359 maximam,
837 1281 1028 1346 excitatam
1053 1280 1161 1344 fuisse
1184 1299 1305 1343 amore
1328 1277 1441 1341 divinae

193 1387 388 1470 religionis,
413 1399 449 1452 et
472 1389 661 1470 singularis
685 1399 767 1452 tuae
790 1389 826 1451 in
851 1388 1002 1471 patriam
1026 1386 1179 1470 pietatis,
1203 1386 1260 1450 cui
1275 1385 1376 1448 etiam
1393 1383 1441 1446 fra·

193 1504 295 1558 terna
318 1495 410 1558 inter
433 1517 498 1559 vos
521 1495 748 1559 necessitudo
771 1496 967 1559 fomentum
990 1491 1193 1578 praestitit).
1240 1493 1312 1556 Sed
1328 1502 1365 1554 ut
1377 1492 1441 1554 haec

194 1602 332 1681 melius,
361 1603 562 1685 certiusque
595 1613 767 1684 gerantur
790 1624 833 1665 ac
856 1602 1046 1685 impiorum
1069 1600 1216 1666 consilia
1240 1610 1277 1664 et
1299 1599 1443 1663 factiones

193 1717 329 1771 terrore
373 1709 524 1772 nominis
554 1710 664 1773 vestri
696 1710 946 1790 discutiantur,
981 1709 1109 1772 foedus
1142 1708 1246 1786 illud,
1282 1717 1317 1770 et
1350 1701 1443 1768 similis

193 1815 450 1896 Ratisponensi
475 1817 667 1878 concordia
691 1816 877 1898 plurimum
903 1816 1067 1898 profecto
1084 1827 1138 1880 est
1152 1815 1348 1898 profutura,
1364 1829 1442 1894 quam

194 1931 231 1983 ut
254 1932 419 2002 tractare,
432 1925 593 2003 suadere,
618 1944 903 2006 promovereque
927 1922 1110 2003 studeatis,
1131 1940 1348 2004 magnopere
1364 1914 1441 1982 Nobi·

193 2029 311 2091 litates
335 2039 474 2092 vestras
497 2030 533 2092 in
558 2031 711 2094 Domino
736 2034 971 2109 obtestamur,
1008 2050 1073 2112 pro
1098 2039 1219 2092 nostra
1244 2027 1347 2091 etiam
1367 2034 1443 2108 parte

194 2136 443 2218 promittentes
468 2158 532 2200 nos
556 2137 740 2200 vobiscum
765 2148 800 2201 et
832 2159 911 2201 cum
942 2137 1040 2217 aliis,
1074 2137 1133 2218 qui
1162 2138 1255 2199 bene
1288 2131 1443 2198 sentiendo
1504 2146 1507 2159 ¹

195 2244 444 2324 convenerint,
477 2244 643 2325 consilia,
669 2255 704 2307 et
728 2244 862 2307 auxilia
886 2254 1008 2307 nostra
1031 2264 1097 2325 pro
1122 2241 1336 2307 Germaniae
1358 2239 1447 2302 salute

194 2359 385 2431 vestraque
411 2349 584 2431 dignitate
608 2351 946 2428 communicaturos,
973 2351 1063 2415 sicut
1087 2349 1192 2412 latius
1215 2348 1393 2411 vobiscum
1411 2339 1450 2404 di-

193 2460 307 2519 lectus
337 2456 430 2520 filius
454 2457 558 2521 Laur.
596 2456 810 2539 Campegius
842 2457 1041 2520 Cardinalis
1076 2466 1141 2519 etc.
1177 2463 1299 2518 nostro
1331 2450 1460 2516 nomine

195 2583 325 2643 coram,
349 2573 411 2625 aut
434 2583 500 2645 per
523 2563 660 2626 litteras
684 2573 780 2646 aget,
804 2562 860 2626 cui
885 2584 1024 2627 omnem
1047 2561 1153 2626 fidem
1178 2561 1390 2624 Nobilitates
1406 2574 1472 2617 ve*

197 2678 292 2731 strae
318 2670 548 2734 adhibebunt.

283 2795 414 2857 Datum
439 2794 580 2857 Romae
605 2804 671 2856 etc.
704 2792 773 2857 Die
798 2794 866 2856 VII
898 2791 1083 2856 Februarii
1112 2789 1313 2855 MDXXV.
1350 2780 1507 2851 anfi

196 2899 373 2964 Secundo.

284 3024 420 3088 Similia
444 3025 573 3087 Brevia
599 3027 708 3088 multa
731 3025 827 3104 fient,
851 3023 994 3088 mutatis
1018 3022 1141 3105 paucis
1165 3021 1384 3104 quibusdam.

650 3649 822 3728 Roianus
851 3646 1023 3728 Sadoleto.

524 3795 639 3861 (varior.
659 3794 697 3854 ad
715 3795 797 3854 dlem.
816 3794 877 3853 vn.
896 3793 955 3853 Vol.
974 3793 1011 3853 11.
1030 3792 1075 3852 tol.
1096 3792 1152 3862 39.)

689 3914 722 3980 (7.
745 3915 882 3967 Februarii
906 3919 991 3976 1525.)

287 4058 345 4120 Ho
369 4059 502 4120 havuto
527 4058 551 4119 li
576 4055 676 4119 brevi
701 4057 748 4119 ali
763 4056 921 4136 Principi
947 4057 991 4117 de
1010 4052 1210 4132 Germania,
1235 4052 1331 4133 quali
1351 4071 1475 4115 sereno

201 4166 310 4227 molto
335 4186 355 4227 a
378 4163 562 4246 preposito
587 4165 653 4226 che
678 4165 769 4227 oltra
794 4164 860 4226 che
884 4160 1123 4225 iustificarano
1140 4179 1238 4223 esser
1253 4158 1346 4222 falso
1360 4159 1477 4240 quello

199 4271 224 4333 li
247 4270 393 4352 maligni
412 4291 528 4334 vanno
553 4271 787 4352 divulgandO,
819 4272 978 4332 haranno
996 4267 1101 4331 etiam
1117 4267 1261 4347 apiacer
1282 4284 1479 4346 cognoscet

200 4380 265 4440 che
288 4377 331 4439 N.
349 4376 385 4442 S.
409 4389 520 4460 tenga
543 4387 649 4441 conto
674 4387 709 4439 et
733 4375 903 4441 memoria
927 4376 971 4438 de
996 4378 1089 4437 loro:
1114 4377 1185 4436 ben
1210 4371 1318 4435 havia
1342 4372 1479 4435 deside·

201 4494 279 4548 rato
304 4486 370 4547 che
394 4485 416 4546 'l
441 4505 485 4548 ne
509 4484 606 4548 fusse
631 4494 725 4548 stato
750 4505 819 4546 uno
845 4505 865 4545 a
890 4485 992 4546 Duca
1017 4481 1114 4544 Zorzi
1146 4481 1190 4542 de
1215 4478 1376 4543 Saxonia
1400 4481 1483 4562 qual

200 4592 313 4655 duno
344 4592 387 4653 de
412 4591 435 4653 li
467 4591 552 4655 boni
584 4600 620 4654 et
647 4592 694 4653 ha
725 4593 757 4653 el
789 4611 852 4654 suo
883 4600 976 4653 stato
1010 4590 1090 4652 nele
1122 4587 1259 4650 viscere
1293 4587 1350 4649 del
1380 4588 1483 4651 Duca

219 4822 258 4892 (Ι)
277 4823 368 4873 Verba
385 4824 461 4872 uncis
480 4822 583 4872 inclusa
603 4823 707 4871 suerunt
726 4823 824 4888 scripta
843 4830 956 4887 quatuor
974 4821 1027 4871 illis
1047 4821 1091 4886 qui
1110 4821 1285 4885 promiserant
1304 4819 1444 4871 auxilium.
