3330 5580
641 498 887 561 edwi&

118 667 351 730 permaneas,
376 649 539 713 hortatur
563 651 655 713 enim
680 662 715 715 te
739 650 844 730 fides,
874 661 910 713 et
941 648 1098 733 dignitas
1130 662 1208 730 tua,
1240 660 1346 734 atque
1377 649 1407 715 is

120 756 223 819 Deus
246 777 352 820 verus
367 769 402 819 et
419 778 520 838 unus,
545 758 644 821 cuius
668 779 791 822 omnes
815 759 957 838 nomini,
982 773 1016 821 et
1040 760 1168 822 honori
1182 762 1315 824 tuendo
1340 763 1407 824 ela·

120 865 306 937 boramus;
343 884 447 946 quem
480 864 544 926 tibi
575 886 644 928 non
678 866 879 928 dubitamus
911 879 1050 929 tuorum
1078 867 1240 930 laborum
1273 868 1408 931 fructus

120 970 321 1033 uberrimos
345 973 547 1034 relaturum.
600 971 685 1052 Nos,
710 972 739 1034 si
767 973 832 1034 tibi
865 973 1122 1036 incommodum
1156 996 1227 1038 non
1259 987 1332 1055 est,
1363 977 1409 1039 de

122 1079 233 1140 rebus
256 1077 324 1140 illis
349 1099 414 1159 per
437 1088 472 1140 te
497 1078 717 1160 potissimum
744 1081 914 1144 certiores
938 1102 1149 1162 cuperemus
1165 1081 1253 1163 fieri,
1278 1084 1307 1146 si
1324 1083 1409 1165 quid

126 1198 224 1247 esset
248 1187 343 1265 quod
368 1205 389 1247 a
414 1185 517 1249 nobis
542 1186 619 1267 geri
650 1197 711 1248 aut
741 1188 879 1250 consuli
910 1199 1078 1269 oportere
1106 1187 1295 1269 iudicares,
1328 1210 1408 1253 nam

123 1301 162 1354 et
185 1312 229 1355 ea
252 1292 437 1356 verissima
460 1295 674 1356 haberemus
698 1314 789 1375 quae
813 1296 878 1357 abs
902 1307 937 1357 te
961 1294 1095 1375 scripta
1118 1306 1237 1358 essent
1271 1307 1306 1359 et
1337 1318 1408 1360 non

123 1400 331 1462 deessemus
355 1400 471 1463 studio
502 1411 537 1463 et
568 1420 689 1481 opera,
720 1401 839 1463 omnia
868 1401 1033 1464 faciendo
1062 1422 1153 1483 quae
1185 1404 1230 1465 ad
1265 1402 1407 1467 Christi-

123 1507 271 1568 anitatis
304 1508 413 1569 decus
437 1519 472 1570 et
496 1507 542 1569 ad
566 1506 660 1569 illius
685 1507 838 1570 nationis
863 1509 1012 1570 salutem
1037 1509 1265 1590 pertinerent.

216 1613 347 1676 Datum
389 1613 529 1676 Romae
573 1614 630 1676 die
676 1613 808 1676 XXIII
847 1615 1002 1697 Augusti
1040 1615 1239 1682 MDXXV.
1302 1618 1407 1682 Anno

124 1718 305 1784 Secundo.

300 2372 427 2456 Joauu.
456 2374 627 2456 hibertus
654 2258 898 2479 Brmiiiiurg.
941 2377 1114 2457 Clementi
1142 2377 1219 2458 VII.

593 2532 651 2607 (Fu
681 2534 766 2607 prim
789 2534 841 2592 m
869 2533 939 2606 240.)

617 2659 671 2727 (25.
691 2664 806 2725 Augusti
831 2662 917 2730 1525.)

219 2803 322 2884 Depo
347 2804 381 2867 la
405 2813 537 2867 venuta
561 2804 629 2866 mia
658 2804 694 2865 in
722 2803 933 2884 Germania,
970 2808 1014 2869 de
1045 2817 1175 2888 quante
1208 2827 1301 2869 nove
1331 2827 1407 2888 per·

125 2910 321 2973 turbationi
345 2930 457 2973 sonno
481 2930 625 2972 occurse
650 2913 695 2973 de
720 2912 752 2973 le
777 2912 871 2991 quali
897 2913 932 2974 in
957 2915 1051 2975 bona
1067 2925 1169 2994 parte
1184 2913 1219 2975 io
1234 2933 1298 2976 son
1316 2922 1408 2975 stato

126 3028 305 3100 presente,
329 3037 374 3079 ne
399 3018 445 3078 ho
470 3028 592 3079 tenuto
617 3017 753 3080 avisato
778 3020 812 3080 lo
838 3016 885 3081 S‘.
912 3020 1096 3082 Marchese
1114 3019 1311 3100 Gumperto
1335 3021 1406 3082 mio

129 3122 282 3203 fratello
306 3124 472 3186 accioche
497 3123 725 3188 riferendone
742 3145 763 3186 a
780 3125 865 3205 Mgf.
882 3126 905 3188 il
931 3127 1089 3204 Datari0,
1115 3147 1178 3188 sua
1202 3127 1237 3191 S,
1263 3138 1406 3208 potesse

132 3230 233 3294 farne
258 3232 442 3312 partecipe
466 3232 510 3296 V.
544 3230 596 3293 Sti
620 3233 762 3314 quando
795 3232 819 3294 li
852 3234 948 3295 fusse
982 3254 1088 3315 parso
1118 3245 1340 3315 opportuno,
1374 3246 1410 3296 et

130 3340 205 3416 che,
230 3358 331 3401 come
355 3359 419 3420 per
444 3341 551 3402 molte
577 3341 667 3402 altre
691 3338 760 3418 vie,
784 3346 856 3401 cosi
882 3341 1017 3402 anchor
1041 3361 1105 3422 per
1138 3351 1263 3421 questa
1295 3340 1407 3402 venis-

131 3465 216 3509 seno
232 3467 254 3508 a
270 3446 396 3508 notitia
421 3446 455 3508 di
481 3449 514 3507 la
539 3444 591 3507 8ιὰ
617 3447 675 3509 Ψ.
708 3447 807 3508 Hora
832 3466 898 3508 con
923 3445 1095 3509 occission
1122 3446 1158 3507 di
1174 3446 1268 3509 circa
1291 3458 1407 3509 cento·

130 3551 224 3615 milia
252 3552 373 3615 rustici
409 3552 443 3614 in
473 3552 605 3615 diversi
634 3553 768 3632 luochi,
804 3556 836 3615 le
866 3552 1030 3615 seditioni
1060 3572 1125 3632 per
1153 3561 1279 3633 questa
1310 3553 1407 3614 volta

131 3680 235 3742 spero
260 3661 420 3723 haranuo
444 3663 577 3722 havuto
601 3659 671 3721 fine
696 3669 732 3722 et
755 3659 841 3722 forsi
865 3659 900 3722 in
926 3659 1013 3722 tanti
1041 3659 1121 3721 mali
1146 3678 1187 3720 ce
1211 3658 1289 3720 sard
1315 3670 1408 3722 stato

130 3785 197 3847 pur
220 3778 347 3849 questo
371 3767 407 3828 di
431 3771 551 3830 buono
577 3769 642 3829 che
667 3767 764 3829 molti
790 3788 827 3829 se
856 3786 1190 3847 recognoscerenno
1223 3766 1282 3828 dal
1310 3786 1409 3828 error

131 3894 325 3937 commesso
350 3874 385 3936 in
411 3875 490 3955 Dio,
515 3874 549 3937 in
575 3877 609 3936 la
633 3873 684 3933 8¹³
702 3874 744 3937 V.
770 3886 806 3936 et
829 3882 920 3935 tutta
944 3873 977 3934 la
1002 3873 1097 3935 Sede
1115 3872 1335 3954 Apostolica.
1371 3872 1408 3934 io

130 4000 200 4044 non
225 4000 327 4043 cesso
350 3981 396 4043 nd
419 3983 465 4044 ho
490 3981 559 4043 mai
583 3993 722 4044 cessato
745 3981 961 4062 persuadere
986 3981 1051 4043 che
1076 3978 1149 4042 cosi
1173 3980 1226 4041 sia
1250 3992 1285 4041 et
1309 4000 1409 4043 come

131 4088 149 4151 <i
173 4088 243 4151 mio
268 4088 389 4161 debito
415 4090 663 4151 commendare
687 4088 711 4150 il
736 4108 840 4150 nome
865 4089 910 4148 de
927 4089 960 4148 la
977 4087 1030 4149 δή
1048 4087 1091 4150 V.
1107 4108 1128 4149 a
1146 4086 1260 4169 questi
1277 4086 1408 4168 popoli,

129 4208 166 4259 et
188 4195 276 4259 forsi
300 4215 369 4257 non
395 4195 501 4276 pochi
526 4216 569 4257 ne
593 4197 640 4258 ho
664 4195 801 4258 rimessi
824 4194 858 4256 in
884 4196 917 4256 la
941 4194 999 4256 via
1023 4195 1143 4257 diritta
1168 4214 1234 4256 con
1259 4194 1294 4255 lo
1311 4193 1407 4255 aiuto

61 4320 68 4335 ·
130 4304 174 4365 de
198 4301 278 4364 Dio.

218 4407 264 4471 Di
289 4430 406 4472 nuovo
431 4411 449 4472 ὲ
474 4420 605 4473 venuto
630 4411 677 4472 da
701 4430 755 4472 me
785 4408 962 4473 (iiovanni
987 4410 1135 4490 Venger
1166 4408 1337 4470 cittadino
1369 4406 1403 4469 di

129 4514 337 4579 Navistadio
362 4528 457 4579 terra
481 4519 538 4580 nel
563 4518 706 4581 domino
731 4528 871 4597 nostr0‚
904 4518 1010 4579 homo
1042 4517 1076 4578 in
1108 4517 1215 4578 molte
1246 4517 1335 4577 altre
1359 4515 1406 4577 fa·

129 4624 223 4686 culti
248 4635 284 4686 et
307 4624 341 4686 in
356 4626 540 4707 theologia
564 4624 773 4703 dottissimo,
790 4635 836 4704 et,
852 4634 984 4705 quanto
1001 4633 1126 4705 questa
1142 4632 1262 4685 nostra
1286 4622 1408 4703 lingua

129 4743 222 4811 pate,
248 4731 500 4795 facundissimo
525 4746 561 4796 et
576 4744 661 4814 apto
686 4754 707 4795 a
723 4732 956 4814 persuadere;
981 4730 1005 4792 il
1022 4730 1127 4811 quale
1142 4750 1163 4791 a
1177 4728 1407 4811 requisitione

130 4848 165 4899 et
188 4838 330 4921 prieghi
355 4840 390 4901 di
415 4840 513 4902 molti
536 4839 715 4922 impauriti
745 4839 792 4900 da
820 4848 943 4921 queste
976 4835 1194 4899 tribulationi
1225 4847 1261 4897 et
1284 4854 1350 4918 per
1373 4837 1407 4897 io
