3330 5580
705 440 763 493 QYI
800 440 854 491 440
892 437 950 492 ΞΗ)

189 586 336 648 exitium
354 586 548 647 animarum
571 604 717 664 quarum
733 582 904 664 precipue
929 582 1032 643 nobis
1057 604 1141 644 cura
1165 564 1392 646 demandata
1408 595 1472 664 est,

189 702 261 755 tum
274 692 375 755 istius
389 690 518 754 nobilis
533 702 616 753 tuae
641 700 676 752 et
691 690 794 751 nobis
812 688 1038 751 charissimae
1055 689 1292 755 Germanicae
1317 692 1473 756 nationis

189 801 355 862 damnum
380 810 416 860 et
439 798 686 879 ignominiam:
717 816 804 878 quas
829 807 968 859 nostras
991 797 1211 861 hortationes
1236 799 1372 861 utinam
1397 800 1472 881 plu·

188 927 245 969 res
270 917 305 968 et
334 906 466 967 maiore
498 904 614 966 studio
651 903 911 984 suscepissent;
950 914 1044 965 esset
1075 925 1166 966 nunc
1198 905 1248 967 illi
1280 888 1418 987 populo
1453 927 1475 968 a

189 1015 266 1076 Deo
292 1013 388 1075 facta
412 1013 525 1084 salus;
558 1020 675 1073 tamen
710 1030 888 1090 nunquam
913 1009 1214 1074 desistemushoc
1240 1012 1334 1075 idem
1361 1032 1474 1095 agere

188 1140 253 1202 pro
285 1117 473 1181 occasione
497 1128 705 1200 temporum.
753 1117 855 1178 Nunc
884 1117 1026 1198 quidem
1058 1119 1153 1199 quod
1177 1119 1222 1179 ad
1248 1128 1326 1181 tuas
1352 1132 1474 1200 postu-

188 1229 339 1288 lationes
364 1236 399 1286 et
422 1225 482 1307 pia
506 1246 546 1286 ac
576 1234 698 1286 sancta
732 1223 908 1285 desideria
944 1224 1087 1304 attinet,
1118 1226 1305 1288 laudantes
1336 1247 1475 1290 summe

188 1330 408 1415 propositum
449 1341 485 1394 et
519 1331 742 1412 prudentiam
775 1329 978 1392 Nobilitatis
1015 1342 1112 1412 tuae,
1151 1353 1257 1413 quum
1297 1332 1477 1396 eiusmodi

188 1439 393 1500 facultatem
417 1438 574 1500 tribuere
599 1447 740 1519 oportet
764 1437 864 1498 iuxta
889 1437 1031 1500 ordines
1047 1448 1083 1501 et
1098 1442 1242 1521 regulas
1267 1451 1475 1504 sanctorum

189 1556 339 1627 patrum,
364 1545 447 1625 quia
469 1556 596 1624 postea
620 1555 703 1606 tuae
727 1543 947 1606 auctoritatis
971 1545 1092 1626 gladio
1116 1545 1241 1608 armati
1265 1548 1474 1611 mandatam

190 1662 225 1713 et
250 1650 529 1712 commissionem
561 1660 655 1711 tuam
692 1663 926 1730 exequantur,
960 1651 1172 1714 comittimus
1207 1664 1331 1716 tenore
1372 1676 1473 1737 prae·

192 1758 343 1820 sentium
369 1767 404 1819 et
427 1757 633 1819 facultatem
657 1759 809 1839 amplam
835 1760 958 1819 damus
992 1758 1121 1821 dilecto
1155 1759 1227 1822 filio
1257 1772 1382 1824 nostro
1412 1762 1474 1824 Er-

190 1866 302 1927 bardo
344 1863 523 1927 Cardinali
563 1863 752 1926 Leodiensi
783 1877 820 1925 ut
856 1864 950 1944 ipse,
986 1865 1044 1946 qui
1080 1876 1115 1927 et
1147 1867 1308 1929 homines
1344 1877 1382 1930 et
1415 1889 1474 1931 res

190 1975 299 2033 habet
312 1971 485 2052 cognitas,
510 1973 600 2032 tales
624 1990 796 2052 personas
821 1971 1002 2034 nominare
1026 1992 1117 2054 quae
1144 1983 1178 2033 et
1202 1973 1334 2036 virtute
1360 1984 1397 2036 et
1420 1995 1473 2038 re·

190 2078 324 2159 ligione
349 2089 384 2140 et
409 2077 570 2139 doctrina
594 2087 699 2159 aptae
725 2078 795 2139 sint
818 2078 863 2139 ad
888 2077 1136 2159 inquirendum
1160 2090 1284 2141 contra
1319 2082 1472 2144 luthera-

189 2206 254 2247 nos
279 2196 315 2245 et
339 2205 411 2264 eos,
437 2185 466 2246 si
490 2185 548 2266 qui
573 2184 716 2264 fuerint,
741 2185 799 2247 vel
824 2187 1025 2265 cogendum
1049 2194 1087 2247 ut
1111 2186 1334 2267 resipiscant,
1359 2191 1418 2251 vel
1443 2189 1473 2250 si

190 2292 392 2374 pertinaces
416 2291 451 2354 in
477 2311 540 2353 suo
566 2294 701 2354 scelere
726 2302 760 2353 et
788 2291 970 2373 impietate
993 2293 1271 2372 permanserint,
1303 2303 1475 2376 tanquam

190 2400 391 2461 haereticos
421 2398 637 2480 puniendos;
673 2418 764 2479 quae
795 2399 901 2461 etiam
932 2418 1108 2481 personae
1139 2400 1379 2464 nominandae
1408 2402 1474 2464 tibi

191 2515 315 2586 gratae
340 2514 377 2568 et
400 2516 570 2586 acceptae
596 2526 673 2568 esse
698 2505 963 2586 dignoscantur.
1017 2505 1091 2568 Nos
1127 2507 1219 2568 enim
1251 2507 1384 2570 talibus
1413 2509 1474 2590 qui

192 2632 257 2694 per
282 2611 414 2674 dictum
438 2612 654 2674 cardinalem
679 2612 847 2674 nominati
874 2623 908 2674 et
932 2633 953 2674 a
984 2622 1019 2674 te
1045 2614 1220 2693 acceptati
1245 2612 1378 2677 fuerint
1402 2636 1474 2678 om-

192 2740 272 2781 nem
297 2728 422 2782 tenore
446 2720 664 2802 presentium
680 2720 803 2781 damus
821 2719 1018 2802 apostolica
1033 2720 1243 2782 auctoritate
1265 2720 1474 2785 facultatem

192 2825 293 2887 simul
319 2834 354 2887 et
377 2835 591 2907 potestatem
616 2837 740 2888 contra
765 2826 877 2888 dietas
902 2827 1160 2889 ecclesiasticas
1183 2847 1355 2906 personas
1381 2850 1475 2911 quae

192 2941 392 3013 compertas
416 2931 450 2994 in
475 2932 543 2994 ista
566 2932 704 2994 nefaria
727 2933 844 2995 heresi
868 2931 1009 3012 fuerint,
1035 2933 1253 3014 procedendi
1285 2934 1393 2996 etiam
1424 2936 1475 2998 di·

191 3037 298 3099 missa
321 3037 472 3100 formula
495 3038 679 3101 iudiciaria
703 3039 890 3101 summarie
923 3060 965 3101 ac
995 3041 1040 3102 de
1064 3041 1186 3120 plan0,
1212 3041 1287 3102 sola
1320 3040 1475 3106 veritate

192 3143 362 3225 inspecta,
389 3154 425 3207 et
438 3145 466 3206 si
482 3145 667 3207 convictae
684 3144 816 3206 fuerint
832 3145 911 3207 illas
927 3146 1070 3226 publice
1086 3155 1281 3209 retractare
1305 3149 1477 3229 cogendi,

192 3252 395 3332 pertinaces
432 3261 467 3314 et
500 3251 698 3314 obstinatos
734 3251 839 3314 etiam
880 3252 1048 3315 extremis
1086 3253 1268 3333 suppliciis
1300 3254 1476 3334 puniendi

192 3358 311 3420 iuxsta
335 3358 495 3421 ordinem
520 3368 556 3421 et
579 3379 712 3421 morem
736 3380 757 3419 a
782 3357 923 3421 Sanctis
948 3358 1113 3420 Patribus
1137 3370 1173 3420 et
1203 3359 1357 3421 romanis
1382 3362 1477 3424 Pon·

192 3463 345 3527 tificibus
362 3476 487 3528 contra
501 3465 701 3528 haereticos
717 3474 884 3527 statutum
910 3485 978 3527 non
1004 3466 1228 3527 obstantibus
1250 3467 1475 3546 quibuscum-

193 3590 272 3650 que.
320 3572 373 3633 Tu
399 3591 496 3651 ergo,
523 3571 651 3634 dilecte
676 3571 734 3652 fili,
759 3572 795 3634 in
819 3574 886 3634 hac
911 3571 970 3655 pia
995 3582 1029 3634 et
1054 3572 1229 3635 catholica
1250 3586 1367 3636 mente
1386 3595 1479 3658 erga

192 3677 470 3759 omnipotentem
486 3681 599 3741 Deum
622 3699 858 3761 perseverans
882 3679 1061 3758 confidere
1087 3681 1236 3743 debebis
1260 3692 1295 3741 te
1313 3683 1476 3761 praemia

192 3786 238 3845 ab
263 3805 306 3846 eo
331 3784 451 3866 digna,
477 3807 497 3847 a
521 3785 623 3847 nobis
647 3785 788 3866 quidem
814 3806 951 3848 omnem
975 3787 1137 3866 gratiam,
1163 3808 1183 3848 a
1204 3788 1338 3848 cunctis
1362 3789 1474 3851 homi·

192 3890 295 3952 nibus
320 3892 461 3953 laudem
485 3900 755 3973 reportaturum.
803 3892 884 3955 Dat.
917 3893 1056 3954 Romae
1091 3894 1147 3954 die
1173 3893 1304 3955 XXIII
1335 3895 1474 3976 Aprilis

192 3995 384 4059 MDXXV
408 4018 501 4060 anno
527 3999 694 4060 secundo
