3330 5580
703 340 951 400 *Qilbssffi

187 508 259 550 non
282 508 405 570 parum
422 487 537 550 obfuit
553 488 734 552 institutae
748 511 847 554 meae
863 499 989 554 contra
1011 488 1172 573 impium
1188 490 1336 555 Turcam
1351 486 1435 555 dua·

188 595 289 675 sioni,
315 594 372 676 qui
397 598 523 657 crebro
546 597 699 678 populos
722 618 822 659 meos
845 608 955 660 vexat
978 597 1099 679 clade,
1124 596 1315 679 incendio,
1333 596 1438 693 prada,

188 701 485 784 depopulatione,
515 702 613 765 cuius
636 714 736 766 tanta
760 714 815 767 est
837 704 1015 787 potentia,
1046 714 1089 767 ut
1112 702 1171 768 illi
1197 722 1290 787 ego,
1316 702 1344 769 si
1390 702 1400 717 “
1424 704 1436 725 ’”

188 829 245 871 res
268 829 368 871 meae
392 818 512 871 essent
535 811 642 891 longe
665 808 925 891 florentissime,
948 830 1016 893 par
1039 830 1125 875 esse
1143 830 1337 895 nequeam.
1435 834 1444 883 ·,

189 936 257 997 que
274 937 388 998 nuper
408 916 593 979 recensitis
616 917 749 980 viribus
774 918 870 997 meis,
895 917 1032 981 cunctis
1046 916 1222 982 viderem
1240 938 1303 983 eas
1323 938 1372 983 orn
1409 990 1412 995 ,
1437 922 1447 1007 J·

188 1023 290 1086 simul
307 1022 461 1086 numeris
475 1044 696 1105 nequaquam
711 1023 876 1087 sufficere
892 1044 971 1087 cum
986 1044 1054 1108 pro
1066 1024 1262 1107 ponendis
1277 1046 1326 1111 op
1423 1022 1431 1039 '

187 1131 374 1212 praesidiis
398 1130 492 1193 circa
521 1133 600 1193 loca
631 1132 821 1195 discrimini
855 1131 1040 1213 exposita,
1068 1140 1149 1195 tum
1181 1152 1257 1215 pro
1288 1130 1364 1197 cohi
1447 1190 1455 1223 r

189 1237 347 1301 ulteriori
379 1238 512 1320 impetu
544 1249 580 1301 et
603 1239 722 1301 hostili
752 1239 954 1301 incursione
978 1239 1024 1301 ad
1056 1238 1264 1305 interiores
1286 1238 1380 1323 pro'

188 1366 302 1424 meas,
334 1364 482 1427 quarum
505 1345 665 1427 pomeria
690 1346 757 1408 iam
782 1345 900 1408 rabies
923 1346 985 1407 illa
1008 1344 1247 1411 ferocissima
1270 1346 1400 1429 attigit,
1419 1344 1460 1425 ἡ

189 1452 393 1533 expetenda
422 1464 572 1514 externa
604 1451 737 1514 auxilia
761 1451 919 1535 confugi,
942 1451 1022 1533 ipsa
1046 1452 1290 1535 necessitate,
1312 1456 1402 1519 nulla
1412 1470 1461 1521 vll-.-

188 1561 324 1621 luntate
347 1559 505 1639 adactus,
530 1558 559 1621 si
583 1559 689 1621 modo
715 1570 865 1622 externa
889 1558 1065 1641 appellari
1090 1560 1236 1624 debent
1263 1582 1359 1645 quae
1382 1580 1402 1625 a

190 1676 315 1729 contra
339 1686 558 1729 communem
582 1666 720 1728 hostem
744 1674 924 1747 petuntur.
971 1664 1094 1729 Fallor
1127 1666 1160 1729 si
1191 1668 1270 1731 hoc
1302 1688 1385 1733 casu
1409 1676 1469 1733 sin:

190 1773 285 1836 dium
309 1773 463 1836 omnium
488 1793 672 1836 commune
697 1792 776 1835 esse
800 1792 871 1834 non
895 1773 1013 1837 debet.
1062 1770 1253 1852 Quantum
1271 1787 1392 1840 autem
1402 1792 1485 1859 opt

190 1892 226 1945 et
253 1881 398 1945 subsidii
431 1880 623 1945 Beatitudo
648 1879 779 1940 Vestra
807 1878 836 1941 si
860 1879 1051 1960 potuisset,
1083 1890 1302 1961 prestatura
1326 1892 1411 1963 erat,
1426 1880 1484 1947 it·

190 1990 256 2052 cile
281 2011 326 2052 ex
351 1989 463 2051 literis
487 1987 559 2050 suis
583 1985 748 2067 cognovi,
774 1985 900 2066 quibus
924 1985 1009 2049 mihi
1033 2005 1175 2049 omnem
1197 1986 1355 2072 inopiae
1377 1988 1468 2055 etde

190 2096 336 2159 bilitatis
360 2116 445 2158 suae
469 2094 641 2158 rationem
665 2093 815 2173 aperuit,
844 2089 1085 2173 Sanctumque
1117 2094 1253 2159 lubens
1286 2098 1499 2181 amplectoe:

190 2224 289 2266 suum
319 2203 353 2265 in
378 2222 434 2264 me
451 2200 614 2275 animum,
639 2220 717 2261 cum
741 2201 788 2261 ob
812 2200 880 2262 hoc
903 2199 1018 2281 ipsum
1044 2199 1103 2279 qui
1118 2208 1192 2263 tam
1217 2214 1382 2283 paterne
1402 2202 1474 2269 mihi

191 2320 344 2373 mentem
380 2329 477 2370 suam
514 2304 785 2388 significaverit,
823 2315 895 2367 tum
933 2307 1028 2386 quod
1067 2306 1263 2387 pollicetur
1298 2310 1333 2375 si
1368 2312 1476 2395 aliqua
1514 2338 1516 2345 ·

192 2417 332 2480 interim
358 2436 397 2477 se
421 2414 600 2497 aperuerit
624 2413 766 2475 occasio
791 2412 1025 2475 subveniendi
1052 2412 1148 2489 mihi,
1173 2418 1274 2496 quod
1303 2438 1388 2485 eam
1415 2438 1477 2485 non

193 2524 237 2587 sit
262 2521 542 2605 pretermissura.
589 2522 709 2601 Atque
742 2519 876 2581 utinam
905 2519 943 2581 id
973 2529 1045 2581 tam
1075 2540 1162 2584 vere
1193 2522 1350 2589 eveniat
1381 2546 1478 2610 quam

191 2629 403 2693 fiducialiter
426 2638 536 2709 optat,
561 2626 696 2689 scilicet
720 2627 833 2689 Deum
859 2646 999 2688 manum
1017 2627 1113 2689 illam
1128 2627 1288 2693 hostium
1314 2630 1355 2696 in
1380 2632 1480 2699 aliam

192 2747 330 2818 partem
351 2754 556 2796 aversurum
581 2754 674 2803 essc;
699 2734 761 2794 sed
786 2734 877 2794 hanc
904 2732 1128 2796 securitatem
1153 2733 1239 2797 mihi
1264 2750 1481 2823 perpetuam

192 2844 268 2906 fore
293 2862 363 2903 non
389 2841 471 2903 sinit
493 2843 661 2921 frequens
686 2840 829 2902 nuntius
860 2839 919 2921 qui
943 2841 1111 2902 admonet
1140 2841 1358 2923 Tyrannum
1387 2848 1481 2913 illum

192 2950 221 3013 si
254 2948 342 3012 alias
378 2968 531 3029 unquam
567 2945 784 3028 pertinacius
820 2945 955 3027 spirare
999 2947 1146 3010 exitium
1182 2946 1483 3039 Christianorum,

193 3058 328 3138 hasque
372 3054 591 3117 incursiones
629 3064 840 3134 sequuturas
874 3052 1110 3117 validissimas
1156 3055 1290 3137 copias.
1357 3061 1484 3147 Itaque

193 3164 300 3225 velim
324 3162 432 3225 nolim
457 3180 568 3243 cogor
583 3170 619 3222 et
633 3160 797 3241 impellor
809 3158 965 3239 undique
982 3158 1145 3242 flagitare
1161 3163 1335 3246 subsidia,
1352 3170 1484 3251 quibus

194 3271 319 3332 saltem
333 3268 426 3331 inter
441 3266 709 3331 Provinciarum
724 3287 881 3330 mearum
898 3266 1026 3329 limites
1042 3268 1196 3332 muniam
1218 3279 1254 3332 et
1276 3276 1485 3343 custodiam

193 3395 239 3437 ne
249 3374 430 3457 quidpiam
441 3373 683 3456 irreparabilis
694 3373 850 3436 iacturae
861 3384 897 3436 et
907 3373 1486 3467 incommodiabhosteinferatur,

196 3484 309 3545 donec
335 3482 468 3544 coeteri
493 3480 683 3543 Christiani
707 3491 912 3562 potentatus
936 3482 1061 3562 positis
1086 3482 1240 3546 dissidiis
1264 3494 1301 3548 et
1326 3487 1487 3557 simulta-

194 3588 306 3666 tibus,
335 3588 390 3650 cui
414 3588 465 3651 rei
490 3607 628 3649 omnem
653 3586 843 3650 Beatitudo
867 3587 999 3650 Vestra
1022 3588 1196 3669 impendit
1219 3589 1290 3654 iam
1320 3615 1488 3682 operam,

195 3708 231 3760 et
255 3696 380 3759 iustam
406 3706 441 3757 et
476 3694 714 3757 necessariam
743 3694 840 3756 illam
871 3697 1075 3776 generalem
1108 3696 1381 3778 expeditionem
1412 3726 1488 3771 sus-

196 3802 337 3887 cipiant.
385 3801 470 3864 Erat
506 3811 623 3863 autem
660 3801 795 3863 animus
832 3822 929 3865 meus
959 3805 1026 3865 hac
1059 3814 1197 3867 aestate
1233 3804 1262 3867 si
1298 3809 1346 3870 ad
1383 3832 1489 3878 meas

196 3910 389 3974 auxiliares
413 3908 497 3971 illae
521 3906 615 3971 vires
644 3928 731 3989 quas
755 3918 853 3971 certa
876 3907 1006 3972 fiducia
1034 3910 1282 3992 promittebam
1312 3920 1489 3986 accessis·

197 4026 299 4097 sent,
332 4037 402 4079 non
441 4018 554 4078 solum
589 4014 689 4078 firma
717 4015 896 4097 praesidia
930 4018 1106 4079 collocare
1148 4019 1211 4081 sed
1249 4020 1357 4085 etiam
1390 4046 1489 4109 quae

197 4145 322 4189 recens
352 4125 432 4187 loca
460 4121 572 4186 hostis
607 4122 753 4186 abstulit
787 4142 1009 4203 recuperare.
1059 4123 1149 4186 Mihi
1180 4137 1277 4190 certe
1306 4127 1378 4194 dici
1411 4155 1490 4200 non

197 4241 317 4315 potest
340 4241 472 4313 quanta
496 4228 731 4292 amaritudine
754 4229 892 4293 animae
916 4249 1017 4291 meae
1041 4231 1213 4312 accipiam
1236 4254 1398 4302 meorum
1424 4262 1488 4307 ex.

199 4338 338 4419 cidium‚
361 4336 470 4419 idque
494 4357 537 4401 eo
561 4356 617 4399 me
637 4336 769 4399 cruciat
793 4335 907 4418 magis
932 4335 1027 4418 quod
1052 4356 1122 4418 ego
1143 4339 1303 4421 miseros,
1327 4344 1398 4409 nisi
1424 4352 1488 4414 ad-

198 4445 309 4526 iuvar,
332 4445 525 4508 incolumes
549 4464 694 4507 servare
718 4464 857 4525 nequeo
881 4466 902 4507 a
918 4442 1107 4527 tyrannide
1130 4445 1326 4528 impiissimi
1355 4453 1486 4525 hostis.

199 4550 244 4613 Et
267 4561 385 4614 tamen
411 4571 515 4632 quam
539 4553 605 4612 sub
630 4552 697 4613 hac
723 4561 859 4614 aestate
890 4549 1151 4613 destinaveram
1182 4553 1302 4619 facere
1333 4565 1489 4642 expedi.

199 4658 331 4723 tionem
360 4659 407 4721 ob
445 4656 623 4721 defectum
656 4656 945 4723 subsidiariarum
976 4656 1102 4721 virium
1130 4658 1367 4729 intermissam
1400 4687 1489 4738 cum
