3344 5564
711 482 769 535 0⁴3
808 481 861 535 465
900 481 958 534 &0

197 628 289 689 altro
304 626 338 689 in
358 628 520 696 Polonia;
540 628 810 690 maximamente
829 632 1100 711 expectandone
1116 631 1138 692 ll
1156 652 1282 714 parere
1301 632 1334 692 di
1354 629 1389 692 S.
1415 632 1473 692 Bne

194 733 309 795 inteso
335 736 401 797 che
424 735 557 797 havera
582 737 630 797 tal
656 736 878 805 risolutione;
905 738 947 799 ne
973 737 995 798 il
1021 738 1285 818 reprehendere
1301 740 1382 818 quel
1408 740 1473 800 che

194 839 254 922 gia
278 841 296 902 ὲ
321 840 410 903 fatto
435 861 482 923 po
507 861 528 902 a
552 842 621 904 mio
646 862 752 923 parer
783 844 871 904 hora
902 843 1051 925 giovare
1081 845 1207 905 alcuna
1240 864 1335 915 cosa;
1370 845 1473 907 stimo

194 949 264 1010 ben
290 949 355 1009 che
380 968 449 1011 non
474 951 582 1012 molto
607 951 703 1030 dopo
728 951 847 1029 quella
878 949 941 1011 Mt*
969 971 1006 1012 se
1040 971 1083 1012 ne
1118 950 1256 1032 pentira
1289 953 1473 1032 pensando

194 1055 260 1116 che
284 1055 340 1116 chi
366 1075 436 1117 non
461 1076 566 1119 serva
589 1077 610 1118 a
634 1056 703 1118 Dio
729 1065 763 1117 et
788 1057 857 1117 alla
882 1077 945 1118 soa
968 1056 1154 1138 relligione
1179 1057 1202 1119 il
1217 1057 1413 1121 iuramento
1440 1070 1475 1121 et

194 1163 228 1223 la
252 1161 350 1242 fede,
384 1165 492 1226 molto
529 1184 632 1226 meno
667 1165 701 1225 la
734 1163 878 1226 servari
912 1185 933 1226 a
965 1184 1035 1226 uno
1067 1165 1182 1226 homo.
1229 1165 1474 1228 Fomentando

195 1267 280 1350 ogni
305 1281 401 1332 sorta
425 1272 470 1332 de
494 1270 666 1332 infidelita
690 1279 816 1351 questo
840 1271 961 1334 lurore
985 1270 1022 1332 di
1054 1271 1193 1333 heresia
1225 1271 1315 1333 ch'e
1347 1272 1408 1354 gia
1440 1272 1474 1334 in

196 1376 302 1438 molte
327 1376 410 1439 citt‘a
436 1377 471 1439 di
495 1379 614 1458 quella
637 1377 821 1458 provincia
846 1377 880 1440 di
907 1378 1051 1440 Prussia
1075 1391 1109 1439 et
1133 1379 1415 1460 maggiormente
1439 1379 1474 1440 in

195 1482 304 1561 quelli
328 1483 393 1544 che
418 1484 679 1565 perditamente
703 1484 754 1564 gli
777 1505 864 1547 sono
879 1485 1022 1565 addicti,
1046 1485 1162 1547 sicchi
1179 1485 1383 1549 facilrnente
1408 1507 1474 1548 con

195 1598 321 1668 questo
346 1592 499 1653 accordo
523 1594 750 1672 potrebbono
774 1593 906 1653 havere
931 1594 1039 1654 eletto
1070 1612 1115 1654 un
1149 1611 1237 1673 gran
1269 1593 1409 1656 inimico
1440 1593 1476 1655 di

195 1697 314 1776 quella
338 1717 471 1760 corona
495 1700 550 1760 col
578 1708 705 1779 tempo

286 1851 345 1867 ...
371 1804 439 1885 Qui
464 1805 492 1868 si
517 1806 535 1868 ὲ
560 1807 659 1868 detto
684 1827 749 1888 per
773 1816 870 1868 certo
895 1808 930 1869 la
953 1816 1067 1869 morte
1092 1807 1148 1868 del
1174 1807 1275 1868 Duca
1292 1804 1475 1867 Friderico

196 1909 231 1971 di
258 1908 437 1990 Saxonia,
471 1913 568 1975 cuius
597 1912 714 1975 anima
738 1915 878 1994 sepulta
909 1922 963 1976 est
993 1913 1028 1974 in
1058 1913 1206 1994 infern0‚
1232 1934 1270 1976 se
1293 1933 1358 1993 per
1382 1910 1477 1994 pieta

196 2016 318 2080 divina
341 2017 376 2081 in
401 2031 527 2101 questo
543 2031 703 2083 extremo
723 2032 856 2101 puncto
874 2041 944 2083 non
962 2021 980 2083 ὲ
996 2029 1089 2082 stato
1106 2020 1313 2082 illuminato
1361 2019 1476 2081 Credo

196 2125 262 2186 che
277 2123 298 2186 ’l
323 2125 425 2188 Duca
448 2125 627 2190 Giovanni
652 2137 688 2214 et
712 2127 833 2208 nipote
857 2129 1122 2191 succederanno
1141 2128 1197 2188 nel
1215 2136 1318 2205 stato,
1343 2124 1367 2187 li
1383 2124 1478 2206 quali

196 2232 287 2295 altre
311 2233 407 2295 volte
431 2233 535 2296 intesi
560 2236 625 2297 che
650 2255 759 2297 erano
783 2234 923 2316 pegiori
948 2235 983 2296 di
1008 2234 1065 2298 lui.

379 2338 417 2402 Si
449 2341 467 2403 ἐ
500 2342 600 2404 detto
632 2343 789 2405 anchora
821 2343 887 2404 che
920 2341 941 2403 ’l
972 2342 1067 2403 Rmo
1093 2340 1304 2420 Moguntino
1334 2339 1353 2401 ὸ
1385 2349 1478 2400 stato

195 2466 303 2528 proso
338 2449 384 2510 da
414 2447 522 2530 quelli
547 2448 582 2510 di
614 2448 865 2530 Magdeburga
897 2459 931 2510 et
964 2447 1078 2530 questi
1111 2446 1287 2509 lutherani
1320 2454 1478 2508 nrettono

197 2554 293 2616 fama
317 2555 382 2616 che
397 2553 419 2616 'l
443 2554 594 2636 pigliara
618 2554 771 2634 moglie;
797 2554 830 2616 io
856 2575 926 2617 non
951 2557 1059 2617 credo
1084 2555 1127 2616 ne
1152 2554 1174 2617 l'
1191 2574 1260 2615 uno
1285 2552 1330 2615 ne
1354 2553 1375 2615 l'
1387 2554 1478 2614 altro

196 2661 329 2742 perche
355 2661 438 2743 ogni
463 2661 590 2743 giorno
615 2663 796 2724 seminano
821 2661 924 2723 simili
949 2661 1075 2725 falsita.

379 2768 587 2831 Riuscendo
629 2780 754 2849 questa
792 2789 876 2832 cosa
909 2770 944 2831 di
975 2767 1148 2830 Bohemia
1186 2766 1218 2829 ci
1249 2766 1479 2828 afforzaremo

197 2878 354 2939 anchora
385 2895 541 2958 porgere
576 2878 725 2958 qualche
760 2876 908 2939 rimedio
946 2888 980 2938 et
1015 2885 1185 2955 sostegno
1224 2875 1293 2936 alle
1327 2892 1408 2935 cose
1445 2873 1481 2933 di

198 2983 363 3045 Moravia
380 2992 415 3045 et
430 2982 465 3045 di
483 2980 597 3046 Slesia
613 3004 679 3046 con
696 2984 731 3046 lo
748 2982 844 3045 aiuto
862 2985 906 3045 de
924 2981 1038 3062 questi
1063 2980 1191 3061 boemi,
1212 2982 1245 3042 le
1267 2979 1362 3061 quali
1380 2980 1480 3041 altra·

199 3084 317 3152 rnonte
334 3101 462 3153 stanno
478 3091 586 3153 molte
601 3091 693 3152 male
709 3099 744 3152 et
760 3089 934 3153 infettate.
961 3088 1068 3150 Pensi
1080 3089 1122 3152 V.
1137 3085 1173 3151 S.
1190 3087 1225 3149 in
1241 3097 1373 3168 quanto
1386 3085 1480 3147 sasti-

200 3197 260 3259 dio
278 3211 313 3259 et
329 3198 506 3279 travaglio
522 3198 556 3259 io
581 3197 627 3259 mi
644 3197 734 3260 trovi
750 3198 846 3279 dopo
860 3208 958 3258 tanta
976 3195 1227 3276 expettacione
1240 3192 1409 3255 trovarmi
1423 3212 1480 3253 an·

199 3305 287 3367 chor
296 3304 356 3384 qui
368 3304 598 3367 circumsesso
608 3306 654 3365 da
665 3304 868 3365 moltissime
879 3301 1051 3364 dilficulta
1060 3311 1095 3363 et
1104 3300 1211 3376 dubii,
1223 3300 1258 3361 di
1268 3301 1333 3362 che
1342 3319 1481 3380 sempre

199 3413 288 3494 pero
312 3432 399 3474 sono
423 3422 516 3474 stato
541 3411 648 3473 anxio
674 3422 709 3474 et
727 3411 895 3484 sollicit0;
913 3409 956 3471 ne
981 3429 1046 3491 per
1063 3409 1153 3470 altra
1170 3406 1320 3488 cagione
1338 3407 1480 3486 quando

199 3518 235 3580 io
265 3517 406 3581 mandai
440 3519 474 3579 lo
498 3517 613 3599 primo
638 3516 761 3579 avviso
794 3519 839 3579 de
871 3518 905 3579 la
937 3515 1164 3579 conclusione
1197 3514 1288 3576 latta
1320 3524 1375 3575 tra
1403 3514 1479 3574 loro

200 3625 353 3688 ricordai
386 3625 451 3687 che
481 3645 551 3687 non
583 3624 612 3686 si
637 3624 774 3687 facesse
800 3623 968 3705 pubblica
997 3621 1120 3701 letitia,
1145 3620 1353 3702 parendomi
1377 3622 1441 3682 che
1459 3620 1482 3681 'l

202 3732 407 3814 manegiare
431 3752 476 3794 un
504 3734 553 3793 tal
579 3733 755 3793 cadavero
782 3733 816 3792 di
842 3741 946 3793 cento
972 3729 1053 3791 anni
1078 3739 1113 3791 et
1143 3728 1202 3810 piri
1234 3749 1304 3791 non
1338 3736 1480 3810 potesse

202 3843 333 3901 havere
358 3859 396 3901 se
421 3859 491 3901 non
516 3837 689 3900 difficulta
712 3839 861 3921 grande,
886 3837 910 3900 li
934 3836 1040 3918 quali,
1053 3838 1196 3917 quando
1221 3855 1308 3898 sono
1333 3832 1406 3897 cosi
1430 3834 1478 3897 in·

201 3944 367 4026 vechiati‚
398 3944 588 4008 offendono
617 3965 719 4007 rneno
756 3944 876 4007 lassati
910 3941 983 4006 cosi
1015 3963 1114 4005 corne
1150 3941 1178 4002 si
1213 3941 1382 4023 giaceno;
1415 3960 1481 4021 pur

202 4064 330 4134 potens
354 4062 408 4114 est
432 4052 605 4115 Dominus
629 4053 734 4114 etiam
759 4074 803 4113 ex
828 4051 1005 4133 lapidibus
1025 4049 1196 4112 suscitare
1210 4047 1293 4109 fidei
1310 4047 1480 4129 spiritum.

291 4160 416 4222 Budae
441 4159 573 4222 XXVI
597 4159 682 4222 Maii
707 4158 907 4220 MDXXV.

232 4944 312 4995 mn,
324 4945 468 4985 Documento
478 4944 615 4983 butherana.
