3330 5580
812 682 843 742 il.

558 785 884 866 vicecancellarius
913 785 1101 865 Alcandrc.

601 915 698 985 (liunt.
716 915 842 975 (lemen.
860 915 891 973 lc.
910 914 956 973 fol.
974 915 998 980 7,
1016 915 1052 984 8.)

359 1017 432 1083 (Dat.
455 1023 551 1076 Rome,
572 1030 595 1080 7.
615 1020 724 1082 Januar.
744 1045 776 1053 -
799 1019 936 1080 Receptae
956 1018 1120 1065 Wormatinc
1145 1031 1182 1080 17.
1207 1019 1291 1086 1521.)

344 1127 571 1191 Venerabilis
595 1126 661 1186 Vir
686 1124 811 1186 Amice
837 1123 883 1186 mi
908 1122 1106 1185 Carissime.

277 1237 439 1298 llavemo
472 1234 631 1297 ricevute
664 1231 904 1293 ultimamente
933 1231 967 1291 le
999 1240 1118 1292 vostre
1151 1231 1195 1292 de
1229 1232 1389 1295 XXIIII.
1424 1235 1469 1295 da

187 1343 397 1420 wormatia,
424 1354 458 1404 et
483 1343 516 1403 le
540 1343 630 1402 altre
654 1349 775 1400 vostre
800 1337 980 1418 duplicate
1005 1337 1209 1418 etcopiose
1235 1360 1325 1419 poco
1344 1340 1468 1420 prime.

188 1451 293 1512 Certo
327 1470 396 1511 non
432 1447 459 1510 si
499 1446 615 1528 potria
647 1444 848 1527 exprimere
883 1454 1016 1523 quanto
1044 1444 1079 1505 la
1109 1442 1248 1506 Santitin
1276 1446 1310 1506 di
1340 1445 1469 1508 Nostro

188 1557 344 1639 &ignore
369 1567 404 1617 et
429 1554 488 1616 noi
512 1553 678 1616 restiamo
704 1554 748 1613 de
774 1551 850 1630 voi,
882 1552 926 1613 de
959 1550 980 1611 l’
999 1571 1125 1632 opera,
1158 1551 1289 1634 fatiga,
1322 1566 1356 1615 et
1388 1555 1470 1616 fede

189 1674 310 1726 vostra
336 1662 523 1725 sodisfatti.

279 1770 391 1832 Cerea
416 1770 448 1830 le
473 1766 667 1850 provisioni
694 1765 728 1827 di
744 1765 852 1827 Brevi
877 1776 913 1826 et
936 1766 1026 1827 altre
1050 1784 1144 1844 cose,
1170 1767 1235 1828 che
1262 1768 1306 1828 de
1331 1768 1391 1848 qui
1408 1770 1464 1830 de-

188 1877 341 1939 siderate
367 1886 458 1937 tutta
482 1875 539 1936 via
565 1895 585 1936 a
611 1873 665 1935 cio
691 1873 720 1934 si
744 1874 902 1951 attende,
928 1883 962 1934 et
987 1871 1042 1934 fra
1066 1883 1193 1952 quatro
1219 1896 1238 1935 o
1268 1873 1395 1953 cinque
1420 1874 1468 1954 gi-

190 1984 266 2046 orni
292 1984 326 2044 vi
351 1984 378 2043 si
406 1983 644 2044 manderanno
670 1979 854 2061 expedite,
887 1991 922 2041 et
946 1979 1019 2041 cosi
1052 1981 1086 2041 la
1111 1980 1314 2061 provisione
1341 1981 1375 2042 di
1401 1983 1468 2043 Da-

188 2090 280 2155 narI:
322 2090 381 2152 voi
413 2088 589 2169 segnitate
620 2086 820 2149 virilmente
854 2106 953 2148 come
985 2084 1032 2146 fin
1065 2086 1124 2166 qui
1155 2089 1284 2149 havete
1312 2088 1402 2149 fatto
1435 2099 1469 2150 et

190 2195 440 2279 persuadetevi
467 2198 532 2257 che
556 2194 687 2257 Nostro
714 2191 867 2273 Signore
891 2193 993 2255 iddio
1028 2201 1064 2256 et
1093 2193 1117 2255 il
1141 2194 1287 2275 proprio
1319 2216 1383 2257 suo
1410 2197 1467 2257 Vi-

189 2304 284 2366 cario
316 2302 350 2364 in
375 2301 473 2364 Cielo
507 2312 541 2363 et
566 2301 600 2363 in
633 2311 728 2363 terra
761 2300 795 2362 vi
820 2300 1069 2381 premiaranno
1100 2301 1135 2362 in
1161 2303 1283 2381 modo,
1308 2302 1374 2363 che
1401 2303 1468 2365 mai

193 2432 260 2472 non
287 2409 527 2471 v’increscerai
550 2410 661 2470 haver
685 2416 868 2470 sostenuto
893 2427 957 2488 per
981 2408 1016 2468 la
1035 2406 1163 2470 Chiesa
1188 2418 1223 2470 et
1246 2429 1311 2490 per
1334 2409 1359 2472 il
1382 2409 1468 2472 San·

189 2537 259 2599 gue
284 2517 319 2577 di
344 2515 484 2579 Christo
509 2526 607 2578 tante
631 2515 779 2596 fatighe,
805 2525 841 2577 et
865 2514 1114 2597 persecutioni
1163 2513 1279 2596 Sopra
1304 2517 1338 2577 la
1362 2537 1470 2579 causa

189 2626 223 2685 di
244 2625 377 2686 Luther
402 2623 430 2684 si
448 2622 604 2685 scrivere
629 2624 741 2684 anche
762 2623 795 2684 al
813 2620 1036 2690 Caracciolo;
1062 2623 1194 2685 aiutate
1219 2623 1299 2684 tutti
1323 2623 1470 2686 insieme

189 2732 222 2791 la
247 2751 354 2792 causa
386 2749 571 2791 commune
605 2731 650 2791 de
676 2729 744 2791 Dio
778 2739 814 2791 et
849 2729 1048 2810 supplicate
1074 2730 1204 2793 Cesare
1236 2751 1306 2792 non
1338 2733 1469 2794 abban·

191 2837 274 2899 doni
300 2837 322 2898 il
347 2856 411 2898 suo
436 2838 531 2897 bono
556 2835 741 2918 proposito
771 2836 799 2898 si
832 2856 931 2898 come
967 2837 1001 2898 la
1033 2836 1152 2899 divina
1182 2837 1369 2901 clementia
1397 2859 1469 2901 non

191 2964 315 3005 manca
339 2964 360 3005 a
385 2943 443 3021 lui,
468 2953 503 3005 et
528 2944 751 3008 benevalete.

277 3051 417 3112 Romae
442 3049 522 3112 VH.
547 3051 704 3128 januarii
729 3049 912 3113 MDXXI.

278 3154 326 3219 Se
358 3158 393 3218 la
425 3156 615 3238 prudentia
647 3167 682 3218 et
713 3157 829 3218 studio
864 3167 986 3219 vostro
1017 3157 1052 3221 in
1078 3166 1204 3239 questa
1228 3178 1312 3220 cosa
1344 3180 1414 3221 non
1440 3161 1470 3223 si

189 3273 381 3326 mostrasse
406 3263 592 3346 maggiore
616 3263 651 3325 di
676 3265 793 3345 quello
818 3265 863 3325 da
887 3262 946 3325 voi
971 3264 1000 3325 si
1024 3272 1212 3345 aspettava
1244 3286 1469 3329 usaressemo

189 3372 297 3433 molto
321 3370 381 3452 piu
406 3372 529 3452 parole
553 3370 589 3432 in
615 3371 829 3433 exhortarvi.

959 3512 1006 3574 Vr.
1026 3511 1133 3584 mitt,
1154 3515 1220 3563 Vicc
1241 3514 1429 3566 cancellarius.

805 3816 855 3882 10.

463 3922 601 4005 Gurdin.
631 3922 787 4004 Sanctcc.
816 3922 972 4027 Quctucc
999 3926 1187 4008 Alcandnc.

621 4053 717 4121 (linui.
737 4054 861 4112 (lemen
880 4054 910 4112 lc.
929 4053 974 4112 Iol
994 4055 1029 4123 8.)

699 4147 860 4209 (1521-15.
885 4146 957 4212 Jan.)

348 4253 566 4315 Reverende
591 4253 699 4316 Pater
724 4253 848 4317 Amice
872 4254 919 4317 mi
944 4255 1150 4318 charissime
1175 4254 1344 4321 Salutem.

277 4362 332 4423 Ex
363 4361 500 4422 litteris·
518 4361 647 4423 vestris
679 4381 757 4423 cum
790 4363 836 4423 ad
861 4359 1128 4424 Sanctissimum
1162 4364 1350 4427 Dominum
1379 4365 1467 4428 Nos-

188 4480 279 4530 trum
304 4479 376 4529 tum
403 4467 507 4530 etiam
532 4469 577 4529 ad
602 4489 666 4530 nos
691 4468 832 4550 scriptis
855 4471 998 4532 abunde
1021 4470 1263 4534 intelleximus
1286 4492 1377 4553 quae
1402 4494 1463 4556 per

188 4597 253 4637 vos
273 4576 306 4636 in
333 4596 441 4637 causa
458 4575 660 4637 Lutherana
684 4573 828 4637 fuerunt
852 4586 942 4656 acta,
967 4588 1003 4638 et
1027 4597 1131 4658 quam
1147 4598 1328 4659 propenso
1348 4579 1466 4642 animo

190 4682 341 4763 cupiatis
367 4692 401 4743 et
426 4682 544 4744 nervis
569 4681 731 4744 omnibus
756 4681 958 4760 enitamini,
991 4693 1029 4745 ut
1061 4683 1249 4763 negocium
1283 4685 1385 4748 vobis
1408 4688 1467 4751 de·

189 4790 393 4851 mandatum
418 4789 511 4851 omni
528 4788 718 4869 prudentia
743 4799 778 4850 et
802 4789 959 4851 sollertia
983 4803 1104 4852 vestra
1127 4791 1345 4873 transigatur
1362 4794 1468 4858 nullis
