3330 5580
703 430 852 485 Μ3503
891 429 948 484 8>·0

188 596 248 638 eos
271 575 435 639 intactos.
482 576 727 639 Decimanona
752 575 887 656 Aprilis
912 576 1028 638 denuo
1048 577 1224 638 rebellant
1239 597 1318 638 cum
1345 574 1467 638 vicinis

189 684 337 746 subditis
380 684 596 746 Marchionis
636 682 989 764 BrandeburgensIS,
1022 683 1193 765 oppidum
1225 682 1381 765 OtIngen
1420 683 1468 744 in-

189 792 322 852 vadunt
354 803 389 853 et
430 790 592 853 comitem
626 788 844 852 Ludovicum
885 789 1058 851 iuniorem
1094 790 1271 852 incautum
1312 790 1469 870 capiunt,

188 897 401 959 monasteria
426 896 595 978 diripiunt
619 907 655 959 et
684 897 878 958 incendunt
903 907 938 958 et
969 898 1051 958 dum
1085 908 1166 958 sunt
1195 896 1230 959 in
1263 897 1388 959 itinere
1425 898 1470 958 ad

189 1003 409 1066 Heidenhem
426 1002 678 1067 monasterium
695 1003 931 1085 diripiendum
945 1005 1047 1065 adest
1061 1003 1277 1066 Marchionis
1294 1004 1471 1085 equitatus

189 1120 436 1173 sexcentorum
461 1111 617 1192 equitum
642 1130 720 1172 cum
746 1110 933 1172 comitibus
957 1109 1034 1172 aliis
1058 1111 1103 1172 de
1138 1111 1295 1192 Otingen
1325 1120 1361 1172 et
1391 1131 1469 1172 cum

188 1238 299 1300 parvo
324 1218 462 1300 pedite:
489 1218 625 1281 invadit
649 1217 799 1281 rusticos
823 1218 974 1298 primum
999 1217 1184 1279 tormentis
1213 1238 1297 1280 mox
1327 1218 1470 1281 lanceis.

190 1325 332 1387 Rustici
358 1345 427 1388 non
452 1336 618 1406 potentes
642 1323 718 1386 fere
744 1324 880 1404 equites
905 1323 1089 1405 fugerunt;
1122 1344 1166 1387 ex
1197 1345 1301 1386 11000
1331 1324 1471 1387 rusticis

188 1431 393 1494 ceciderunt
419 1453 515 1511 2500,
548 1432 683 1512 aliquot
714 1431 828 1512 capti,
852 1431 988 1511 aliquot
1023 1430 1059 1492 in
1093 1451 1162 1492 una
1190 1431 1275 1493 villa
1304 1431 1470 1493 incendio

188 1540 381 1621 perierunt,
405 1541 525 1620 plures
549 1549 675 1620 postea
699 1537 914 1619 deprehensi
939 1537 1105 1599 decollati
1125 1547 1215 1600 sunt.
1254 1539 1348 1599 Data
1372 1558 1470 1600 occa·

187 1646 285 1708 sione
314 1646 374 1727 qui
398 1645 612 1726 aufugerant
636 1647 752 1707 denuo
776 1645 895 1725 ignem
921 1644 1080 1707 excitant
1108 1656 1144 1706 et
1175 1645 1324 1706 rusticos
1356 1645 1470 1707 subie-

188 1761 264 1815 ctos
286 1752 475 1833 Proposito
501 1762 537 1814 et
560 1751 724 1832 Capitulo
749 1751 976 1831 Elwangensi
992 1752 1037 1813 ad
1054 1752 1286 1815 rebellionem
1303 1752 1470 1833 excitant,

188 1859 305 1921 subito
331 1860 401 1921 duo
426 1869 543 1921 castra
567 1867 743 1939 occupant
767 1866 802 1920 et
827 1857 996 1939 oppidum
1021 1858 1171 1940 Elwang
1203 1869 1238 1920 et
1271 1859 1387 1920 omnia
1413 1860 1469 1921 de·

188 1967 416 2048 praedantur.
457 1966 536 2027 Non
553 1964 699 2027 defuere
723 1985 768 2025 ex
784 1963 973 2026 Canonicis
996 1965 1055 2045 qui
1071 1965 1241 2027 Rusticos
1266 1967 1311 2027 ad
1335 1976 1470 2028 tantum

189 2075 325 2156 nephas
341 2073 514 2136 iuvarent.
550 2072 715 2150 Juniores
732 2071 879 2134 comites
896 2072 1050 2134 Palatini
1063 2094 1109 2136 ex
1124 2073 1155 2135 N
1159 2077 1319 2154 euburgo
1333 2086 1469 2137 contra-

191 2181 256 2243 ctis
280 2180 393 2263 copiis
417 2179 543 2242 vicinis
567 2179 735 2261 Episcopi
761 2179 999 2260 Augustensis
1024 2190 1058 2241 et
1075 2179 1271 2242 Willhelmi
1289 2181 1388 2242 ducis
1405 2182 1470 2243 Ba-

189 2288 309 2351 variae
341 2287 492 2350 rusticos
523 2287 696 2349 invadunt
727 2286 888 2348 incautos
925 2297 1006 2348 ante
1047 2286 1215 2367 oppidum
1248 2286 1397 2370 Elwang
1436 2300 1471 2351 et

191 2398 253 2473 436
279 2394 404 2457 occisis
429 2395 600 2474 plurimos
625 2394 769 2474 capiunt
794 2404 899 2455 etex
928 2393 977 2455 eis
1000 2393 1132 2455 XXIII
1153 2394 1323 2456 decollari
1347 2395 1471 2458 iubent

190 2523 230 2563 ac
255 2501 434 2563 civitatem
459 2511 495 2563 et
519 2510 635 2562 castra
660 2501 816 2582 capitulo
841 2511 1065 2582 recuperant.
1113 2501 1244 2563 Actum
1274 2505 1310 2562 18
1336 2501 1432 2567 Maii.

279 2609 420 2671 Pacatis
444 2607 583 2670 rusticis
607 2607 641 2668 in
667 2606 799 2688 Algoia
824 2617 859 2669 et
884 2607 979 2669 circa
1002 2609 1117 2669 lacum
1143 2607 1232 2690 Liga
1255 2608 1290 2671 in
1304 2609 1469 2671 Wirtem-

190 2719 338 2797 bergum
370 2728 540 2796 properat
582 2713 771 2793 Tibingam
803 2734 936 2776 versus,
991 2715 1132 2778 Rustici
1164 2718 1232 2777 hoe
1266 2717 1469 2794 rescientes,

190 2823 355 2886 meliores
401 2822 436 2884 in
472 2821 640 2883 auxilium
680 2821 822 2882 mittunt
865 2823 980 2884 caetui
1014 2842 1128 2905 prope
1162 2824 1469 2905 Haerembergam

192 2930 403 3001 constituto;
430 2930 525 3010 quod
549 2928 718 3009 oppidum
744 2928 874 2990 insultu
901 2929 1023 3010 quinto
1049 2931 1191 2992 tandem
1215 2931 1335 2992 rustici
1369 2951 1469 3012 cepe·

191 3050 281 3099 runt.
329 3036 439 3098 Erant
463 3035 672 3096 rusticorum
703 3055 807 3111 13000
831 3035 986 3097 virorum
1003 3035 1144 3098 fortium
1161 3047 1198 3098 ut
1215 3037 1266 3099 eis
1282 3037 1470 3100 videbatur

192 3165 212 3206 a
245 3164 390 3223 quorum
425 3153 617 3224 conspectu
651 3141 720 3203 iam
749 3143 908 3223 regimen
941 3143 1123 3224 imperiale
1154 3147 1200 3206 ab
1233 3144 1401 3226 Eselinga
1435 3154 1470 3206 et

191 3251 349 3331 regimen
376 3248 614 3311 Archiducale
638 3269 659 3309 a
684 3248 878 3329 Stugardia
901 3249 1063 3331 fugerat:
1089 3251 1123 3313 in
1149 3252 1293 3333 reliquis
1310 3251 1470 3314 caetibus

191 3359 301 3419 multo
325 3359 446 3438 plures
471 3366 588 3433 erant,
620 3356 683 3417 sed
717 3355 848 3435 passim
874 3357 1065 3419 collectitia
1088 3360 1208 3439 pleb5‚
1237 3360 1332 3421 bello
1357 3359 1470 3420 minus

192 3474 285 3546 apta.
333 3463 419 3526 Cum
443 3463 552 3545 igitur
577 3482 705 3543 magno
730 3465 884 3525 clamore
908 3484 1050 3546 semper
1073 3465 1250 3546 petierant
1274 3465 1385 3546 Ligae
1410 3466 1469 3527 ad·

191 3582 334 3633 ventum
363 3581 400 3633 ut
433 3591 558 3633 manus
589 3581 832 3648 consererent,
865 3571 1024 3633 exercitu
1064 3572 1338 3653 approximante
1376 3572 1467 3633 inter

192 3698 337 3740 nemora
360 3679 548 3747 recedunt;
574 3677 702 3758 quibus
728 3696 792 3754 400
817 3676 956 3758 equites
979 3698 1045 3759 pro
1069 3679 1306 3741 remoratione
1326 3679 1470 3742 immissi

192 3796 286 3862 sunt,
312 3784 371 3865 qui
395 3787 539 3847 tandem
563 3784 837 3865 approximante
867 3784 1025 3845 exercitu
1058 3805 1127 3847 non
1162 3787 1360 3867 expectatis
1392 3787 1470 3849 aliis

192 3893 368 3954 irruerunt
391 3891 425 3953 in
451 3891 600 3952 rusticos
625 3902 661 3952 et
685 3891 816 3973 passim
842 3891 913 3953 cesi
938 3905 1018 3953 sunt
1041 3912 1081 3953 ac
1103 3892 1231 3956 deinde
1256 3893 1350 3956 iussu
1375 3894 1470 3976 ligae

191 3999 363 4061 numerati
381 4006 477 4075 0405.
505 3999 596 4059 Acta
613 3999 718 4059 cedes
735 3996 808 4059 XII
824 3997 909 4059 Maii
934 3998 1025 4060 inter
1047 3998 1246 4081 Beblingen
1273 4012 1308 4063 et
1324 4000 1469 4068 Scudel·

191 4105 276 4188 fing;
303 4105 463 4186 pluribus
486 4115 613 4186 postea
637 4125 701 4185 per
725 4105 866 4185 singula
897 4104 1031 4185 oppida
1060 4114 1095 4166 et
1126 4125 1241 4187 pagos
1273 4107 1470 4186 decollatiS,

193 4223 227 4275 et
250 4213 336 4294 ipsis
369 4211 523 4294 pecunia
559 4212 751 4290 mulctatis,
783 4211 902 4273 omnia
937 4212 1156 4274 devenerunt
1188 4214 1221 4275 in
1255 4224 1469 4295 potestatem

192 4319 285 4401 ligae
311 4320 462 4400 demptis
487 4319 628 4400 oppidis
653 4339 743 4399 quae
768 4317 937 4398 contIgua
961 4330 1062 4381 erant
1087 4319 1310 4385 Palatinatui.

281 4426 371 4506 Liga
395 4425 524 4487 deinde
549 4424 646 4487 ducit
680 4424 873 4486 exercitum
904 4425 938 4486 in
973 4425 1114 4489 Vallem
1139 4427 1374 4509 Weinsperg,
1406 4428 1467 4489 ubi

193 4543 312 4594 sontes
337 4531 411 4593 fere
437 4552 559 4594 omnes
582 4532 650 4595 iam
677 4531 890 4611 aufugerant
919 4533 965 4593 ad
985 4512 1146 4596 'rusticos
1176 4533 1318 4598 francos
1342 4534 1469 4597 Wirtz·

192 4639 305 4719 burgi.
354 4639 476 4719 Itaque
502 4639 597 4701 XXI
629 4638 700 4701 Mai
731 4637 900 4719 oppidum
924 4649 1087 4702 exustum
1120 4650 1175 4702 est
1205 4662 1283 4703 cum
1314 4642 1470 4723 quinque

192 4745 300 4817 villis;
327 4746 575 4828 quadringenti
601 4746 714 4809 ferme
738 4744 857 4806 rustici
873 4743 1008 4808 inventi
1033 4746 1140 4809 occisi
1165 4756 1256 4811 sunt.
