3330 5580
569 510 573 518 .
640 466 697 521 tii
737 467 788 522 121
828 463 886 520 &0

108 620 153 672 et
186 610 321 674 ibidem
355 622 510 675 nostram
542 622 577 674 et
608 612 699 675 sacri
731 612 869 694 imperii
895 622 1048 675 statuum
1073 611 1319 675 tractationem
1346 631 1403 673 ex·

109 726 285 799 pectare,
316 730 352 782 et
376 719 505 783 deinde
530 723 577 783 ab
602 720 683 783 hinc
707 740 818 801 usque
843 720 889 782 ad
914 740 1012 782 suam
1036 718 1262 782 securitatem
1286 719 1404 780 redire

111 825 271 904 debeat,
303 835 339 889 et
371 827 485 907 possit
516 847 538 889 a
562 827 666 889 nobis
691 837 726 890 et
750 827 925 890 universis
949 827 1087 906 illesus,
1121 836 1156 888 et
1180 825 1321 887 minime
1345 825 1403 887 im·

114 933 281 1014 peditus;
307 944 341 996 et
366 934 447 997 ideo
469 936 676 998 mandamus
690 934 866 998 universis
881 945 916 997 et
933 933 1083 1015 singulis
1098 933 1322 997 Electoribus
1337 942 1404 995 etc.

115 1042 217 1120 quod
247 1041 448 1104 huiusmodi
479 1052 637 1105 nostrum
670 1053 706 1104 et
736 1042 826 1105 sacri
860 1041 997 1123 imperii
1021 1043 1157 1103 salvum
1182 1043 1405 1118 conductum,

113 1158 155 1209 et
188 1147 418 1212 securitatem
448 1149 484 1212 in
518 1150 613 1213 dicto
637 1148 795 1212 Luthero
827 1149 974 1211 firmiter
999 1159 1035 1212 et
1058 1147 1311 1211 inviolabiliter
1335 1168 1403 1209 ser-

113 1264 224 1335 vent,
257 1255 362 1317 etiam
393 1254 428 1317 in
459 1275 604 1318 accessu
636 1265 671 1318 et
699 1276 842 1318 recessu
867 1276 931 1318 suo
956 1258 1001 1318 ad
1027 1257 1167 1317 domum
1193 1255 1405 1332 conducant,

114 1372 157 1423 et
180 1361 332 1424 conduci
358 1362 508 1440 faciant,
538 1373 573 1425 et
596 1363 752 1426 iubeant.
799 1362 844 1424 Et
868 1372 992 1425 contra
1017 1364 1084 1426 hoc
1110 1382 1180 1424 non
1206 1362 1406 1437 molestent,

113 1489 182 1530 seu
215 1470 445 1550 perturbent,
477 1481 538 1531 aut
571 1471 616 1531 ab
647 1470 765 1549 aliquo
799 1469 978 1532 hominum
1001 1469 1078 1532 fieri
1103 1468 1309 1551 permittant
1333 1470 1404 1530 ullo

112 1577 245 1638 modo:
278 1575 313 1637 in
345 1587 515 1658 quantum
545 1576 734 1657 unicuique
766 1587 922 1639 vestrum
954 1597 1075 1639 carum
1106 1587 1160 1639 est
1188 1588 1345 1639 nostram
1370 1586 1405 1637 et

112 1683 213 1745 sacri
238 1682 377 1764 imperii
400 1682 681 1764 indignationem
705 1682 951 1763 gravissimam
972 1684 1118 1747 evitare.
1158 1683 1288 1745 Datum
1303 1683 1350 1743 W
1353 1704 1404 1745 or-

207 2327 421 2408 Mandatum
449 2329 641 2431 imperiale
668 2329 980 2409 interlocutorium
1008 2349 1113 2429 super
1140 2328 1316 2407 librorum

460 2455 747 2534 lutheranorum
775 2454 1066 2553 sequestratione.

572 2612 654 2677 (Aeta
671 2610 806 2671 wormac.
823 2609 869 2669 iol
887 2611 955 2679 tot.)

212 2736 361 2802 Carolus
374 2751 439 2805 etc.
454 2741 627 2803 universis
640 2750 676 2804 et
692 2740 842 2821 singulis
852 2739 1083 2819 Electoribus,
1094 2739 1323 2820 principibus,
1335 2751 1404 2801 tam

115 2845 393 2927 EcclesiasticiS,
406 2868 512 2929 quam
524 2848 777 2928 saecularibus,
789 2847 969 2929 praelatis,
988 2846 1185 2924 comitibus,
1202 2847 1405 2927 baronibus,

114 2952 311 3034 nobilibus,
324 2955 503 3034 militibus,
513 2956 711 3036 clientibus,
722 2955 929 3037 capitaneiS,
941 2955 1177 3036 praesidibus,
1190 2956 1404 3034 castellanis,

116 3059 365 3143 vicedominis,
379 3062 582 3144 praefectis,
597 3063 896 3144 vicegerentibus,
914 3062 1084 3142 scultetiS,
1108 3061 1404 3142 burgimagistris,

116 3166 309 3249 iudicibus,
322 3171 535 3251 consulibus,
549 3171 687 3233 civibus
700 3183 736 3235 et
749 3170 1058 3233 communitatibus
1071 3190 1112 3233 ac
1126 3169 1405 3250 quibuscumque

118 3274 201 3336 aliis
224 3275 356 3338 nostris
380 3286 416 3338 et
439 3277 530 3340 sacri
554 3278 703 3360 imperii,
728 3298 769 3341 ac
794 3278 900 3340 etiarn
925 3277 1184 3359 principatuum
1205 3286 1405 3339 nostrorum

117 3382 449 3463 haereditariorum,
474 3394 510 3447 et
533 3386 794 3467 provinciarum
819 3385 986 3462 subditis,
1019 3395 1053 3447 et
1078 3384 1243 3447 fidelibus
1268 3384 1405 3446 dilectis

116 3490 372 3572 cujuscumque
396 3492 590 3574 dignitatis,
617 3504 739 3573 status,
764 3504 824 3556 aut
848 3492 1061 3557 conditionis
1086 3492 1226 3569 fuerint,
1252 3492 1404 3573 gratiam

117 3607 280 3660 nostram
304 3597 531 3680 Caesaream,
556 3612 592 3664 et
616 3622 720 3664 omne
745 3604 891 3663 bonum:
925 3600 1134 3663 Reverendi
1160 3599 1404 3679 Venerabiles,

118 3702 300 3783 IllustreS,
332 3705 529 3788 magnifici,
564 3708 720 3787 nobiles,
754 3718 790 3770 et
820 3707 1047 3770 honorabiles
1072 3707 1173 3768 amici
1199 3716 1234 3768 et
1258 3725 1403 3768 consan-

118 3810 244 3890 guinei
269 3811 381 3873 nostri
405 3813 611 3894 charissimi,
636 3815 829 3894 ElectoreS,
854 3813 1043 3895 principeS,
1077 3814 1197 3876 devoti
1222 3824 1257 3875 et
1281 3813 1405 3874 fideles

119 3917 254 3980 dilecti.
302 3918 387 4000 Nos,
412 3933 447 3982 et
471 3921 620 4001 quilibet
644 3932 799 3984 vestrum
824 3925 917 3984 bene
941 3921 1113 4000 novimus,
1140 3920 1258 4001 qualia
1283 3922 1403 3996 verba,

118 4025 338 4107 scripturae,
375 4038 410 4090 et
446 4028 526 4091 libri
562 4048 627 4109 per
660 4029 851 4091 Martinum
886 4029 1078 4090 Lutherum
1115 4026 1249 4089 ordinis
1281 4023 1403 4088 Sancti

119 4132 333 4214 Augustini,
366 4144 401 4195 et
431 4135 466 4196 in
499 4136 640 4198 nomine
671 4155 735 4198 suo
766 4156 831 4217 per
860 4134 1004 4214 aliquod
1033 4145 1173 4215 tempus
1197 4133 1403 4214 praedicati,

117 4239 261 4320 scripti,
290 4250 326 4302 et
349 4241 385 4303 in
409 4241 519 4304 latino
544 4263 584 4305 ac
610 4242 814 4323 germanico
839 4242 1006 4304 idiomate
1031 4241 1207 4323 impressi,
1233 4250 1269 4302 et
1292 4241 1403 4321 publi·

118 4346 192 4409 cati
216 4346 359 4427 fuerint,
384 4348 442 4429 qui
468 4361 610 4413 nostrae
634 4361 780 4414 sanctae
804 4349 897 4429 fidei,
923 4359 958 4411 et
974 4348 1196 4411 Christianae
1221 4348 1403 4410 doctrinae

116 4455 260 4535 ritibuS,
285 4465 321 4517 et
344 4456 486 4538 legibus
510 4458 652 4521 omnino
676 4457 852 4536 contrarii,
878 4468 914 4519 et
929 4457 1109 4519 offensivi:
1136 4475 1403 4539 quorumquam

117 4560 278 4625 maxima
309 4582 392 4643 pars
425 4564 460 4627 in
485 4585 588 4627 sacro
613 4564 772 4628 Concilio
798 4562 1069 4626 Constantiense
1094 4584 1172 4626 cum
1197 4563 1344 4624 consilio
1369 4575 1403 4624 et

117 4688 270 4732 assensu
294 4669 538 4734 Romanorum
563 4672 801 4753 Imperatoris,
832 4692 872 4733 ac
898 4670 1002 4733 etiam
1028 4670 1180 4732 omnium
1205 4671 1403 4752 principum

117 4795 158 4847 et
181 4780 417 4845 communium
446 4801 487 4843 ac
512 4780 704 4862 precipuae
729 4778 965 4843 Germanicae
998 4777 1149 4839 nationis
1181 4778 1336 4840 damnati
1368 4790 1404 4841 et
