3330 5580
718 510 964 565 Ηῗὶῖἵῦῧ-ο

199 656 309 715 breve
335 675 414 715 cum
442 654 574 716 faculth
600 656 665 716 che
690 654 724 715 io
748 655 772 715 li
796 654 890 735 possi
917 657 1104 734 absolver,
1130 678 1199 718 non
1225 660 1391 719 obstante
1417 659 1483 718 che

201 759 241 823 N.
265 757 302 822 S.
328 780 367 823 se
385 761 408 822 li
425 762 539 823 havea
554 761 728 823 reservati
745 782 766 823 a
783 782 832 825 se.
865 763 913 824 Se
930 764 1006 823 loro
1031 763 1169 825 iussero
1194 768 1252 844 qul
1277 764 1435 845 presenti
1460 764 1482 825 li

202 866 319 929 harrei
343 867 473 929 indotti
497 889 519 929 a
542 867 598 929 far
622 868 866 949 procuratorio
891 870 936 930 ad
961 871 1152 949 petendam
1177 870 1438 932 absolutionem
1462 891 1483 932 a

201 973 264 1034 5¹⁰⁰
289 975 390 1047 Dn0;
427 995 483 1036 ma
514 974 646 1055 perche
678 994 766 1036 sono
798 974 942 1036 distanti
974 975 1034 1055 piu
1064 978 1108 1038 de
1134 977 1208 1038 XV
1233 977 1412 1058 giornate,
1450 977 1483 1039 el

201 1082 277 1143 loro
302 1091 513 1162 procurator
537 1083 602 1144 che
627 1082 805 1143 domanda
836 1082 856 1143 l'
872 1082 1073 1144 absolution
1103 1104 1168 1164 per
1193 1085 1269 1146 loro
1294 1085 1312 1146 ἐ
1337 1105 1406 1147 uno
1431 1104 1482 1146 se-

202 1188 353 1249 cretario
378 1189 423 1250 de
439 1189 565 1263 Cesar;
591 1210 629 1252 se
654 1188 683 1251 si
707 1200 850 1270 potesse
875 1210 940 1270 per
956 1203 1081 1271 questa
1100 1189 1156 1252 via
1177 1191 1221 1253 de
1238 1211 1346 1271 sopra
1362 1191 1484 1252 scritta

202 1295 393 1356 absolverli
426 1317 447 1357 o
480 1315 581 1358 corno
607 1296 711 1358 melio
743 1296 849 1377 saprri
874 1308 1016 1359 trovare
1048 1299 1081 1359 el
1105 1297 1200 1360 Rmo
1226 1296 1358 1379 Signor
1382 1296 1483 1359 Santi

204 1400 352 1481 Quattro
384 1404 537 1465 sarebbe
570 1405 666 1464 bono
698 1423 763 1484 per
788 1403 954 1485 exempio
980 1405 1025 1466 de
1050 1404 1148 1484 altri,
1184 1414 1220 1488 et
1244 1405 1374 1487 perche
1399 1403 1482 1465 Bili-

204 1510 308 1571 baldo
343 1509 361 1572 ὁ
395 1510 532 1591 grande
566 1510 672 1572 homo
705 1510 803 1572 richo
838 1511 883 1572 de
916 1512 1054 1592 grande
1086 1510 1263 1573 authorita
1297 1511 1330 1573 in
1365 1512 1481 1592 quella

205 1626 347 1697 potente
372 1627 468 1679 terra
492 1626 527 1678 et
551 1618 597 1678 ha
622 1638 725 1680 nome
751 1617 786 1679 di
811 1638 901 1699 gran
927 1617 1093 1680 litterato

289 1741 348 1803 Un
372 1741 465 1803 frate
483 1741 596 1804 minor
618 1741 887 1822 observatino¹).
927 1742 991 1804 Chi
1008 1743 1138 1804 mando
1155 1763 1225 1805 una
1244 1744 1483 1826 supplication

201 1868 266 1911 con
292 1849 387 1911 mille
411 1848 578 1911 instantie
603 1869 658 1910 me
683 1869 805 1929 preme
829 1849 883 1910 ch’
905 1849 938 1910 io
963 1850 997 1910 lo
1022 1850 1246 1921 recomandi;
1271 1853 1304 1912 el
1320 1852 1402 1931 qual
1418 1872 1483 1932 per

198 1976 299 2018 esser
322 1957 429 2018 homo
453 1958 555 2018 dotto
580 1957 624 2018 de
649 1954 837 2034 authorita,
864 1965 898 2016 et
922 1975 1022 2018 come
1039 1977 1093 2018 me
1110 1956 1233 2018 dubito
1251 1978 1298 2019 un
1313 1959 1482 2038 pochetto

198 2063 247 2125 ‹ie
271 2066 305 2126 la
329 2064 450 2127 schola
475 2065 521 2126 de
545 2063 661 2144 questi
687 2072 753 2125 etc.
779 2062 826 2143 (ni
851 2061 970 2145 fallor)
1001 2083 1071 2125 non
1097 2064 1143 2125 ho
1168 2074 1315 2145 possuto
1340 2064 1395 2126 far
1418 2066 1483 2128 che

199 2191 272 2232 non
296 2169 412 2233 scrive
435 2170 618 2233 conforme
642 2191 663 2231 a
688 2171 815 2232 lettere
840 2170 883 2231 de
899 2169 998 2231 molti
1023 2169 1166 2250 segnori
1182 2170 1304 2232 scritte
1328 2193 1348 2232 a
1364 2171 1484 2232 Roma

193 2275 240 2338 in
261 2276 365 2340 favor
389 2278 447 2339 del
472 2279 571 2340 detto
595 2277 698 2341 frate.
746 2275 785 2337 Io
819 2296 888 2338 non
913 2277 1091 2339 demando
1115 2297 1153 2338 se
1178 2279 1392 2358 non'quello
1418 2280 1482 2339 che

187 2381 411 2446 iustamente
440 2393 479 2451 ,et
509 2385 779 2446 honestamente
812 2404 850 2445 se
881 2392 965 2463 pote
1001 2385 1177 2445 concedet
1209 2394 1244 2445 et
1268 2404 1337 2445 non
1363 2383 1482 2457 aliter3

190 2492 313 2552 :solum
338 2491 501 2574 supplico
534 2492 599 2553 che
631 2511 669 2552 se
693 2510 732 2552 se
765 2490 789 2552 li
814 2490 980 2580 niegasse
1003 2489 1094 2552 faeci
1125 2490 1185 2573 piu
1209 2492 1431 2554 dolcemente
1456 2491 1485 2553 si

188 2605 303 2678 Jrote,
327 2599 458 2679 perch&¹
483 2600 579 2659 bono
604 2598 633 2676 e,
658 2606 757 2659 tanto
782 2599 848 2659 che
874 2617 912 2659 se
940 2598 1110 2679 extingue
1135 2618 1245 2661 ancor
1275 2599 1334 2680 qui
1359 2609 1484 2680 questo

191 2721 352 2785 wenenO,
375 2703 563 2767 intertenir
586 2703 621 2766 id
646 2723 759 2785 genus
782 2704 980 2778 honrinum;
1011 2704 1098 2766 nihil
1121 2714 1239 2767 tamen
1264 2715 1408 2787 praeter
1430 2706 1484 2767 ius

192 2819 242 2872 «rt
262 2810 316 2874 fas
340 2820 437 2893 peto.

289 2934 332 2998 El
357 2957 395 2998 re
419 2937 465 2998 de
491 2935 742 2998 Dannemarck
768 2935 785 2997 ὲ
811 2937 891 3016 qul,
930 2937 962 2996 el
988 2936 1070 3016 qual
1094 2937 1224 3017 perche
1249 2935 1326 3000 fece
1351 2958 1485 2999 mazzar

192 3040 231 3103 li
252 3042 409 3126 episcopi
442 3041 529 3105 etsi
561 3042 639 3105 dice
672 3045 737 3104 che
762 3043 867 3104 volea
896 3026 1010 3104 hever
1034 3042 1167 3105 Luther
1200 3052 1234 3105 et
1267 3044 1290 3106 li
1316 3043 1367 3106 soi
1393 3065 1484 3106 com·

193 3150 321 3231 pugni,
347 3159 384 3212 et
407 3170 534 3212 revera
559 3150 591 3211 el
613 3169 676 3211 suo
702 3147 941 3211 ambasciator
967 3170 988 3210 a
1005 3148 1172 3212 Wormes
1195 3152 1299 3230 porto
1317 3173 1398 3214 seco
1416 3173 1485 3214 una

192 3275 310 3338 capsa
341 3258 386 3318 de
411 3256 491 3318 libri
517 3256 711 3336 lutherani,
747 3257 783 3318 di
808 3256 903 3337 quali
928 3277 1033 3337 spero
1068 3257 1148 3320 farli
1172 3257 1282 3320 sentir
1306 3260 1350 3321 de
1375 3263 1485 3322 breve

192 3360 232 3425 il
252 3363 347 3426 fumo
378 3365 412 3426 al
437 3384 524 3426 naso
559 3366 602 3426 de
627 3366 724 3426 bona
747 3372 862 3442 sorte,
899 3372 934 3424 et
958 3362 1018 3444 gia
1043 3364 1208 3427 habiarno
1241 3366 1380 3445 parlato
1406 3387 1483 3428 curn

194 3468 312 3534 Cesar
335 3471 414 3549 che,
438 3472 594 3532 secundo
620 3470 651 3533 ci
676 3491 858 3553 promesse
883 3491 904 3532 a
928 3470 1111 3548 Wormes,
1136 3474 1170 3534 lo
1196 3472 1343 3534 redurrh
1368 3494 1388 3535 a
1413 3476 1484 3538 bon

198 3598 309 3641 esser.
349 3575 399 3641 Se
423 3577 453 3640 si
477 3577 626 3640 trattera
648 3576 736 3640 costi
761 3578 805 3640 de
831 3578 865 3639 la
882 3598 946 3639 sua
968 3577 1203 3656 absolutione,
1229 3579 1390 3660 supplico
1407 3583 1484 3662 che,

200 3695 344 3749 servata
369 3686 522 3766 quadam
547 3685 670 3746 summi
694 3684 780 3747 iuris
804 3683 1022 3764 remissione,
1048 3704 1086 3746 se
1110 3683 1228 3745 chiudi
1253 3705 1299 3747 un
1324 3707 1436 3768 pocco
1451 3687 1484 3756 ⁴li

204 3792 300 3870 ochi,
336 3790 470 3873 perche
502 3792 594 3853 oltra
618 3792 683 3852 che
708 3793 725 3853 ὸ
751 3791 809 3853 Re
835 3800 870 3853 et
895 3801 1049 3871 cognato
1075 3791 1110 3852 di
1135 3790 1244 3853 Cesar
1276 3802 1312 3853 et
1336 3803 1439 3872 grato
1464 3815 1485 3855 a

208 3894 278 3962 Sua
288 3899 428 3962 Maesta
444 3907 480 3960 et
496 3899 513 3960 ἐ
529 3900 635 3960 homo
649 3897 817 3976 terribile,
838 3897 943 3959 etiam
960 3899 1007 3958 ha
1019 3918 1128 3979 paese
1144 3898 1344 3980 pericoloso
1362 3901 1407 3961 ad
1427 3900 1484 3961 de-

208 4000 391 4068 ficiendum
416 4007 462 4067 ab
486 4004 692 4067 obedientia
715 4003 897 4067 Ecclesiae
923 4013 958 4065 et
982 4024 1002 4067 a
1026 4002 1113 4084 fide,
1146 4007 1211 4066 che
1236 4025 1306 4067 non
1330 4008 1483 4068 sarebbe

211 4110 245 4173 la
263 4112 377 4194 prima
399 4113 507 4176 volta.

293 4236 345 4298 Lo
370 4236 542 4318 episcopo
567 4235 603 4296 di
627 4235 738 4315 Liege
762 4234 799 4296 fa
824 4254 906 4296 cose
930 4234 1068 4314 grande
1096 4255 1161 4315 per
1186 4235 1294 4298 Cesar
1318 4236 1361 4297 de
1386 4237 1486 4317 genti

217 4352 246 4403 et
266 4344 309 4407 de
333 4343 469 4423 danari,
496 4345 608 4425 perho
633 4342 670 4405 S.
694 4342 742 4405 M.
768 4344 803 4404 lo
828 4342 1065 4403 raccomanda
1089 4342 1133 4403 de
1159 4352 1254 4403 sorte
1282 4342 1310 4403 si
1335 4363 1437 4404 cerea
1462 4343 1486 4405 il

245 4588 265 4643 'l
281 4586 372 4634 Frater
391 4584 512 4646 Angelus
537 4585 570 4632 de
595 4583 741 4631 Mechlinia
766 4588 795 4631 ut
814 4590 923 4646 apparet
948 4598 979 4631 ex
1000 4585 1082 4630 Breve
1103 4583 1200 4630 Leonis
1219 4585 1256 4630 X.
1282 4583 1335 4635 dat.
1360 4584 1394 4631 ad
1419 4599 1486 4642 eum,

280 4665 321 4713 die
340 4665 433 4714 ultima
452 4664 519 4730 Julii
542 4674 616 4725 1521.
655 4664 708 4710 Hic
727 4663 754 4710 in
775 4663 869 4711 codice
888 4663 983 4710 desunt
1003 4662 1092 4725 aliqua
1111 4678 1178 4725 quae
1198 4662 1335 4711 Aleander
1354 4665 1487 4725 corrigens

280 4745 483 4809 manuscriptum
501 4744 621 4793 voluerat
641 4743 798 4805 adiungere,
824 4750 853 4791 ut
871 4743 974 4791 videtur
993 4759 1024 4791 ex
1043 4743 1118 4804 signo
1137 4750 1197 4806 post
1216 4742 1281 4791 haec
1301 4744 1381 4792 verba
1407 4745 1487 4803 sacto,

280 4826 325 4875 sed
343 4825 479 4875 oblivione
499 4841 552 4873 non
571 4831 631 4873 sunt
650 4823 748 4871 addita.

1276 4909 1323 4963 18*
