3330 5580
802 435 1030 492 eulaeo

276 584 353 643 dem
387 581 488 662 penis
520 581 765 645 mandavimus
793 604 838 645 ne
869 583 1012 646 libellos
1042 583 1139 665 ipsos
1164 581 1287 662 legere
1311 587 1558 660 presumerent

275 691 336 750 sed
371 689 451 751 illos
482 692 730 750 comburerent
754 710 816 751 seu
841 690 1000 752 comburi
1031 688 1206 766 facerent,
1237 685 1376 767 ipsique
1400 683 1557 746 Martino

276 795 380 858 etiam
409 795 622 857 inhibuimus
646 807 684 858 ut
708 817 729 857 a
752 795 998 876 predicatione
1023 795 1221 871 desisteret,
1253 793 1439 873 ipsumque
1465 788 1557 852 etei

274 904 488 964 adherentes
512 922 553 963 ae
579 902 654 964 eius
677 912 922 982 receptatores
946 904 1012 965 sub
1036 900 1207 963 similibus
1231 882 1334 980 penis
1359 897 1557 960 monuimus

274 1007 395 1088 eisque
420 1007 652 1091 precipiendo
677 1009 922 1071 mandavimus
947 1019 984 1070 ut
1007 1008 1100 1071 infra
1125 1006 1314 1087 sexaginta
1340 1005 1415 1066 dies
1440 1025 1461 1065 a
1480 1023 1557 1084 pre·

273 1114 357 1177 fatis
382 1114 561 1177 erroribus
585 1135 777 1196 eorumque
802 1115 1044 1197 publicatione
1069 1124 1105 1177 et
1120 1113 1329 1176 defensione
1344 1110 1558 1174 desisterent

274 1233 310 1283 et
334 1223 444 1284 libros
460 1222 557 1303 ipsos
572 1225 822 1285 comburerent
838 1243 900 1284 seu
925 1222 1084 1285 comburi
1108 1221 1280 1300 facerent,
1301 1220 1450 1300 ipseque
1466 1217 1557 1279 Mar·

274 1330 367 1391 tinus
401 1350 539 1392 errores
572 1329 669 1411 ipsos
699 1340 887 1393 revocaret
915 1340 951 1393 et
980 1331 1024 1392 de
1048 1328 1278 1391 revocatione
1302 1326 1459 1408 ipsorum
1485 1344 1555 1385 cer·

274 1435 383 1498 tiores
408 1456 472 1498 nos
496 1436 643 1516 faceret,
669 1446 704 1499 et
728 1436 794 1499 nisi
810 1436 845 1498 id
863 1436 956 1499 infra
971 1437 1102 1498 dictum
1119 1435 1305 1498 terminum
1322 1434 1458 1496 faceret
1478 1452 1556 1493 eum

274 1555 310 1603 et
343 1542 391 1604 illi
424 1544 638 1606 adherentes
661 1564 703 1606 ac
727 1543 886 1606 fautores
911 1543 1069 1606 notorios
1094 1553 1130 1605 et
1153 1541 1355 1630 pertinaces
1379 1539 1557 1601 hereticos

274 1648 383 1711 fuisse
408 1662 443 1710 et
468 1670 546 1712 esse
571 1651 796 1713 declarantes
820 1653 965 1713 eosdem
989 1659 1028 1712 ut
1052 1653 1142 1712 tales
1157 1645 1496 1729 condempnavimus
1513 1663 1554 1705 ac

274 1776 335 1818 eos
367 1758 413 1817 ab
446 1756 609 1819 omnibus
641 1756 936 1821 Christifidelibus
966 1778 1032 1839 pro
1064 1757 1194 1819 talibus
1225 1754 1348 1818 haberi
1380 1753 1556 1814 voluimus

273 1873 380 1943 atque
410 1863 654 1927 mandavimus
687 1885 819 1946 eosque
851 1865 953 1947 penis
985 1874 1109 1927 contra
1142 1865 1232 1925 tales
1263 1883 1283 1923 a
1305 1862 1381 1942 jure
1413 1856 1555 1921 inflictis

273 1969 486 2031 subiecimus
519 1979 555 2032 et
586 1970 719 2033 eisdem
750 1971 906 2034 irretitos
932 1992 1010 2033 esse
1035 1991 1100 2052 per
1124 1969 1294 2051 quasdam
1319 1971 1384 2029 sub
1409 1966 1554 2047 plumbo

274 2076 495 2138 decrevimus
513 2086 548 2139 et
568 2078 837 2157 declaravimus,
862 2099 903 2141 ae
928 2099 993 2159 per
1017 2078 1105 2140 alias
1129 2087 1268 2139 nostras
1291 2075 1326 2137 in
1346 2075 1462 2136 forma
1477 2074 1553 2133 bre-

273 2182 326 2243 vis
351 2182 487 2244 litteras
511 2185 863 2266 circumspectionem
888 2196 995 2264 tuam,
1021 2186 1170 2247 Alberte
1189 2181 1398 2259 Cardinalis,
1423 2177 1554 2242 hortati

273 2288 402 2351 suimus
432 2301 470 2350 ut
503 2290 639 2353 litteras
675 2293 854 2373 predictas
887 2293 922 2354 in
957 2295 1130 2355 ambabus
1164 2292 1233 2354 tuis
1268 2285 1555 2369 Metropolitanis

273 2395 483 2475 Maguntina
515 2410 550 2458 et
574 2399 879 2482 Magdeburgensi
908 2420 949 2462 ac
974 2400 1102 2462 ceteris
1126 2399 1289 2462 omnibus
1314 2394 1554 2475 suffraganeo-

272 2523 347 2564 rum
374 2514 409 2564 et
426 2503 701 2586 Episcopatuum
717 2517 856 2569 tuorum
877 2506 1037 2569 ecclesiis
1061 2507 1311 2588 publicandas,
1337 2522 1469 2582 easque
1493 2520 1553 2581 po-

272 2610 365 2690 pulis
388 2610 480 2672 inter
504 2610 625 2674 divina
649 2613 883 2676 declarandas
907 2634 948 2675 ac
973 2624 1054 2695 post
1079 2613 1355 2694 publicationem
1381 2621 1416 2671 et
1438 2609 1554 2670 decla·

272 2716 444 2780 rationem
469 2717 668 2779 huiusmodi
693 2721 854 2783 eumdem
871 2720 1061 2783 Martinum
1087 2741 1164 2783 cum
1189 2719 1261 2782 suis
1285 2716 1498 2798 sequacibus
1527 2713 1555 2774 si

272 2823 503 2904 pertinaciter
527 2838 800 2905 perseverarent
824 2828 857 2889 in
884 2848 1004 2890 errore
1030 2829 1075 2889 ab
1100 2826 1263 2890 omnibus
1288 2825 1469 2887 vitandum
1496 2823 1555 2882 vel

273 2931 378 2991 etiam
413 2930 625 3011 capiendum
659 2953 803 2997 curares
834 2946 870 2996 et
893 2937 1065 3015 studeres,
1096 2934 1314 3014 Nunciisque
1349 2931 1478 2993 nostris
1508 2933 1554 2993 ab

271 3039 338 3099 hac
370 3049 493 3100 sancta
525 3041 610 3101 sede
639 3041 686 3129 ad
718 3042 785 3103 hoc
820 3042 1007 3122 negocium
1041 3041 1226 3104 destinatis
1251 3060 1389 3102 omnem
1414 3048 1449 3099 et
1473 3058 1553 3100 con·

272 3143 339 3205 silii
372 3143 531 3207 savorem
563 3157 597 3207 et
628 3147 750 3208 auxilii
781 3168 901 3211 curam
934 3148 1160 3230 impenderes
1197 3157 1303 3229 prout
1338 3146 1372 3208 in
1407 3145 1554 3226 singulis

272 3250 398 3312 litteris
423 3252 593 3332 predictis
608 3253 748 3335 plenius
768 3255 978 3317 continetur.
1014 3255 1099 3316 Cum
1117 3276 1230 3336 nuper
1246 3264 1374 3333 autem,
1392 3273 1461 3315 non
1478 3253 1554 3315 sine

272 3358 375 3438 gravi
401 3358 507 3419 animi
542 3360 651 3422 nostri
676 3361 838 3422 molestia
863 3371 898 3423 et
922 3362 1048 3448 mentis
1074 3361 1352 3443 perturbatione,
1377 3360 1552 3440 acceperi-

271 3485 347 3526 mus
381 3467 474 3546 quod
507 3465 583 3546 ipse
605 3466 779 3529 Martinus
804 3468 999 3549 iniquitatis
1022 3468 1114 3532 filius
1138 3470 1174 3531 in
1198 3471 1389 3551 reprobum
1412 3487 1554 3530 sensum

272 3591 390 3653 ymmo
414 3592 500 3634 vero
525 3572 560 3634 in
583 3571 756 3636 insaniam
781 3595 904 3638 versus
929 3596 999 3639 non
1025 3578 1138 3639 solum
1163 3597 1302 3639 errores
1327 3595 1409 3637 suos
1438 3574 1553 3655 predi-

272 3687 348 3739 ctos
384 3697 555 3742 revocare
591 3691 627 3742 et
661 3682 838 3744 mandatis
873 3682 1003 3744 nostris
1038 3703 1167 3765 parere
1200 3681 1413 3763 contempsit
1446 3692 1554 3763 atque

272 3785 445 3866 neglexit,
470 3806 593 3848 verum
619 3787 724 3849 etiam
750 3789 951 3870 complures
975 3789 1065 3851 alios
1090 3789 1229 3852 libellos
1254 3791 1428 3851 boemiam
1453 3789 1551 3851 here·

272 3891 334 3952 sim
365 3892 548 3972 professus
579 3893 757 3974 prioribus
783 3896 924 3977 peiores
949 3906 1073 3959 contra
1100 3907 1255 3959 nostrum
1281 3905 1315 3958 et
1340 3897 1433 3958 dicte
1458 3897 1554 3958 sedis

272 4001 442 4062 honorem
478 4000 587 4063 edere
619 4012 654 4063 et
678 4003 862 4084 publicare
893 4023 962 4065 non
989 4005 1143 4082 erubuit,
1168 4015 1204 4067 et
1227 4015 1399 4084 operante
1425 4001 1553 4065 Satore

271 4105 413 4185 zizanie,
438 4106 646 4187 pestiferum
671 4108 768 4171 virus
792 4109 942 4172 suumin
959 4112 1035 4173 dies
1049 4111 1164 4192 magis
1179 4130 1348 4173 evomens
1365 4111 1551 4172 multorum

271 4213 481 4294 simplicium
506 4215 641 4277 animas
665 4218 731 4278 sub
755 4225 923 4297 pretextu
944 4216 1105 4280 simulate
1120 4218 1281 4280 veritatis
1298 4218 1465 4300 decipere
1481 4238 1552 4280 non

272 4319 421 4399 desistit,
446 4321 525 4383 illas
541 4333 664 4384 eterno
681 4333 849 4405 satagens
866 4323 942 4405 igni
958 4324 1198 4387 transmittere
1221 4326 1490 4402 consumendas
1518 4336 1553 4388 et

271 4427 414 4507 quidam
439 4426 669 4490 Willibaldus
703 4431 962 4511 brechhaymer
994 4441 1030 4493 et
1054 4431 1195 4494 Ulricus
1227 4433 1271 4494 de
1296 4435 1405 4494 huten
1429 4452 1470 4493 ac
1494 4432 1552 4511 Jo-

270 4534 407 4596 hannes
439 4532 619 4617 Spengler
652 4535 779 4598 Scriba
812 4534 965 4600 Senatus
997 4537 1273 4619 Noribergensis
1307 4539 1382 4601 eius
1415 4539 1552 4601 insanie

271 4641 485 4704 adherentes
502 4662 544 4703 ac
561 4643 637 4704 eius
661 4643 794 4724 scripta
818 4642 1097 4726 magnificantes,
1122 4666 1192 4709 non
1214 4646 1327 4709 minus
1344 4646 1551 4728 impendere

271 4756 307 4810 et
329 4746 451 4809 iacere
476 4748 649 4831 nituntur,
675 4749 750 4812 Nos
775 4749 857 4832 quia
886 4770 1023 4813 veneno
1048 4751 1235 4835 heresique
1261 4752 1395 4815 nefarie
1421 4764 1456 4815 et
1480 4753 1550 4816 labi
