3330 5580
723 814 797 880 238.

399 931 550 1011 Belius:
580 930 732 1010 Fructus
761 930 937 1031 germinis
963 932 1121 1011 lutheri.

114 1079 234 1147 (Pontis.
259 1078 424 1151 Imperator.
444 1077 524 1135 Eokii
543 1078 596 1135 etc.
623 1077 818 1224 eplpttalppt-
843 1077 926 1237 Arpb
945 1079 1032 1137 ratio.
1059 1080 1168 1137 mar.
1185 1079 1292 1137 mn
1314 1079 1406 1137 vell

647 1179 661 1222 c
770 1181 784 1223 ο
818 1182 874 1239 req.

210 1293 320 1357 Anno
344 1293 488 1356 Domini
512 1292 720 1355 MDXXIV
738 1305 968 1357 surrexerunt
985 1294 1106 1357 rustici
1135 1294 1266 1357 subditi
1300 1294 1403 1357 comi-

119 1401 167 1463 tis
193 1401 239 1464 de
274 1398 419 1481 Hupfen
454 1399 548 1462 circa
577 1400 647 1460 duo
673 1400 806 1481 oppida
836 1400 911 1462 eius
935 1400 1136 1483 Stielingen
1161 1411 1197 1464 et
1228 1401 1402 1482 Tumgen‚

117 1510 210 1571 adeo
225 1521 263 1569 ut
279 1516 642 1570 castramentarentur
657 1518 792 1569 armata
809 1528 912 1570 manu
930 1509 1024 1570 circa
1040 1529 1163 1570 nemus
1179 1508 1400 1581 Hercinium;

117 1617 263 1678 tandem
283 1624 365 1695 post
378 1614 500 1695 plures
514 1623 708 1675 attentatas
732 1615 941 1676 concordias
966 1617 1060 1696 (nam
1073 1613 1402 1678 Schaiilrusensium

118 1721 347 1785 concordiam
371 1720 502 1782 factam
527 1731 563 1782 et
587 1729 811 1801 acceptatam
828 1721 949 1783 rustici
966 1722 1082 1783 denuo
1097 1721 1298 1802 fregerunt)
1325 1743 1403 1784 cum

118 1829 272 1912 plurium
297 1828 467 1892 nobilium
492 1826 624 1889 subditi
649 1836 684 1888 et
708 1827 952 1889 Praelatorum
976 1848 1014 1890 se
1039 1829 1179 1890 rusticis
1204 1828 1402 1890 coniunxis-

117 1947 215 2016 sent‚
246 1936 399 1998 collecto
428 1953 559 2015 magno
593 1933 752 2013 equitatu
784 1934 904 1996 rustici
937 1954 1070 2015 aequas
1098 1935 1323 1998 conditiones
1348 1956 1401 1998 ac-

117 2062 248 2124 cepere
273 2043 373 2124 pacis
398 2051 434 2104 et
458 2041 508 2103 sic
533 2061 590 2103 res
613 2039 681 2101 suit
704 2041 837 2104 sedata.

207 2147 316 2211 Anno
340 2149 411 2211 Dni
427 2146 617 2210 MDXXV
639 2146 674 2208 in
694 2145 772 2226 ipso
788 2146 956 2225 januario
981 2148 1113 2209 subditi
1137 2150 1280 2211 abbatis
1304 2150 1400 2212 Cam·

114 2256 324 2338 pidunensis
348 2256 495 2319 similem
520 2254 699 2334 querelam
723 2266 927 2334 moverunt,
959 2256 1052 2318 unde
1084 2256 1181 2318 missi
1206 2278 1227 2318 a
1251 2256 1399 2320 foedere

116 2363 317 2426 Svevorum
341 2363 400 2445 qui
425 2381 568 2424 causam
592 2359 776 2438 audirent,
802 2381 878 2423 eam
904 2361 1079 2442 reliquere
1104 2363 1359 2445 imperfectam.

209 2470 315 2532 Unde
340 2490 423 2531 mox
447 2468 568 2530 rustici
600 2467 706 2528 vicini
738 2467 772 2528 in
806 2467 938 2548 Algoia
970 2468 1130 2549 episcopi
1164 2470 1403 2551 Augustensis

117 2577 225 2640 etiam
251 2578 485 2655 rebellarunt,
518 2575 576 2656 qui
606 2575 782 2636 nollentes
819 2593 927 2655 agere
952 2594 1031 2636 cum
1056 2577 1174 2656 aliquo
1200 2577 1402 2639 consiliario

116 2684 298 2765 petierunt
323 2683 515 2744 adventum
539 2680 708 2762 Episcopi
732 2680 767 2742 in
792 2682 938 2761 propria
963 2702 1130 2763 persona,
1167 2683 1225 2764 qui
1261 2686 1306 2746 ad
1340 2705 1403 2747 eos

116 2789 274 2851 venitin
301 2786 522 2852 Oberndorff
543 2799 578 2847 et
603 2786 742 2866 Steten‚
767 2790 830 2850 sed
856 2809 893 2850 re
918 2788 1051 2850 iniecta
1076 2802 1220 2852 coactus
1244 2791 1309 2852 fuit
1335 2792 1400 2853 dis-

117 2898 247 2960 cedere
272 2896 308 2959 in
331 2896 538 2959 Februario.

207 3002 321 3066 Sexta
345 3003 530 3066 Februarii
555 3002 695 3066 collecti
719 3012 800 3064 sunt
832 3002 953 3064 rustici
982 3003 1105 3065 armati
1130 3024 1238 3084 supra
1263 3004 1401 3068 Ulmam

117 3112 259 3174 duobus
294 3111 491 3173 miliaribus
516 3111 549 3173 in
582 3110 799 3192 Baleringen
835 3121 870 3172 et
899 3110 1149 3190 Schimelberg
1179 3112 1224 3173 ad
1254 3123 1404 3192 quatuor

117 3219 283 3291 millium,
317 3218 492 3280 neminem
524 3229 640 3279 tamen
672 3216 899 3280 offenderunt
929 3219 992 3280 sed
1022 3230 1138 3279 certos
1162 3233 1403 3300 conceperunt

117 3326 288 3389 articulos
318 3345 384 3406 pro
410 3325 608 3405 Evangelio
633 3337 668 3385 et
693 3345 813 3386 eorum
839 3327 1004 3388 libertate
1029 3339 1153 3387 contra
1178 3322 1403 3405 Sacerdotes,

118 3434 308 3496 Praelatos
333 3444 368 3494 et
393 3431 530 3493 nobiles
555 3451 632 3493 cum
657 3431 785 3511 quibus
810 3453 917 3514 saepe
942 3433 1015 3513 liga
1040 3431 1170 3494 frustra
1195 3431 1279 3513 agit.

209 3539 343 3620 Quinta
358 3538 477 3601 Martii
503 3539 721 3600 rebellarunt
745 3539 865 3600 rustici
889 3539 923 3601 in
949 3540 1168 3601 Keisthnaro
1192 3540 1402 3619 Mindeltab,

118 3648 251 3727 Ilertal,
276 3645 536 3723 Chamlachtal‚
559 3644 719 3726 Ginztal,
743 3646 884 3726 Rottal,
908 3646 943 3708 in
967 3646 1213 3709 marchionatu
1240 3648 1402 3729 Burgaro

118 3755 215 3817 circa
240 3756 354 3817 lacum
379 3753 474 3815 circa
498 3752 673 3832 Waltser‚
706 3764 741 3814 et
765 3752 964 3815 Wuntzach
993 3755 1085 3816 adeo
1111 3754 1205 3834 quod
1229 3754 1263 3815 in
1289 3755 1402 3817 tribus

116 3860 326 3944 septimanis
349 3862 417 3923 orti
442 3860 585 3921 fuerunt
609 3872 690 3921 octo
715 3860 816 3923 cunei
843 3860 1070 3923 Rusticorum
1097 3870 1133 3923 et
1165 3869 1330 3943 potenter
1366 3863 1399 3924 in

117 3966 248 4033 Suevis
272 3989 318 4029 ex
345 3968 511 4048 opposito
537 3966 712 4029 Bavariae
740 3987 855 4048 prope
887 3967 1095 4047 Schengaro
1126 3981 1164 4029 ut
1194 3969 1303 4031 duces
1334 3970 1399 4032 Ba-

116 4076 239 4139 variae
263 4076 438 4151 timerent,
463 4094 508 4135 ne
532 4073 767 4153 irrumperent
784 4073 817 4134 in
845 4074 1008 4135 ducatum
1034 4095 1156 4137 eorum
1171 4086 1206 4137 et
1222 4076 1401 4158 praesidia

116 4184 373 4266 imposuerunt.

208 4287 450 4352 Obtinuerunt
473 4290 582 4350 multa
606 4287 739 4369 oppida
773 4287 1156 4369 1,uikirch,t'angen,
1189 4290 1398 4365 Markdorff‚

116 4396 322 4478 Morspurg‚
347 4395 538 4474 Waltsere‚
565 4395 767 4459 Wurtzach.
794 4393 977 4475 Leiphein,
1002 4394 1202 4479 Gintzburg
1226 4408 1291 4461 etc.

205 4503 341 4583 Quarta
365 4503 510 4586 Aprilis.
558 4502 744 4564 Exercitus
769 4501 863 4580 ligae
889 4500 1013 4582 fugato
1038 4501 1396 4585 wirtembergiorum

115 4612 253 4674 Ducem
277 4609 484 4691 supervenit
508 4619 543 4671 et
570 4608 699 4672 t'sslm.
725 4607 934 4671 rusticorum
958 4629 1003 4670 ex
1028 4622 1177 4691 utraque
1202 4624 1303 4691 parte
1327 4613 1395 4675 Da-

115 4717 213 4781 nubii
239 4737 353 4798 prope
378 4716 563 4799 Leiphaim
588 4715 798 4777 constitutos
821 4712 951 4776 invasit
982 4726 1018 4777 et
1046 4716 1092 4778 ad
1117 4717 1184 4779 tria
1208 4718 1317 4782 millia
1340 4741 1395 4783 oc-

114 4824 211 4904 cidit,
235 4824 453 4906 septingenti
478 4837 537 4886 aut
561 4827 681 4905 plures
705 4822 878 4884 submersi
902 4833 1002 4891 sunt.
1026 4824 1165 4905 plurimi
1187 4826 1294 4907 capti,
1319 4827 1395 4891 Ple-
