3330 5580
706 445 763 499 0⁴3
802 448 855 502 256
894 444 950 500 57>⁰

189 588 248 650 Ad
281 599 477 652 extremum
512 590 597 652 illud
638 590 870 653 Sanctitatem
901 592 1067 654 Vestram
1100 601 1262 672 rogatam
1295 591 1401 653 velim
1432 600 1462 654 ut

188 696 217 756 si
242 716 312 777 qua
336 696 370 759 in
395 699 462 759 hoc
487 718 650 761 sermone
686 700 857 779 reperiat,
890 719 958 780 quo
990 698 1065 761 eius
1098 697 1326 762 offendantur
1357 719 1462 780 aures

189 803 225 864 id
259 825 327 866 non
363 805 528 868 Roffensi
562 807 620 888 qui
659 808 811 888 Anglice
847 810 986 870 locutus
1021 817 1089 887 est,
1132 807 1195 870 sed
1231 805 1317 869 mihi
1353 805 1462 887 potius

188 910 353 991 ascribat,
379 912 437 992 qui
462 915 508 975 ab
533 935 575 975 eo
600 917 693 977 bene
718 925 752 976 et
777 913 885 977 latine
910 915 1021 994 dicta,
1057 915 1148 976 male
1180 923 1216 977 et
1248 915 1403 976 barbare
1433 913 1461 975 in

187 1015 331 1079 latinum
356 1019 457 1081 verti.
506 1020 551 1081 Et
575 1023 693 1083 valeat
717 1021 922 1084 felicissirne
948 1022 1078 1084 Vestra
1103 1018 1302 1099 Sanctitas,
1335 1019 1391 1082 cui
1415 1040 1460 1082 me

187 1124 378 1188 humillime
403 1129 611 1191 commendo

277 1231 330 1292 Ex
357 1232 573 1296 Richmonte
597 1234 711 1316 primo
735 1236 829 1312 Junii

679 1361 804 1410 Eiusdem
824 1362 978 1410 Sanctitatis
999 1364 1107 1410 Vestrae
1128 1359 1291 1408 humillimus
1311 1359 1432 1408 Servulus

1021 1456 1201 1520 lit-lectu.

801 1907 854 1972 99.

511 2031 910 2114 vicecancellarius
938 2032 1156 2112 Alcandro.

620 2172 763 2240 (limitat.
782 2173 907 2231 German.
926 2171 957 2230 Ιι.
976 2171 1028 2238 tel

708 2286 743 2348 (6.
764 2285 838 2350 Junii
862 2280 947 2349 1521.)

277 2405 356 2467 Non
374 2406 408 2467 vi
426 2417 646 2487 petressemo
663 2409 730 2471 mai
746 2410 789 2471 ne
813 2409 848 2470 in
874 2409 998 2491 parole
1023 2408 1066 2469 ne
1091 2407 1126 2469 in
1151 2415 1249 2469 carta
1266 2406 1465 2488 exprimere

187 2510 209 2572 1’
224 2511 422 2593 allegrezza
447 2524 481 2575 et
505 2525 673 2578 contento
698 2518 744 2579 ha
766 2526 935 2579 recevuto
960 2517 994 2577 la
1019 2514 1070 2577 8¹³
1095 2516 1140 2577 de
1170 2493 1212 2576 NJ
1238 2512 1274 2575 S.
1300 2515 1396 2577 della
1420 2512 1464 2575 di·

187 2616 272 2679 vina
296 2627 331 2679 et
354 2619 400 2680 da
424 2640 564 2703 sempre
582 2643 800 2685 comemorar
817 2643 927 2704 opera
951 2622 987 2683 di
1002 2622 1132 2685 Cesare
1149 2621 1207 2684 Re
1223 2631 1258 2683 et
1274 2621 1466 2702 imperator

188 2724 476 2790 christianissimo
501 2728 594 2791 essai
618 2729 678 2810 pin
702 2729 736 2791 in
763 2729 859 2791 effeti
884 2731 949 2792 che
975 2731 1031 2792 nel
1055 2730 1175 2809 titolo,
1205 2737 1240 2791 et
1264 2727 1314 2790 Su
1340 2725 1392 2788 Sl*
1410 2728 1465 2789 ad·

187 2832 276 2894 mira
300 2845 335 2895 et
360 2836 493 2897 extolle
518 2848 552 2898 et
578 2838 612 2897 la
636 2836 718 2898 fede
742 2848 777 2899 et
802 2837 1001 2899 constantia
1033 2846 1067 2899 et
1092 2835 1281 2918 prudentia
1306 2836 1342 2896 di
1368 2845 1465 2897 tanto

187 2940 401 3021 imperatore
431 2945 496 3005 che
530 2943 640 3006 habbi
676 2943 704 3005 si
739 2947 832 3006 bene
869 2955 904 3006 et
939 2948 966 3007 sl
1001 2954 1259 3006 maturnmente
1296 2943 1465 3005 condotto

188 3047 337 3129 l'opera
362 3060 397 3111 et
422 3050 628 3130 expedition
658 3061 781 3112 contro
812 3054 894 3131 qual
918 3051 1112 3113 maladetto
1145 3070 1211 3111 con
1243 3048 1401 3131 perferto
1434 3057 1466 3110 et

187 3155 390 3218 desiderato
414 3156 494 3222 fine.
532 3155 581 3219 Su
595 3155 646 3219 gn
664 3159 710 3219 ha
735 3158 820 3220 lette
845 3156 903 3238 pili
931 3158 1027 3219 volte
1053 3166 1176 3237 queste
1201 3154 1322 3217 ultime
1347 3165 1466 3218 vostre

187 3263 303 3325 littere
328 3284 434 3345 sopra
459 3264 482 3326 il
507 3265 651 3345 signare
676 3274 711 3326 et
743 3263 914 3345 expedire
945 3263 956 3324 i
988 3263 1164 3342 mandati,
1199 3272 1233 3324 et
1264 3261 1300 3324 in
1332 3281 1467 3325 somma

186 3371 404 3451 impossibile
429 3372 522 3434 saria
546 3373 591 3434 ad
617 3371 817 3454 exprimere
842 3373 875 3432 le
900 3370 992 3432 festa
1016 3382 1051 3433 et
1075 3371 1185 3432 iubilo
1211 3369 1246 3431 di
1263 3366 1323 3431 Su.
1349 3369 1466 3432 Beati·

187 3477 309 3540 tudine
334 3489 368 3540 et
392 3480 438 3541 ha
462 3478 551 3542 fatto
577 3481 723 3561 leggere
741 3478 800 3559 gie
820 3478 854 3540 in
880 3478 1063 3559 signatura
1088 3477 1256 3559 pubblica
1281 3477 1380 3538 dette
1407 3479 1467 3540 let·

186 3597 262 3648 tere
279 3597 313 3648 et
329 3586 580 3667 leggerannosi
596 3588 708 3649 anche
724 3585 758 3647 in
777 3585 998 3648 consistorio
1047 3585 1119 3648 Sua
1136 3582 1273 3646 Santiti
1298 3575 1470 3647 referisSe

187 3715 254 3756 con
279 3702 370 3755 tutto
396 3693 417 3756 'l
442 3714 524 3757 core
549 3702 585 3756 et
609 3714 675 3756 con
701 3702 791 3755 tutto
817 3693 837 3754 l’
855 3693 972 3755 animo
1006 3702 1040 3755 et
1072 3694 1152 3755 tutti
1184 3692 1196 3754 i
1225 3692 1317 3755 sensi
1351 3697 1472 3773 gratie

188 3809 319 3882 quanto
339 3803 410 3881 pud
436 3799 610 3881 maggiori
636 3822 657 3864 a
681 3797 731 3862 Sc
754 3797 819 3861 Μῐὲι
844 3810 879 3862 et
902 3820 1015 3881 prega
1043 3801 1146 3862 Iddio
1178 3803 1213 3862 la
1241 3802 1410 3864 conservi
1435 3804 1472 3867 in

188 3917 314 3989 questo
339 3906 451 3971 Sento
476 3907 661 3990 proposito
686 3907 720 3969 di
746 3907 940 3969 defendere
965 3909 999 3968 la
1024 3906 1153 3970 Chiesa
1186 3918 1221 3970 et
1245 3918 1347 3969 santa
1372 3907 1473 3975 Sede

188 4015 399 4095 Apostolica
423 4026 458 4077 et
483 4014 507 4078 li
531 4015 614 4077 doni
639 4015 712 4077 vita
736 4016 846 4095 longa
870 4024 906 4076 et
929 4014 1093 4095 prosperi
1117 4013 1198 4075 tutti
1222 4014 1232 4076 i
1257 4014 1333 4077 suoi
1359 4017 1474 4097 giusti

188 4121 273 4185 voti.
320 4121 390 4184 Voi
415 4121 450 4183 in
475 4142 578 4184 nome
602 4121 638 4182 di
663 4120 736 4184 Sua
753 4119 805 4183 8¹³
824 4131 956 4201 quanto
981 4119 1040 4202 piir
1065 4129 1205 4201 potrete
1229 4140 1295 4183 con
1319 4120 1474 4191 affetion

189 4227 437 4311 ringratierete
461 4225 497 4291 S.
519 4228 567 4292 M.
592 4228 869 4310 persuadendoli
886 4228 951 4290 che
968 4238 1067 4290 tanto
1086 4226 1256 4290 benefitio
1281 4238 1316 4290 et
1341 4232 1475 4297 merito

189 4337 225 4399 di
249 4337 367 4417 quella
391 4354 462 4397 non
487 4334 655 4398 cascherir
684 4335 753 4397 mai
778 4336 874 4397 dalla
905 4334 1074 4396 memoria
1102 4335 1138 4397 di
1170 4333 1220 4398 Su
1243 4335 1321 4397 Bne
1350 4338 1399 4400 ne
1427 4341 1475 4405 de

189 4445 223 4505 la
241 4441 336 4505 Sede
353 4441 573 4524 Apostolica‚
599 4441 676 4504 anzi
700 4462 840 4523 sempre
864 4451 901 4504 et
923 4442 944 4504 l’
961 4462 1033 4505 una
1050 4451 1085 4504 et
1104 4442 1124 4503 l'
1142 4443 1233 4504 altro
1258 4441 1287 4504 si
1310 4442 1475 4510 sforzerir

189 4551 225 4613 di
250 4549 374 4613 esserli
393 4549 453 4630 pili
479 4559 602 4630 grato;
628 4557 663 4610 et
687 4550 880 4611 benedetto
906 4561 941 4611 et
966 4550 1086 4613 lodato
1108 4550 1160 4612 sia
1176 4570 1316 4632 sempre
1340 4565 1474 4632 questo

190 4680 211 4722 a
234 4657 293 4720 noi
325 4658 371 4718 da
406 4655 475 4719 Dio
507 4657 591 4717 dato
620 4655 841 4736 Imperatore
873 4668 909 4718 et
940 4657 1116 4719 advocato
1152 4657 1196 4717 de
1231 4657 1266 4718 la
1299 4655 1474 4725 Romana

190 4765 328 4830 Chiesa.
375 4762 449 4828 Sua
466 4761 604 4826 Santiti
621 4783 691 4825 non
708 4763 843 4825 resterir
868 4763 904 4826 di
927 4763 1004 4828 fare
1019 4773 1109 4828 tutte
1125 4766 1158 4826 le
1175 4764 1475 4835 demonstrationi
