3330 5580
699 460 949 518 *434088‘*

182 608 269 670 detti
293 608 600 690 Magdeburgensi
632 628 698 669 con
723 607 819 670 aiuto
845 608 889 669 de
914 607 991 670 suoi
1015 607 1118 670 amici
1151 618 1187 673 et
1210 612 1354 692 parenti
1379 613 1470 676 desi·

182 715 270 777 dera
300 717 433 778 havere
465 716 510 777 da
533 715 663 777 Nostro
690 713 843 796 Signore
875 713 1034 778 subsidio
1066 725 1101 778 et
1125 715 1221 780 aiuto
1253 718 1289 780 di
1315 721 1472 801 qualche

182 821 307 883 danari
331 832 367 884 et
391 821 581 884 lauthoriti
606 841 670 883 soa
701 831 736 883 et
762 823 805 884 de
830 822 865 884 la
889 818 985 885 Sede
1010 821 1240 903 Apostolica;
1273 836 1311 889 et
1335 839 1473 909 quanto

183 929 253 990 alla
276 928 391 1009 prima
415 940 517 1010 parte
551 927 599 1008 gli
624 929 671 990 ho
696 927 852 1011 risposto
876 930 942 991 che
968 925 1042 991 Sua
1066 927 1205 992 Santiti
1230 950 1303 995 non
1327 933 1352 996 li
1377 955 1473 998 man·

183 1035 290 1098 chara
316 1036 350 1097 di
377 1055 461 1097 cosa
485 1035 612 1097 alcuna
637 1037 704 1096 che
727 1054 765 1097 se
790 1036 823 1097 le
847 1037 1082 1118 apartengha,
1107 1056 1164 1098 ma
1184 1038 1251 1101 che
1272 1040 1320 1103 de
1336 1042 1476 1106 havere

184 1142 307 1205 danari
332 1143 349 1204 ὲ
375 1162 459 1205 cosa
483 1161 583 1204 come
606 1141 838 1223 impossibile,
862 1140 892 1204 si
915 1162 981 1224 per
1002 1143 1037 1205 la
1052 1143 1243 1206 debolezza
1267 1155 1304 1208 et
1318 1148 1476 1228 poverta

183 1251 266 1312 dela
288 1249 428 1329 chiesa,
465 1249 494 1311 si
517 1269 582 1330 per
607 1252 639 1311 le
664 1268 768 1330 spese
793 1249 960 1312 continue
996 1259 1031 1312 et
1055 1251 1090 1313 le
1114 1249 1329 1331 obligationi
1352 1263 1391 1316 et
1416 1274 1476 1318 ne-

184 1356 311 1419 cessith
336 1359 401 1420 che
424 1358 470 1418 ha
493 1356 527 1417 di
543 1375 750 1418 soccorrere
766 1364 891 1437 questo
908 1355 1043 1438 Regno
1063 1357 1098 1420 di
1115 1355 1328 1440 Hungheria
1345 1372 1478 1425 contra

183 1463 334 1537 infideli;
367 1464 437 1525 alla
461 1464 543 1545 qual
567 1465 693 1544 parola
716 1463 763 1526 mi
787 1463 1031 1545 replicorono,
1056 1467 1123 1528 che
1148 1486 1257 1530 erano
1280 1467 1428 1549 pegiori
1452 1470 1477 1533 li

185 1571 377 1633 Lutherani
403 1571 461 1653 qui
485 1571 578 1634 intra
594 1590 716 1634 eorum
731 1570 870 1634 viscera
891 1582 993 1634 erant
1016 1592 1121 1654 quarn
1138 1572 1279 1636 externi
1296 1575 1477 1640 Turchae.

186 1679 286 1742 Oltre
311 1678 347 1741 di
372 1687 511 1760 questo,
534 1679 666 1760 perche
680 1675 753 1740 Sua
774 1675 942 1760 Signoria
958 1679 1273 1743 Reverendissima
1298 1701 1405 1746 come
1429 1685 1478 1748 ho

186 1787 334 1849 detto-d
358 1786 482 1849 timida
513 1795 549 1848 et
576 1807 641 1868 per
666 1787 752 1849 dare
784 1787 899 1849 ancho
923 1787 1035 1850 maior
1058 1787 1285 1869 reputatione
1316 1790 1392 1851 alla
1416 1789 1478 1853 im-

187 1914 303 1974 presa,
327 1896 462 1957 vorebe
485 1895 552 1956 che
576 1894 610 1955 la
626 1892 764 1955 Maesta
781 1891 935 1956 Cesarea
959 1893 1009 1975 gli
1034 1894 1137 1957 desse
1163 1895 1196 1957 el
1218 1895 1340 1958 bando
1363 1894 1477 1978 impe·

186 1999 274 2062 riale
298 2009 424 2064 contra
448 2002 546 2063 detta
564 1999 657 2063 Citta
682 2009 718 2062 et
742 2000 819 2062 suoi
843 1999 1040 2082 adherenti,
1066 2010 1101 2063 et
1120 2002 1256 2063 anchor
1279 2003 1480 2084 deputasse

187 2127 353 2188 supremo
378 2107 546 2188 capitano
571 2127 591 2169 a
615 2108 734 2188 quella
750 2106 905 2188 impresa
929 2126 996 2170 con
1012 2108 1130 2189 quello
1146 2107 1243 2170 aiuto
1268 2119 1304 2171 et
1320 2110 1479 2174 sussidio

187 2215 252 2276 che
277 2214 310 2275 le
335 2234 502 2296 paresse‚
527 2213 550 2275 il
575 2215 679 2295 quale
704 2216 839 2276 anchor
863 2217 929 2276 che
953 2213 1051 2277 fusse
1075 2216 1192 2297 pocho
1217 2235 1288 2278 non
1314 2216 1479 2280 darebbe

188 2320 269 2382 noia
300 2321 432 2402 perche
457 2322 677 2401 sperarebbe
709 2319 745 2381 di
771 2321 918 2400 valersi,
954 2322 1063 2384 molto
1088 2320 1146 2403 piu
1179 2321 1224 2384 de
1248 2321 1418 2386 lautorita
1444 2335 1482 2387 et

188 2447 292 2490 nome
317 2426 471 2489 Cesareo
497 2428 563 2488 che
589 2427 633 2487 de
658 2428 691 2488 le
715 2427 820 2506 armi,
850 2437 885 2490 et
909 2448 975 2510 per
998 2438 1173 2504 aventura
1196 2430 1350 2491 sarebbe
1374 2439 1481 2494 tanta

188 2533 380 2596 lauthorita
411 2534 468 2595 del
493 2552 598 2595 nome
622 2542 657 2595 et
682 2542 818 2596 terrore
849 2535 908 2596 del
932 2536 1069 2613 bando,
1105 2535 1171 2597 che
1204 2555 1311 2597 sanza
1334 2555 1480 2619 sangae

188 2641 217 2704 si
250 2640 414 2722 potriano
447 2639 584 2718 ridure‚
620 2649 656 2702 et
689 2639 973 2704 massimamente
1007 2641 1087 2704 chio
1121 2642 1268 2704 intendo
1303 2644 1369 2705 che
1403 2641 1482 2708 Sua

189 2746 356 2830 Signoria
380 2747 699 2811 Reverendissima
732 2748 779 2809 da
811 2749 892 2811 see
926 2748 1019 2812 assai
1053 2759 1200 2830 potente
1236 2758 1273 2811 et
1295 2749 1481 2833 maggior·

189 2864 306 2917 mente
343 2874 409 2917 con
446 2854 469 2916 li
502 2853 688 2916 adherenti
725 2853 802 2916 suoi
836 2863 871 2916 et
903 2856 991 2936 pero
1026 2854 1207 2934 desidera,
1244 2857 1310 2918 che
1342 2855 1480 2922 Nostro

191 2960 343 3042 Signore
377 2983 443 3024 con
479 2965 560 3043 quel
584 2961 725 3044 miglior
749 2962 855 3025 modo
888 2962 912 3024 li
945 2962 1091 3045 parere,
1128 2983 1228 3025 come
1262 2964 1307 3026 da
1331 2985 1371 3026 se
1409 2986 1482 3029 non

190 3069 357 3132 richiesto
382 3071 427 3132 da
452 3067 526 3132 Sua
550 3066 719 3149 Signoria
742 3069 1074 3149 Reverendissima,
1099 3069 1216 3132 scriva
1239 3071 1311 3132 alla
1335 3069 1482 3135 Maesta

191 3176 346 3240 Cesarea
377 3196 484 3258 sopra
516 3176 614 3238 detto
640 3174 763 3238 effetto
796 3175 821 3237 il
845 3176 928 3257 qual
952 3177 1140 3258 impetrato
1177 3177 1244 3238 che
1278 3177 1426 3240 havessi
1456 3178 1483 3242 li

192 3285 350 3347 darebbe
374 3283 504 3346 lanimo
530 3282 566 3343 di
584 3281 788 3345 facilmente
809 3281 963 3344 forzarlo
985 3285 1057 3345 alla
1072 3282 1276 3345 obedientia
1302 3290 1338 3345 et
1354 3284 1483 3349 debito

191 3393 279 3471 loro,
304 3401 340 3453 et
364 3392 516 3453 sarebbe
540 3408 625 3451 cosa
647 3387 754 3451 facile
778 3409 849 3452 non
874 3389 903 3451 si
927 3390 1128 3470 scoprendo
1153 3387 1233 3452 altri
1258 3390 1329 3451 alla
1351 3389 1484 3455 diffesa

192 3500 287 3577 lom,
312 3507 347 3560 et
373 3497 514 3578 quando
540 3496 654 3558 ancho
678 3496 880 3558 havessono
903 3496 985 3559 altri
1009 3495 1231 3558 confederati
1255 3515 1325 3557 non
1351 3516 1484 3578 pensa·

192 3608 303 3668 rebbe
328 3607 415 3686 pero
441 3604 476 3665 di
501 3603 623 3666 esserli
647 3600 826 3682 inferiore,
855 3602 932 3665 anzi
956 3605 1002 3666 de
1026 3603 1174 3665 vincerli
1200 3611 1236 3665 et
1259 3622 1324 3666 con
1352 3614 1485 3685 questa

193 3711 379 3775 occasione
404 3713 515 3773 haver
539 3709 644 3772 modo
670 3709 706 3770 di
730 3709 911 3791 extirpare
941 3710 974 3772 in
1001 3719 1092 3773 tutto
1118 3718 1243 3790 questa
1266 3707 1437 3775 factione.

283 3798 312 3881 1‘3
335 3838 420 3880 vero
445 3818 524 3879 chel
549 3815 760 3898 maneggiar
783 3816 870 3878 armi
895 3827 1020 3879 contra
1036 3815 1228 3881 Christiani
1245 3835 1316 3879 non
1331 3817 1350 3879 ὲ
1368 3820 1484 3883 molto

193 3927 390 4006 laudabile,
425 3945 493 4006 pur
516 3945 581 4005 per
605 3923 788 3987 eradicare
824 3942 892 3984 una
917 3934 1015 3986 secta
1040 3928 1111 3987 cosi
1136 3923 1412 3987 abhominevole
1447 3936 1486 3989 et

193 4035 300 4116 piena
333 4033 367 4094 di
398 4032 591 4111 seditione,
628 4051 696 4093 non
730 4031 848 4093 iudico
881 4050 978 4092 esser
1001 4032 1093 4094 male
1116 4031 1254 4093 imitare
1289 4030 1313 4093 li
1337 4031 1484 4111 medici,

195 4143 261 4203 che
285 4160 349 4222 per
373 4140 513 4202 salvare
537 4148 629 4200 tutto
654 4140 686 4200 el
710 4147 806 4199 resto
831 4137 890 4200 del
914 4156 1025 4219 corpo
1049 4140 1105 4199 col
1130 4137 1225 4199 ferro
1255 4147 1291 4198 et
1314 4139 1372 4200 col
1395 4136 1484 4202 foco

196 4259 368 4330 apartano
392 4248 427 4309 le
450 4249 608 4308 membra
632 4243 773 4326 putride
798 4246 844 4306 da
868 4246 902 4307 le
927 4230 1023 4323 sane,
1048 4254 1083 4305 et
1108 4264 1146 4305 se
1170 4245 1239 4305 ben
1265 4243 1311 4305 mi
1334 4244 1484 4312 ricordo

196 4355 308 4418 Santo
333 4352 534 4433 Augustino
568 4354 634 4414 che
667 4350 781 4432 prima
814 4360 940 4414 contra
963 4349 1140 4412 Donatisti
1174 4369 1244 4411 non
1269 4369 1486 4431 approvava

197 4464 262 4525 che
287 4461 315 4523 si
340 4459 452 4523 usassi
475 4459 500 4522 il
524 4457 674 4521 rimedio
697 4458 741 4520 de
764 4457 865 4520 larmi
890 4477 956 4538 per
972 4457 1134 4521 cacciarli
1158 4456 1193 4517 di
1210 4455 1356 4536 Affrica,
1380 4456 1485 4522 vinto

197 4572 244 4632 da
258 4570 293 4631 la
307 4571 384 4631 loro
400 4566 597 4649 pertinacia
613 4565 818 4628 finalmente
835 4563 995 4628 consenti
1019 4575 1054 4627 et
1071 4583 1251 4646 persoase,
1277 4563 1343 4625 che
1360 4567 1485 4646 quella

197 4675 255 4737 via
279 4675 307 4737 si
333 4674 503 4756 seguisse,
528 4683 564 4736 et
587 4677 658 4736 cosl
683 4672 721 4734 fu
745 4671 846 4734 fatto.
894 4671 1030 4752 Questa
1053 4670 1193 4734 heresia
1217 4671 1234 4732 ὲ
1259 4672 1369 4732 molto
1392 4689 1484 4754 peg-

197 4781 279 4863 gior
311 4782 347 4843 di
371 4783 489 4862 quella
513 4791 548 4842 et
572 4779 600 4841 si
625 4800 671 4861 po
697 4780 790 4858 dire,
827 4780 892 4840 che
917 4798 961 4840 ne
987 4776 1251 4860 comprehende
1276 4786 1408 4858 quante
1433 4781 1483 4842 ab
