3330 5580
703 459 951 517 edum—⁴>

277 607 379 670 Circa
403 609 436 671 el
460 608 637 690 procedet
667 608 725 671 del
748 607 968 690 Regimento
1001 607 1037 671 in
1062 608 1210 692 Eslinga
1234 618 1270 674 et
1294 610 1356 676 del
1382 611 1479 677 Mar·

187 717 293 778 chese
328 715 363 776 di
387 715 489 778 Bada
519 714 544 777 il
575 711 810 778 Serenissimo
844 713 1009 796 Principe
1043 716 1090 778 ha
1122 716 1246 781 scritto
1279 717 1318 781 in
1351 721 1480 784 buona

186 822 310 901 forma,
336 832 371 884 et
395 826 466 884 cosl
491 821 538 884 mi
562 821 679 884 scrive
704 822 737 884 el
761 821 889 883 noncio
914 822 959 885 de
983 821 1159 905 Inspruck
1184 832 1219 887 et
1242 824 1421 907 risponde
1443 828 1480 891 el

188 928 354 1011 Principe
379 947 479 991 come
502 929 537 989 la
562 927 696 990 vederd
721 947 787 1010 per
810 928 845 991 la
868 949 942 992 soa.

277 1034 306 1096 Il
330 1033 486 1097 Rorario
510 1035 556 1096 ha
580 1035 713 1096 havuto
738 1035 771 1098 le
796 1035 901 1098 lettre
926 1036 986 1099 del
1008 1036 1229 1102 Reverendo
1253 1039 1410 1103 Daterio
1441 1049 1480 1105 et

188 1144 298 1203 breve
323 1140 358 1202 di
375 1140 506 1204 Nostro
523 1138 688 1223 Signore‚
713 1160 778 1223 per
799 1143 831 1204 el
847 1142 1163 1207 Reverendissimo
1179 1144 1478 1229 Saltzburgense,

188 1258 223 1312 et
248 1249 450 1310 mandatolo
475 1268 539 1329 per
565 1249 684 1312 lhomo
714 1268 778 1311 suo
811 1267 985 1330 appresso
1009 1249 1035 1313 il
1059 1249 1238 1333 principe;
1269 1273 1328 1316 ma
1364 1255 1479 1317 credo

189 1376 259 1419 non
285 1354 407 1416 veniri
443 1356 554 1417 sendo
586 1357 619 1418 le
654 1375 737 1418 cose
767 1355 802 1418 in
835 1355 976 1419 termini
1004 1358 1071 1420 che
1101 1377 1199 1421 sono.
1255 1358 1329 1423 Tra
1365 1361 1478 1442 quelli

189 1462 345 1526 huomini
373 1461 463 1524 dotti
488 1460 568 1524 chio
592 1461 730 1539 scrissi,
767 1482 839 1525 non
863 1463 970 1526 credo
1001 1465 1068 1526 che
1098 1464 1208 1528 cisia
1239 1467 1368 1530 alcuno
1402 1477 1479 1531 atto

188 1590 254 1651 per
278 1570 312 1631 la
336 1579 414 1630 rota
439 1578 473 1631 et
509 1588 622 1650 penso
653 1568 733 1631 sari
766 1568 910 1632 difficile
946 1569 1136 1633 ritrovarlo
1171 1591 1236 1653 per
1266 1574 1301 1635 le
1332 1573 1477 1655 ragioni

191 1679 281 1738 altre
305 1677 403 1738 volte
427 1674 577 1756 scripte;
602 1695 670 1758 pur
693 1696 738 1739 ne
761 1676 840 1739 ferd
865 1675 1061 1758 diligentia.

279 1782 382 1846 Circa
411 1782 435 1844 li
465 1794 570 1845 cento
601 1782 762 1863 gravami
794 1792 830 1846 et
860 1784 896 1846 la
934 1794 1019 1846 nota
1049 1785 1115 1846 che
1150 1784 1196 1847 mi
1227 1786 1273 1848 ha
1302 1787 1476 1850 mandato

189 1891 321 1954 Vostra
345 1888 512 1972 Signoria
536 1890 581 1952 de
605 1888 721 1970 questi
746 1889 1054 1954 Reverendissimi
1068 1887 1214 1973 Signori
1237 1892 1416 1975 deputati,
1440 1894 1477 1958 io

189 1999 350 2061 rimando
366 1999 465 2059 detta
483 2007 568 2059 nota
585 2006 622 2059 et
637 1996 756 2078 quello
775 1997 840 2059 che
853 1995 948 2059 circa
961 1996 1016 2060 eid
1029 1997 1076 2059 mi
1092 2017 1238 2061 occorre
1256 1997 1292 2061 in
1308 1999 1476 2081 risposta.

279 2104 336 2166 Ho
361 2105 494 2166 havuto
518 2104 627 2165 molto
652 2113 843 2181 contento,
877 2105 943 2165 che
975 2125 996 2166 a
1028 2101 1102 2166 Sua
1126 2101 1267 2167 Santita
1297 2106 1351 2168 sia
1376 2107 1476 2171 satis·

190 2212 280 2275 latta
304 2220 430 2292 questa
450 2220 582 2272 venuta
598 2209 669 2273 mia
684 2210 719 2272 in
733 2210 921 2291 Hungaria
937 2212 1030 2274 dove
1046 2211 1093 2274 mi
1110 2211 1261 2292 lorcam,
1286 2215 1475 2296 seguendo

189 2320 212 2381 li
238 2317 395 2399 dissegni
412 2317 578 2394 concetti‚
604 2317 660 2380 far
676 2319 759 2398 quel
775 2316 905 2396 meglio
918 2317 999 2379 chio
1014 2320 1119 2398 potrd
1144 2328 1180 2381 et
1195 2319 1276 2382 chio
1292 2339 1334 2382 so
1352 2341 1475 2385 essere

191 2446 325 2489 summo
351 2424 529 2487 desiderio
554 2424 590 2486 di
615 2421 687 2487 Sua
711 2423 957 2501 Beatitudine,
990 2433 1026 2486 et
1057 2434 1174 2505 certo,
1210 2427 1275 2488 che
1303 2427 1476 2491 andando

190 2542 315 2616 queste
339 2551 422 2594 cose
447 2531 483 2594 di
508 2531 656 2593 Boemia
680 2531 739 2612 pid
765 2532 900 2612 lunghe
925 2529 1004 2592 chio
1029 2551 1098 2593 non
1125 2533 1297 2612 credevo‚
1323 2555 1397 2598 non
1422 2555 1475 2598 sa·

191 2643 301 2703 rebbe
327 2648 420 2701 stato
444 2659 510 2720 pro
535 2637 709 2718 dignitate
734 2636 967 2718 Apostolicae
999 2634 1104 2700 Sedis
1133 2639 1212 2703 chio
1235 2640 1283 2703 mi
1306 2641 1398 2705 fussi
1422 2664 1475 2707 re·

191 2758 284 2810 stato
309 2756 408 2809 tanto
433 2754 554 2827 tempo
578 2743 613 2806 in
629 2743 768 2805 Vienna
791 2763 897 2806 sanza
920 2745 1012 2807 altra
1035 2745 1297 2827 negociatione,
1321 2749 1390 2812 che
1414 2749 1477 2832 qui

191 2856 225 2916 al
250 2854 399 2915 mancho
424 2872 487 2914 son
513 2870 580 2933 pur
604 2849 745 2913 stimulo
778 2870 799 2911 a
823 2860 947 2931 queste
972 2871 1054 2914 cose
1078 2851 1225 2915 insieme
1248 2855 1304 2916 col
1329 2855 1478 2922 Barone

193 2971 228 3023 et
251 2960 347 3022 forse
371 2978 436 3040 per
460 2956 689 3040 importunitd
714 2967 835 3020 nostra
860 2966 896 3020 et
919 2977 1107 3039 vergogna
1131 2961 1208 3022 loro
1232 2960 1261 3023 si
1281 2960 1360 3026 fara
1376 2966 1476 3045 qual·

191 3070 257 3131 che
281 3086 364 3128 cosa
387 3065 449 3146 pili
474 3063 510 3126 di
534 3067 653 3145 quello
678 3066 744 3127 che
768 3063 797 3126 si
822 3064 915 3126 saria
939 3063 1041 3129 fatte.

281 3173 385 3237 Circa
408 3173 432 3234 li
464 3159 667 3234 undamenti
693 3173 736 3233 de
761 3171 863 3232 Italia
887 3179 985 3233 certo
1011 3171 1028 3233 ὲ
1053 3191 1143 3253 gran
1169 3173 1379 3254 maraviglia
1409 3179 1479 3241 che

192 3291 290 3345 tanto
326 3280 441 3343 stiano
472 3279 506 3340 in
542 3277 683 3341 bilanzo
715 3289 839 3339 contra
867 3278 985 3357 quello
1019 3279 1085 3340 che
1123 3279 1153 3340 si
1184 3279 1397 3345 existimava
1429 3287 1478 3348 da

192 3409 353 3471 ognuno;
386 3385 494 3449 credo
519 3386 584 3447 che
616 3406 637 3446 a
673 3385 865 3466 questhora
895 3383 930 3446 in
966 3384 1066 3447 [talia
1099 3385 1151 3448 sia
1180 3389 1212 3448 el
1243 3396 1339 3449 resto
1373 3390 1421 3452 de
1453 3391 1479 3454 li

192 3495 293 3558 Dieci
317 3494 400 3556 mila
421 3492 655 3570 Lanzchenet,
680 3511 737 3553 ma
761 3510 832 3552 non
858 3510 897 3553 so
922 3501 1055 3571 quanto
1080 3494 1296 3556 bastaranno
1324 3496 1371 3556 ad
1396 3495 1481 3560 unir

192 3605 225 3665 le
250 3602 346 3663 forze
371 3599 534 3676 Cesaree,
560 3600 624 3660 che
650 3597 679 3659 si
704 3607 861 3661 mettano
892 3596 927 3659 in
960 3617 1162 3680 compagna
1192 3609 1228 3662 et
1259 3620 1479 3667 soccorrano

194 3709 321 3782 Pavia;
348 3716 384 3769 et
408 3726 477 3767 non
502 3704 531 3766 si
555 3703 725 3782 lacendo,
758 3715 794 3766 et
821 3704 1051 3786 procedendo
1084 3704 1254 3768 Francesi
1282 3727 1326 3768 ne
1350 3708 1386 3769 la
1411 3709 1478 3773 Im·

193 3836 300 3899 presa
325 3825 359 3876 et
384 3821 509 3874 contra
533 3810 664 3893 Napoli
695 3832 764 3873 non
799 3812 890 3873 vedo
923 3812 1007 3891 qual
1036 3811 1088 3873 sia
1111 3811 1137 3874 il
1161 3813 1327 3893 pensiero
1353 3814 1388 3876 di
1414 3815 1479 3880 Ce-

193 3943 291 4001 sare,
328 3941 365 3983 se
401 3919 497 3981 forse
532 3938 604 3980 non
636 3918 776 3979 vedano
812 3926 848 3979 et
880 3916 1074 3980 intendano
1110 3918 1135 3980 il
1159 3919 1218 3981 Re
1243 3939 1313 3987 nun
1349 3931 1480 4002 potere

193 4029 368 4093 sostenire
381 4036 480 4088 tanta
492 4026 647 4107 impresa
663 4034 698 4086 et
715 4044 830 4105 spesa.
877 4023 906 4085 Il
931 4024 997 4086 che
1021 4024 1068 4086 da
1084 4027 1119 4087 la
1135 4038 1238 4108 parte
1263 4047 1326 4089 soa
1340 4031 1482 4094 anchor

194 4158 263 4198 non
289 4135 306 4198 ὲ
331 4133 450 4213 facile,
475 4144 510 4194 et
533 4133 582 4194 tal
607 4152 690 4193 cosa
714 4132 891 4212 potrebbe
916 4130 971 4193 far
995 4131 1123 4193 cadere
1140 4131 1175 4193 in
1193 4152 1272 4195 man
1290 4133 1326 4194 di
1342 4133 1478 4200 Nostro

194 4241 349 4325 Signore
365 4241 447 4322 quel
471 4240 536 4302 che
560 4247 815 4301 summamente
840 4236 912 4318 egli
929 4237 1095 4322 desidera
1112 4238 1200 4316 ciod,
1226 4240 1291 4302 che
1308 4244 1477 4307 ascoltes·

193 4349 269 4411 sino
294 4369 358 4431 per
383 4346 557 4409 necessita
585 4345 608 4407 li
625 4344 702 4408 suoi
727 4344 818 4407 santi
843 4343 984 4424 ricordi‚
1008 4343 1032 4407 li
1058 4344 1151 4425 quali
1169 4345 1205 4406 di
1221 4347 1341 4409 buono
1358 4348 1479 4414 animo

194 4456 248 4517 sin
274 4454 332 4537 qui
357 4474 428 4517 non
453 4473 518 4534 par
543 4454 609 4514 che
634 4452 762 4529 odano,
787 4452 853 4514 che
878 4451 948 4514 Dio
972 4452 1007 4515 lo
1032 4451 1163 4533 voglia.

282 4558 408 4623 Scrissi
428 4559 508 4622 nell’
525 4559 646 4621 ultime
662 4557 731 4621 mie
749 4559 816 4620 doe
838 4560 963 4640 parole
985 4558 1029 4620 de
1053 4560 1088 4620 la
1107 4579 1191 4622 cosa
1215 4560 1479 4627 hildesemense

194 4679 229 4731 et
271 4666 411 4730 mandai
444 4687 514 4728 uno
548 4664 690 4727 ricordo
727 4663 822 4727 circa
853 4665 878 4728 il
908 4665 1014 4728 modo
1046 4665 1082 4726 di
1112 4685 1327 4748 componere
1359 4672 1479 4751 quella

194 4775 395 4841 differentia
418 4777 551 4836 havuto
577 4773 635 4834 dal
660 4770 843 4854 preposito
868 4771 1128 4834 hildesemense
1160 4775 1225 4835 che
1258 4773 1296 4836 fu
1330 4774 1390 4856 qui
1412 4797 1479 4858 per
