3330 5580
758 473 1004 532 esseae*

239 612 348 677 corde
371 627 573 680 manantem
597 619 791 683 clementer
814 621 1006 705 suscipere,
1030 645 1136 707 quam
1160 626 1197 690 in
1216 649 1282 692 suo
1296 627 1603 694 Pontificatuu
1612 640 1638 701 u,

240 732 275 785 et
314 743 360 785 ex
395 732 480 786 voto
520 724 741 807 incolumen,
783 728 961 811 piissimus
997 731 1095 795 Deus
1134 753 1349 800 conservare
1389 736 1641 820 pariteteer

238 831 415 912 dignetur.

326 956 421 1019 Date
446 956 649 1038 Bamberge
673 958 730 1021 die
756 959 1070 1044 Vigesimoquarto
1095 965 1263 1031 Octobris
1276 968 1496 1036 MDXXIV.
1582 1012 1620 1028 -

451 1081 490 1145 E·
514 1081 559 1144 V·
586 1079 643 1144 Stis

801 1252 804 1259 Ι
881 1195 1055 1245 Humillimus
1074 1203 1101 1246 et
1119 1198 1303 1249 devotissimus
1322 1200 1451 1251 Servulus

1032 1292 1305 1367 reuertuntur,

838 1381 865 1431 S.
892 1382 1045 1447 Gangolphi
1071 1385 1275 1448 Bambergeusis
1301 1388 1466 1452 Propositus.

773 1538 979 1553 *mmmmm-s

839 1717 878 1780 17
906 1772 912 1784 .

430 1828 617 1912 Sententia
643 1831 816 1933 Wigandi
844 1717 999 1937 episcopi
1026 1836 1313 1942 Bambergenais.

546 1978 644 2053 (apat.
661 1979 822 2053 Principum
841 1981 871 2039 et
888 1983 992 2041 vertor.
1010 1983 1046 2043 tt
1064 1983 1109 2042 tol.
1130 1984 1204 2056 ³08.)

727 2096 780 2166 (24.
803 2100 912 2150 Octobr.
936 2099 1024 2169 ¹524·)

323 2226 363 2288 In
389 2224 528 2288 nomine
546 2223 689 2286 Domini
710 2244 824 2288 amen.
871 2223 958 2288 Cum
983 2246 1097 2308 nuper
1114 2247 1180 2289 nos
1195 2227 1425 2312 Wygandus,
1449 2232 1518 2296 Dei

233 2342 269 2395 et
293 2330 504 2413 Apostolice
529 2328 633 2392 Sedis
658 2330 774 2410 gratia
797 2330 998 2413 Episcopus
1023 2333 1312 2416 Bambergensis,
1337 2339 1517 2420 acceperi-

231 2461 307 2503 mus
331 2439 521 2522 quosdam,
546 2437 742 2520 Georgium
766 2438 908 2517 Pesler,
933 2439 1046 2501 sancti
1071 2438 1236 2518 Sebaldi,
1261 2450 1297 2503 et
1321 2442 1517 2510 Hectorem

234 2547 399 2625 Poemer,
424 2544 536 2607 sancti
565 2544 763 2624 Laurentii,
787 2544 1062 2626 parrochialium
1087 2546 1419 2613 Ecclesiasticarum
1450 2552 1516 2616 Im·

229 2653 374 2735 perialis
403 2651 501 2734 opidi
525 2651 853 2733 Nurenbergensis,
882 2663 1003 2715 nostre
1034 2652 1313 2734 Bambergensis
1347 2656 1516 2741 diocesis,

230 2768 389 2822 rectores
413 2759 615 2841 prepositos
640 2771 879 2840 nuncupatos,
912 2778 954 2821 ac
989 2757 1124 2840 pariter
1148 2758 1396 2843 Volfgangum
1430 2763 1515 2828 Vol·

231 2870 367 2949 precht,
391 2865 598 2929 monasterii
623 2866 756 2929 ordinis
790 2865 1016 2929 eremitarum
1044 2866 1158 2929 sancti
1186 2868 1395 2950 Augustini,
1425 2871 1515 2935 eius·

230 2975 310 3038 dem
335 2973 432 3055 opidi
457 2973 630 3055 priorem,
659 2974 695 3035 in
721 2982 756 3036 et
780 2973 875 3036 circa
898 2993 1019 3035 sacros
1042 2973 1130 3037 ritus
1155 2985 1191 3036 et
1214 2974 1435 3039 ceremonias
1459 2999 1515 3042 ec·

229 3080 458 3160 clesiasticas,
485 3080 521 3142 in
547 3089 672 3142 sancta
695 3078 857 3142 Ecclesia
881 3078 1084 3160 Catholica,
1107 3080 1226 3143 multis
1250 3082 1438 3146 retroactis
1462 3104 1515 3148 se·

230 3187 327 3268 culis,
344 3198 467 3249 sancte
484 3185 543 3268 pie
556 3207 598 3249 ac
611 3185 865 3249 inviolabiliter
878 3185 1088 3266 observatis,
1102 3187 1290 3268 plurimum
1303 3188 1515 3272 delinquere

230 3303 265 3355 et
292 3292 406 3356 indies
431 3293 555 3374 peiora
571 3294 715 3373 addere,
741 3293 855 3357 dictos
880 3313 1000 3356 sacros
1025 3293 1112 3356 ritus
1136 3306 1172 3357 et
1188 3295 1409 3360 ceremonias
1432 3319 1515 3381 par·

229 3399 290 3462 tim
315 3400 488 3462 variando
513 3410 548 3461 et
573 3401 758 3480 novand0,
794 3401 915 3483 plures
938 3421 1025 3463 vero
1049 3401 1084 3462 in
1110 3410 1220 3464 toturn
1245 3403 1445 3485 abolendo,
1470 3427 1513 3470 ac

228 3517 352 3570 contra
377 3508 536 3586 easdem,
565 3517 599 3568 et
624 3506 712 3569 alias
735 3527 877 3588 quoque
901 3506 1008 3588 impie
1032 3507 1317 3588 dogmatizando
1341 3518 1377 3572 et
1400 3511 1515 3577 humi-

228 3616 296 3676 lem
324 3614 467 3695 plebem
501 3632 578 3675 cum
611 3613 806 3675 animarum
836 3613 942 3676 etiam
970 3613 1181 3695 gravissimo
1216 3614 1376 3695 periculo
1407 3620 1512 3683 sedu-

227 3722 355 3794 cendo;
391 3720 466 3782 Nos
500 3740 546 3782 ex
582 3719 704 3782 debito
733 3719 922 3801 pastoralis
954 3716 1064 3782 nostri
1100 3717 1221 3800 offitii,
1255 3721 1515 3805 omnipotentis

229 3828 297 3891 Dei
322 3829 489 3908 exemplo
514 3826 548 3888 in
574 3826 698 3907 genesi
723 3825 852 3906 edocti,
877 3844 946 3906 quo
971 3823 1021 3887 sic
1045 3827 1187 3889 allatam
1207 3825 1336 3891 famam
1361 3832 1514 3913 propius

227 3954 542 4017 cognosceremus,
579 3945 614 3995 et
638 3953 683 3995 ne
712 3932 912 4015 quempiam
943 3931 1139 3995 inauditum
1174 3932 1428 4017 indicaremus,
1464 3940 1513 4002 ad

226 4041 303 4104 fisci
348 4041 459 4104 nostri
501 4037 742 4121 procuratoris
780 4038 1004 4118 instantiam,
1048 4039 1273 4121 supradictos
1312 4040 1513 4126 Georgium

226 4149 366 4230 Pesler,
401 4157 436 4211 et
460 4147 652 4210 Hectorem
682 4145 853 4226 Poemer,
877 4155 1051 4224 rectores,
1088 4165 1129 4208 ac
1153 4146 1399 4230 Voligangum
1424 4150 1512 4215 Vol·

225 4257 352 4338 precht
389 4254 564 4337 priorem,
602 4262 640 4314 ut
682 4272 729 4315 ex
771 4253 924 4315 adverso
959 4251 1198 4334 principales,
1243 4255 1327 4316 dato
1367 4276 1511 4340 compe·

225 4363 314 4425 tenti
345 4361 495 4426 termino
532 4362 576 4423 ad
606 4358 843 4443 personaliter
872 4378 991 4420 coram
1023 4357 1127 4421 nobis
1159 4362 1439 4441 comparendum
1475 4374 1514 4429 et

225 4489 263 4532 se
295 4470 340 4531 de
370 4466 553 4551 premissis
584 4467 826 4530 excusandum
850 4464 952 4528 citari
980 4464 1143 4529 iussimus
1175 4475 1210 4529 et
1237 4466 1405 4549 fecimus,
1434 4472 1510 4553 qui·

224 4579 291 4638 bus
316 4575 422 4638 etiam
447 4574 564 4638 citatis
588 4584 623 4636 et
647 4593 767 4636 coram
802 4571 906 4635 nobis
937 4572 1175 4654 personaliter
1206 4576 1511 4662 comparentibus,

226 4681 319 4744 datis
342 4702 408 4764 per
432 4681 517 4744 dicti
541 4679 653 4743 nostri
683 4678 759 4743 fisci
787 4688 1055 4761 procuratorem
1086 4677 1122 4741 in
1156 4680 1298 4762 scriptis
1327 4684 1511 4750 nonnullis

224 4789 400 4870 materiis,
434 4808 542 4871 super
565 4786 693 4870 quibus
716 4807 783 4871 pro
815 4784 974 4849 ulteriori
1002 4785 1090 4849 facti
1120 4785 1389 4872 informatione,
1421 4790 1510 4856 dicti
