3330 5580
793 471 851 530 Η]
890 469 1040 529 billi-⁰

275 621 451 705 Consilio,
488 631 524 686 et
564 621 719 685 unanimi
752 642 926 686 consensu
957 622 1108 703 illorum,
1143 618 1284 685 nemine
1318 620 1569 706 discrepante,

276 751 483 813 processum
506 730 543 792 in
567 730 750 813 premissis
773 729 931 793 habitum
956 729 1118 811 primitus
1142 739 1179 793 et
1195 742 1277 793 ante
1295 730 1416 793 omnia
1432 750 1567 813 appro-

275 842 404 902 bantes
427 847 464 901 et
487 837 737 900 confirmantes
771 857 812 899 ac
842 857 965 899 omnes
997 848 1032 899 et
1062 836 1223 918 singulos
1246 847 1319 899 tam
1342 837 1430 900 iuris
1456 858 1567 920 quam

276 947 360 1009 facti
386 946 547 1008 defectus
571 944 660 1026 siqui
694 943 827 1006 lorsam
850 943 1108 1007 intervenerint
1131 943 1166 1005 in
1191 942 1375 1026 premissis
1403 944 1567 1026 dictique

275 1074 465 1136 processus
493 1051 735 1115 solemnitates
759 1051 907 1114 forsitan
932 1052 1046 1113 minus
1080 1051 1147 1113 rite
1171 1062 1343 1130 servatas,
1367 1062 1429 1114 aut
1455 1050 1566 1115 etiam

276 1162 310 1223 in
336 1170 448 1222 totum
473 1158 621 1223 omissas
645 1157 842 1239 apostolica
866 1157 1077 1220 auctoritate
1101 1177 1143 1220 ac
1168 1158 1214 1220 de
1238 1158 1437 1239 apostolice
1464 1170 1565 1243 pote·

279 1267 380 1330 statis
404 1266 624 1349 plenitudine
648 1266 873 1347 supplentes,
904 1264 939 1327 in
969 1263 1064 1326 dicto
1093 1263 1310 1327 consistorio
1342 1285 1410 1346 pro
1435 1265 1564 1328 Tribu-

275 1374 347 1437 nali
370 1376 537 1437 sedentes
561 1374 667 1435 talem
692 1371 727 1433 in
752 1371 903 1454 negocio
929 1381 965 1433 et
988 1391 1095 1433 causa
1118 1371 1319 1434 huiusmodi
1343 1373 1566 1436 sententiam

276 1483 400 1543 damus
424 1480 459 1543 in
483 1480 550 1542 hiis
576 1477 718 1559 scriptis
743 1489 777 1539 et
801 1477 1015 1558 proferimus
1038 1478 1074 1540 in
1099 1479 1276 1560 huncqui
1301 1478 1465 1560 sequitur
1491 1501 1565 1543 rno-

275 1590 374 1652 dum:
415 1585 580 1669 Supremi
614 1584 797 1665 eternique
832 1585 1035 1647 Tribunalis
1059 1585 1195 1665 Judex,
1220 1585 1320 1648 cuius
1343 1585 1468 1648 divina
1494 1586 1566 1649 dis·

275 1705 432 1779 ponente
449 1694 636 1757 clementia
653 1693 749 1755 vices
768 1691 802 1753 in
819 1692 924 1754 terris
940 1693 1096 1773 gerimus
1112 1713 1178 1754 nos
1192 1696 1304 1755 verbo
1330 1703 1365 1755 et
1389 1695 1566 1777 exemplo

276 1803 397 1866 docuit
413 1802 448 1864 in
465 1803 573 1865 rebus
588 1800 750 1863 omnibus
774 1798 960 1878 presertim
985 1799 1156 1880 gravibus
1180 1820 1296 1881 neque
1320 1798 1417 1863 fama
1441 1801 1567 1883 decipi

274 1930 391 1992 neque
407 1909 495 1971 alias
508 1919 690 1989 gestorum
700 1914 898 1968 vestrorum
913 1906 1112 1969 defensioni
1128 1906 1271 1969 nimium
1288 1906 1400 1988 inviti,
1416 1907 1567 1971 dicente

275 2017 436 2097 dominc,
474 2014 687 2076 descendam
718 2022 753 2075 et
777 2012 908 2075 videbo
939 2026 1054 2076 utrum
1088 2015 1221 2075 clamor
1245 2013 1304 2095 qui
1329 2014 1374 2076 ad
1398 2035 1457 2077 me
1482 2035 1566 2096 per-

276 2124 393 2203 venit,
431 2142 540 2203 opere
573 2119 848 2201 compleverint,
883 2129 918 2182 et
943 2120 1067 2182 eodem
1091 2120 1247 2198 iubente,
1272 2141 1412 2183 servum
1438 2142 1566 2185 coram

274 2238 312 2293 se
337 2230 508 2292 rationem
525 2229 678 2291 reddere
695 2227 936 2297 villicationis:
976 2227 1049 2289 Nos
1080 2227 1188 2307 igitur
1211 2241 1314 2308 gesta
1338 2239 1565 2291 vestrafcor·

273 2338 392 2418 rigere
427 2347 462 2398 et
493 2338 537 2397 ad
562 2334 723 2397 veritatis
748 2335 907 2396 semitam
932 2336 1102 2397 reducere
1128 2334 1228 2396 iuxta
1255 2335 1420 2416 Apostoli
1455 2336 1564 2399 Nico-

275 2445 394 2525 laique
419 2441 684 2525 predecessoris
714 2441 826 2504 nostri
859 2442 1088 2521 sententiam,
1120 2452 1157 2503 ut
1191 2461 1256 2522 par
1288 2452 1352 2522 est,
1382 2444 1566 2522 volenteS,

275 2572 487 2634 quamquam
511 2570 622 2630 usque
646 2549 680 2611 in
706 2551 772 2611 hec
797 2562 959 2630 tempora
982 2548 1077 2611 fama
1101 2551 1273 2611 suadente
1290 2568 1355 2629 pro
1372 2564 1565 2630 comperto

274 2662 497 2735 haberemus,
509 2656 674 2718 dilectum
688 2655 796 2718 filium
811 2655 940 2734 Julium
954 2655 1115 2718 Electum
1128 2656 1373 2718 Florentinum
1385 2658 1565 2720 natalium

274 2765 348 2847 pati
374 2764 552 2827 defectum
584 2762 736 2843 ideoque
774 2782 853 2824 cum
888 2781 932 2824 eo
971 2761 1004 2822 in
1047 2763 1268 2842 promotione
1296 2764 1342 2824 ad
1369 2764 1565 2827 ecclesiam

273 2872 496 2934 florentinam
536 2870 733 2950 predictam
772 2870 817 2930 de
853 2868 1130 2931 Venerabilibus
1165 2869 1313 2931 fratrum
1357 2880 1564 2934 nostrorum

275 2990 397 3041 sancte
413 2979 579 3040 Romane
597 2976 779 3039 Ecclesiae
804 2975 1043 3038 Cardinalium
1070 2975 1217 3038 consilio
1233 2977 1566 3058 dispensaverimus

275 3097 380 3169 prout
390 3085 477 3147 alias
489 3105 596 3166 super
607 3085 731 3147 eodem
744 3083 885 3145 defectu
898 3103 919 3144 a
928 3082 1089 3163 pluribus
1103 3083 1416 3163 predecessoribus
1425 3086 1564 3149 nostris

275 3193 517 3274 dispensatum
542 3191 650 3254 fuisse
676 3190 926 3271 comperimus;
952 3189 1117 3270 quoniam
1143 3199 1260 3252 tamen
1285 3190 1445 3253 nonnulli
1470 3193 1562 3253 anti-

276 3299 416 3382 quiores
440 3299 546 3361 etiam
578 3296 749 3378 sanguine
782 3296 979 3375 coniuncti,
1010 3305 1048 3358 ut
1076 3299 1111 3357 in
1140 3299 1247 3359 rebus
1280 3297 1451 3379 gravibus
1480 3296 1562 3360 fieri

274 3409 379 3484 solet,
405 3426 478 3468 rem
503 3404 607 3475 aliter
631 3425 669 3466 se
693 3406 826 3466 habere
851 3403 1130 3484 arbitrabantur,
1155 3414 1191 3466 et
1215 3405 1318 3467 nobis
1341 3407 1562 3478 retulerunt;

274 3534 339 3576 nos
364 3515 408 3576 de
432 3511 614 3594 premissis
638 3520 770 3573 certam
796 3510 955 3574 notitiam
980 3530 1050 3573 non
1076 3513 1267 3588 habentes,
1303 3511 1451 3574 stimulis
1476 3532 1562 3575 con·

274 3620 421 3683 scientie
455 3618 595 3701 agitati,
631 3618 816 3680 veritatem
848 3618 901 3680 rei
929 3616 1095 3680 seriosius
1130 3618 1259 3699 inquiri
1293 3617 1478 3700 cupientes
1511 3641 1562 3683 ne

274 3726 494 3807 illegitimum
529 3745 594 3806 pro
625 3723 785 3806 legitimo
819 3735 860 3787 et
888 3725 1081 3806 legitimum
1121 3745 1186 3806 pro
1224 3725 1410 3807 illegitimo
1448 3728 1559 3788 habe-

274 3853 402 3912 remus,
427 3832 566 3895 dilectis
591 3830 671 3894 filiis
695 3830 886 3894 Francisco
912 3844 1113 3894 sanctorum
1138 3831 1310 3911 Johannis
1334 3842 1370 3895 et
1393 3832 1497 3895 Pauli
1522 3846 1562 3896 et

278 3940 465 4002 leonardo
490 3952 611 4001 sancte
637 3938 799 4001 Susanne
825 3948 862 4001 tt.
888 3937 1095 4019 presbiteris
1120 3938 1368 4002 Cardinalibus
1394 3940 1562 4003 dedimus

274 4047 309 4108 in
338 4046 514 4109 mandatis
549 4056 586 4107 ut
622 4066 730 4128 super
766 4045 951 4127 premissis
996 4066 1033 4109 se
1073 4045 1279 4127 diligentius
1312 4046 1561 4126 informarent,

277 4153 381 4215 etiam
402 4174 550 4234 quorum
568 4153 755 4215 interesset
771 4152 905 4223 citatis;
932 4174 976 4214 ex
1002 4173 1149 4234 quorum
1174 4163 1256 4235 post
1279 4154 1467 4235 plurimum
1492 4156 1560 4217 Te-

275 4259 378 4321 stium
403 4280 552 4322 examen
577 4279 642 4340 per
666 4279 727 4322 eos
750 4259 940 4340 diligenter
965 4254 1097 4323 factum
1130 4260 1165 4323 in
1190 4259 1408 4323 Consistorio
1433 4271 1559 4325 nostro

275 4376 412 4429 secreto
437 4367 668 4430 relationibus
693 4367 859 4429 dilectum
893 4366 1001 4429 filium
1033 4367 1163 4447 Julium
1187 4368 1347 4430 Electum
1378 4367 1559 4448 prefatum

275 4474 469 4557 legitimum
500 4494 579 4537 esse
617 4483 721 4555 atque
761 4457 805 4535 eir
843 4474 1003 4555 legitimo
1039 4474 1263 4536 matrimonio
1289 4485 1407 4536 natum
1444 4473 1560 4539 fuisse

274 4581 481 4662 reperimus.
528 4580 690 4643 Veritate
715 4580 835 4661 itaque
866 4581 1090 4644 manifestata
1120 4601 1197 4644 curn
1226 4581 1324 4643 iuxta
1356 4580 1561 4645 Canonicas

276 4687 503 4766 Sanctiones,
540 4688 644 4750 cedat
676 4687 795 4768 opinio
828 4687 987 4767 veritati,
1019 4686 1281 4770 Omnipotentis
1310 4687 1378 4748 Dei
1410 4686 1562 4769 eiusque

275 4795 462 4861 Individue
491 4795 672 4857 Trinitatis
697 4794 814 4857 Patris
846 4805 882 4857 et
906 4795 984 4857 Filii
1010 4806 1045 4858 et
1077 4792 1230 4883 Spiritus
1263 4790 1386 4857 Sancti
1414 4795 1562 4863 nomine
