3330 5580
651 464 899 521 &idib-⁴

130 615 253 678 collati
277 621 378 676 sunt:
404 612 511 674 occisi
537 621 617 672 sunt
641 629 794 692 vespere
820 619 855 671 et
880 629 982 671 mane
1006 620 1089 672 ante
1114 609 1295 691 oppidum,
1321 622 1356 674 et
1380 611 1415 674 in

131 730 253 784 monte
280 718 328 783 S²¹
357 717 506 799 Georgii
530 737 628 795 3900.

223 825 503 910 Vigesimanona
526 823 621 903 Junii
644 822 752 885 vertit
777 821 972 884 exercitum
1004 842 1129 885 versus
1160 822 1311 885 Neustat
1335 824 1417 886 Am·

132 938 229 1015 hart,
254 933 317 996 ubi
346 934 471 995 decem
503 930 711 1001 decollavit;
748 928 908 1012 perrexit
939 929 1069 992 deinde
1101 950 1225 993 versus
1249 930 1416 993 Wissem·

133 1045 299 1123 burgum.

224 1146 423 1210 Frobenius
447 1152 565 1206 autem
591 1143 634 1203 de
660 1142 796 1205 Hutten
820 1142 866 1203 ad
890 1141 1113 1223 Mogontiam
1137 1164 1215 1207 cum
1249 1144 1418 1226 equitatu,

134 1265 171 1317 et
187 1254 367 1337 Episcopo
384 1250 639 1333 Argentinensi
653 1252 915 1312 locumtenente
940 1270 978 1311 se
1003 1251 1166 1330 contulit,
1197 1271 1277 1314 nam
1310 1262 1345 1314 et
1368 1251 1418 1314 illi

136 1365 177 1423 20
203 1359 340 1443 Aprilis
364 1360 629 1422 rebellaverant
654 1365 689 1419 et
713 1355 881 1418 articulos
906 1357 1078 1437 quosdam
1103 1367 1344 1438 extorserant,
1376 1379 1418 1421 ac

135 1467 375 1531 Rinckaviam
400 1466 446 1528 ad
470 1463 681 1527 seditionem
705 1462 928 1542 impulerant.
975 1464 1020 1525 P·
1043 1463 1137 1543 Junii
1162 1464 1314 1547 ingressi
1339 1477 1419 1527 sunt

135 1573 368 1655 Moguntiam,
392 1571 488 1654 capti
513 1580 595 1632 sunt
619 1570 900 1650 sexagintaduo;
926 1579 1053 1651 postea
1086 1570 1274 1634 exiverunt
1308 1573 1417 1634 unde-

134 1681 226 1744 cima
249 1679 333 1761 Juhi
356 1681 402 1742 ad
427 1677 667 1741 Rinckaviam
692 1687 728 1738 et
752 1675 919 1739 decollati
943 1676 1087 1740 fuerunt
1112 1699 1153 1757 54
1170 1689 1205 1741 et
1220 1680 1419 1762 privilegiis

134 1799 171 1850 et
202 1787 309 1850 armis
339 1786 447 1863 exuti,
482 1806 523 1847 ac
560 1803 689 1865 magna
724 1783 876 1865 pecunia
912 1785 1070 1847 mulctati
1111 1796 1145 1847 et
1181 1806 1299 1849 arcem
1335 1786 1420 1849 iussi

135 1894 314 1957 edificare.

227 2000 352 2082 Algoii
378 2001 595 2062 rebellantes
619 1998 797 2078 Episcopo
824 1997 1057 2078 Augustensi,
1086 1999 1239 2062 Prelatis
1264 2009 1299 2063 et
1324 2000 1417 2063 nobi-

137 2109 242 2188 libus,
268 2127 376 2189 saepe
403 2105 523 2167 minati
548 2116 629 2166 sunt
652 2103 883 2185 irruptionem
915 2103 949 2164 in
975 2103 1165 2167 Bavariam
1197 2127 1262 2188 per
1286 2109 1419 2171 lacum:

136 2218 239 2298 plura
264 2215 371 2276 etiam
392 2211 607 2274 monasteria
634 2209 856 2293 diripuerunt
881 2220 917 2272 et
940 2209 1185 2292 incenderunt,
1202 2212 1361 2276 similiter
1385 2227 1421 2278 et

136 2341 239 2384 arces
263 2320 433 2383 nobilium
459 2329 493 2381 et
518 2322 768 2401 praelatorum,
793 2318 887 2378 unde
915 2317 1032 2381 Duces
1057 2319 1233 2382 Bavariae
1249 2322 1420 2403 compulsi

136 2440 222 2492 sunt
267 2430 402 2490 habere
438 2424 631 2488 exercitum
668 2422 882 2485 collimitium
920 2423 979 2505 qui
1015 2425 1166 2488 rusticos
1201 2427 1421 2511 reprimeret,

137 2535 303 2616 abigeret
327 2553 471 2614 pecora,
495 2551 610 2614 pagos
634 2529 856 2592 incenderet:
882 2531 1033 2612 sparsim
1057 2532 1165 2595 occisi
1189 2545 1270 2596 sunt
1295 2539 1369 2597 600.

230 2641 369 2703 Positus
394 2649 448 2701 est
472 2649 507 2700 et
531 2636 729 2720 Diepoldus
754 2637 797 2698 de
823 2635 923 2700 Stein
949 2659 1027 2700 cum
1052 2638 1220 2702 trecentis
1244 2641 1422 2722 equitibus

138 2761 174 2811 et
200 2747 295 2810 mille
319 2745 500 2828 peditibus
531 2745 564 2807 in
590 2744 846 2822 Wissenhorn,
883 2756 920 2806 ut
951 2745 1176 2808 insolentiam
1211 2748 1421 2811 rusticorum

137 2853 343 2935 impediret,
378 2852 437 2934 qui
471 2852 671 2914 successive
701 2853 822 2932 plures
855 2851 1005 2914 rusticos
1041 2851 1181 2914 occidit.
1242 2853 1352 2918 Villas
1387 2855 1421 2917 in

142 2963 235 3023 valle
262 2960 337 3022 Rot
362 2971 396 3021 et
421 2960 534 3021 llerae
558 2957 716 3020 incendit
745 2978 785 3020 ac
812 2958 1047 3021 Baltzhausen
1078 2970 1113 3021 et
1144 2959 1421 3023 Seinetzbausen

139 3090 218 3131 cum
244 3044 405 3149 pluribus
421 3066 498 3128 aliis
522 3066 554 3127 in
573 3065 778 3137 Mindeltal;
804 3067 996 3127 creduntur
1020 3066 1169 3149 sparsim
1194 3067 1301 3129 occisi
1332 3088 1423 3146 ¹500·

230 3175 360 3236 Missus
385 3174 449 3235 fuit
480 3194 516 3249 ¹4
542 3172 635 3252 Junii
672 3175 716 3234 ad
746 3172 926 3254 Meminge
963 3174 1009 3235 ad
1041 3176 1337 3256 compescendam
1372 3196 1422 3237 re·

141 3281 330 3344 bellionem
356 3280 472 3362 plebis
495 3290 619 3341 contra
643 3291 820 3355 senatum,
857 3280 914 3341 ubi
949 3280 1094 3361 antiqua
1127 3300 1228 3343 sacra
1259 3283 1423 3362 restituit,

141 3401 214 3450 tres
238 3387 439 3464 decollavit,
465 3385 542 3448 aliis
559 3386 772 3467 primoribus
795 3387 1000 3449 rebellionis·
1026 3398 1060 3449 et
1085 3388 1311 3470 predicatore
1335 3389 1422 3469 fuga

141 3495 289 3577 elapsiS,
320 3494 378 3576 qui
410 3492 561 3555 rusticos
593 3504 628 3555 et
671 3493 822 3574 Algoios
860 3494 1071 3557 comitarunt
1108 3497 1150 3556 ad
1187 3495 1420 3558 obsidendum

142 3602 311 3683 oppidum
337 3616 371 3664 et
397 3610 571 3663 venerunt
604 3621 691 3678 pooo
724 3606 950 3668 rusticorum:
976 3604 1037 3663 sed
1064 3603 1211 3683 egregie
1237 3603 1422 3665 defensum

142 3719 196 3772 est
220 3729 285 3790 per
310 3709 522 3791 Diepoldum
549 3719 673 3770 contra
697 3711 840 3789 plebem
865 3721 900 3770 et
917 3709 1076 3772 rusticos.
1106 3710 1289 3772 intellecto
1306 3722 1421 3772 autem

144 3817 302 3878 adventu
327 3815 423 3896 ligae
447 3817 630 3877 solverunt
654 3815 876 3878 obsidionem
902 3816 1016 3878 XXV
1040 3817 1119 3896 Jun.

233 3923 429 3986 Rebellant
451 3922 571 3985 rustici
600 3942 638 3983 22
665 3921 801 4003 Aprilis
825 3923 1005 4004 Episcopo
1035 3923 1240 3985 Eistettensi
1275 3935 1310 3986 et
1345 3925 1423 3987 aliis

143 4029 349 4105 collimitiis,
384 4040 560 4110 occupant
599 4039 753 4090 castrum
784 4029 945 4109 Messing
977 4043 1012 4091 et
1045 4030 1214 4111 oppidum
1249 4030 1422 4107 Greding.

144 4148 183 4219 p·
207 4136 292 4198 Maii
316 4136 521 4218 supervenit
545 4135 747 4198 Fridericus
773 4135 829 4197 Fr.
855 4135 1007 4197 Palatini
1040 4146 1075 4197 et
1109 4136 1286 4216 equitatus
1311 4139 1423 4200 Bava-

144 4245 247 4306 ricus.
284 4242 390 4305 Unde
414 4242 533 4304 rustici
560 4241 685 4304 timore
711 4243 837 4323 dilapsi
864 4253 944 4305 sunt
969 4253 1004 4304 et
1027 4245 1071 4304 ad
1097 4242 1247 4324 gratiam
1273 4257 1307 4306 et
1332 4244 1424 4307 iusti·

145 4350 228 4412 tiam
254 4349 400 4430 recepti,
425 4347 592 4411 decollati
627 4362 707 4409 sunt
736 4349 926 4412 tresdecim
960 4351 1117 4412 secunda
1151 4349 1244 4415 Maii.
1304 4351 1424 4413 Tertia

144 4466 272 4538 postea
296 4455 505 4537 ingolstadii
531 4457 652 4537 plures
676 4457 782 4539 capti.
831 4456 979 4519 Bohemi
1004 4456 1143 4538 pedites
1176 4460 1296 4537 plures
1325 4458 1424 4519 rusti-

145 4584 206 4625 cos
230 4574 312 4626 ante
337 4563 516 4644 cognitam
541 4584 666 4645 pacem
692 4565 897 4626 occiderunt
928 4586 997 4641 150.

235 4669 375 4732 Subditi
388 4670 607 4733 Marchionis
619 4671 955 4752 Brandeburgensis
969 4682 1003 4733 et
1017 4671 1180 4733 romitum
1194 4672 1238 4732 de
1253 4670 1423 4751 Ottingen

147 4780 320 4841 rebellant
345 4777 379 4839 in
399 4776 543 4855 Rhetia,
569 4779 630 4840 sed
656 4780 800 4840 sedatur
825 4790 859 4838 et
885 4778 1123 4840 dissimulatur
1147 4777 1307 4839 rebellio.
1355 4778 1422 4840 De·

1214 4899 1265 4955 36·
