3330 5580
701 345 947 406 ΗΒΜΒΕᾺ

186 496 317 559 nullum
344 495 484 577 quidem
510 495 558 559 illi
585 508 638 559 est
663 518 753 578 pace
777 497 912 578 gratius
937 506 972 558 et
996 494 1207 577 placabilius
1244 494 1466 560 sacrificium.

188 606 264 666 'sua
288 626 387 666 mens
412 605 479 665 iam
512 606 662 686 plurima
696 616 731 666 et
764 604 957 666 clarissima
989 603 1091 685 signa
1123 605 1222 666 dedit
1253 605 1396 667 virtutis
1432 615 1468 666 et

186 711 370 793 religionis
393 710 427 772 in
455 733 622 773 summurn
654 710 768 773 Deum
793 710 979 789 maximae,
1004 731 1108 772 nemo
1134 723 1187 773 est
1211 710 1273 792 qui
1311 732 1384 774 non
1419 710 1475 773 ita

187 818 365 879 existimet
390 828 424 878 et
449 839 623 899 personae
649 830 683 879 et
708 817 892 897 dignitatis
916 828 998 880 tuae
1022 817 1136 899 ipsum
1168 838 1248 881 esse
1276 829 1470 900 patronum

190 937 225 986 et
250 934 486 1005 protectorem
513 926 646 998 Deum;
673 937 841 1006 quantum
866 925 915 987 illi
941 927 1085 1005 debeas
1100 925 1262 1007 cogitare
1278 934 1380 1000 tuum
1405 934 1468 1005 est,

188 1044 345 1093 nostrum
382 1033 574 1094 admonere
605 1032 816 1113 quidnobis
851 1032 1017 1094 videatur
1046 1041 1167 1094 tantae
1196 1033 1468 1094 conservandae

188 1138 256 1199 Dei
281 1138 421 1219 gratiae
447 1160 524 1201 esse
550 1139 757 1220 expediens.
813 1139 904 1201 Illud
941 1138 1083 1220 quidem
1120 1147 1337 1219 extremum,
1372 1139 1468 1220 quod

188 1246 299 1308 nostri
324 1265 410 1326 erga
435 1256 470 1307 te
495 1246 624 1308 amoris
656 1256 731 1327 est,
767 1245 1005 1328 adiungimus,
1041 1265 1172 1327 cupere
1202 1266 1267 1308 nos
1299 1244 1469 1326 quicquid

188 1352 305 1433 egeris
331 1361 365 1415 et
390 1353 625 1430 consulueris,
651 1353 686 1414 id
711 1354 825 1416 Deum
850 1353 965 1434 ipsum
991 1352 1224 1415 immortalem
1248 1360 1285 1414 et
1310 1352 1468 1434 omnipo·

191 1470 322 1521 tentem
341 1461 432 1520 bene
451 1470 486 1520 et
510 1458 661 1521 feliciter
685 1471 766 1523 tuae
791 1458 983 1522 Serenitati
1008 1458 1152 1522 evenire
1177 1459 1316 1538 iubere,
1350 1479 1469 1539 quem·

189 1566 379 1627 admodum
404 1566 545 1644 dehis,
578 1578 612 1628 et
645 1566 674 1628 si
699 1587 768 1647 qua
792 1566 928 1646 reliqua
953 1577 1043 1646 sunt,
1066 1564 1312 1628 mandavimus
1338 1565 1469 1627 dilecto

188 1671 261 1732 filio
287 1670 491 1733 Baldassari
517 1671 732 1734 Castilioneo
758 1671 905 1734 Notario
931 1684 967 1734 et
990 1672 1128 1734 Nuncio
1162 1681 1283 1734 nostro
1318 1680 1357 1733 ut
1393 1692 1470 1733 cum

189 1775 390 1839 Serenitate
415 1793 474 1839 tua
499 1789 633 1857 ageret,
660 1778 713 1839 cui
739 1777 799 1841 illa
823 1778 929 1840 fidem
954 1799 1123 1841 summam
1147 1778 1349 1860 praebebit.

278 1903 407 1963 Datum
434 1902 573 1964 Romae
599 1912 663 1967 etc.
711 1903 778 1965 Die
803 1903 872 1966 VII
910 1904 995 1966 Maii
1026 1903 1227 1966 MDXXV.
1276 1904 1384 1965 Anno
1411 1903 1470 1966 Se·

189 2010 315 2069 cundo.

792 2439 867 2503 206.

623 2553 834 2656 Campegius
863 2554 1034 2637 Sadalam.

575 2701 746 2766 (Nuntiat.
766 2702 917 2760 German.
940 2702 1014 2760 IIII.
1033 2703 1085 2771 II)

718 2822 751 2875 18.
773 2823 837 2871 Maii
862 2821 947 2889 1525.)

283 3012 289 3024 .
310 3012 315 3022 .
336 3012 342 3024 .
361 2962 434 3023 Con
454 2963 569 3043 quelle
587 2963 644 3024 del
657 2963 776 3024 XXX
794 2975 833 3027 et
843 2985 908 3026 con
927 2966 959 3027 le
972 2965 1092 3026 ultime
1103 2964 1147 3027 V.
1159 2961 1196 3026 S.
1211 2964 1346 3026 havera
1360 2966 1474 3029 inteso

193 3079 325 3149 quanto
350 3089 414 3150 per
438 3069 561 3130 alhora
587 3069 614 3130 si
640 3070 755 3131 havea
780 3071 824 3132 de
848 3071 883 3132 la
907 3091 996 3152 pace
1020 3080 1075 3132 tra
1097 3070 1118 3132 'l
1142 3091 1254 3151 regno
1273 3070 1308 3132 di
1325 3072 1476 3135 Polonia

195 3187 229 3237 et
255 3177 276 3236 il
303 3175 480 3254 quondam
498 3176 654 3237 Maestro
677 3177 711 3238 di
730 3178 883 3256 prussia,
909 3198 1015 3258 sopra
1032 3179 1066 3239 la
1083 3179 1164 3258 qual
1180 3177 1330 3240 materia
1346 3181 1476 3242 manda

193 3285 280 3344 hora
304 3281 328 3342 il
354 3282 495 3344 Rarone
520 3282 623 3365 copia
648 3286 692 3346 de
716 3303 785 3345 una
809 3286 935 3345 lettera
960 3286 1025 3346 che
1049 3285 1099 3366 gli
1122 3285 1168 3346 ha
1191 3284 1315 3347 scritto
1340 3287 1376 3348 lo
1402 3286 1459 3368 epi

194 3408 304 3469 scopo
320 3388 569 3468 Primisliense,
594 3411 638 3452 ne
663 3393 697 3452 la
721 3392 824 3471 quale
840 3392 886 3453 ad
903 3393 1046 3472 longum
1064 3391 1220 3452 discorre
1237 3390 1260 3452 il
1278 3411 1472 3473 progresso

195 3495 229 3556 di
260 3505 386 3576 questo
411 3504 638 3558 trattamento
673 3505 708 3560 et
732 3517 864 3560 excusa
898 3499 931 3559 la
956 3497 1181 3560 conclusione
1213 3497 1305 3560 fatta
1338 3510 1374 3561 et
1405 3520 1471 3562 con

195 3613 320 3683 questa
350 3602 419 3663 mia
444 3602 465 3664 l'
482 3602 614 3666 havera
647 3605 802 3666 anchora
827 3605 931 3685 copia
961 3605 996 3666 di
1021 3613 1153 3685 quanto
1185 3603 1429 3669 ultimamente
1454 3627 1474 3668 a

195 3709 439 3789 Strigoniense
464 3710 591 3772 scrisse
606 3709 749 3773 Statilio
773 3731 839 3792 per
863 3712 895 3773 le
919 3731 981 3773 soe
1006 3711 1089 3773 date
1114 3712 1145 3773 el
1167 3708 1303 3773 Sabato
1329 3708 1473 3792 Sanct0,

194 3816 331 3878 bench&
356 3836 400 3877 ne
425 3798 459 3877 la
483 3817 587 3897 copia
607 3838 676 3879 non
702 3818 753 3879 sia
769 3818 1044 3880 sottoscrittione
1065 3817 1110 3880 ne
1125 3819 1222 3889 data;
1250 3838 1305 3879 ma
1322 3820 1473 3882 essendo

195 3943 216 3984 a
239 3924 349 4002 lungo
367 3921 402 3982 di
419 3922 479 4003 poi
496 3933 587 3985 stato
612 3944 678 3985 con
697 3945 776 3986 esso
793 3921 1051 4006 Strigoniense,
1075 3924 1297 4005 ragionando
1315 3924 1351 3985 di
1367 3927 1474 3989 molte

195 4049 278 4091 cose
303 4029 351 4109 gli
377 4028 461 4091 dissi
486 4033 599 4092 anche
624 4031 716 4093 assai
742 4031 777 4092 di
801 4043 926 4112 questa
950 4053 1039 4113 pace
1064 4042 1100 4095 et
1123 4031 1350 4094 conclusione
1376 4033 1474 4112 faita,

196 4139 229 4197 la
263 4137 367 4216 quale
391 4138 505 4198 ancho
539 4159 560 4198 a
583 4136 631 4198 lui
655 4158 726 4200 non
759 4139 863 4220 piace
896 4159 961 4220 per
984 4141 1102 4220 quello
1136 4141 1202 4201 che
1236 4138 1407 4202 dimostra
1440 4150 1475 4202 et

196 4243 344 4324 perche,
371 4245 512 4322 quando
537 4264 574 4305 se
599 4243 712 4306 intese
737 4265 802 4326 per
825 4246 950 4308 lettere
982 4246 1017 4307 di
1035 4246 1176 4308 statilio
1200 4245 1225 4307 il
1248 4246 1416 4327 manegio
1440 4245 1475 4308 di

196 4351 245 4411 tal
270 4369 363 4427 cosa,
389 4349 416 4410 si
442 4352 551 4430 opero
586 4352 651 4420 che
677 4351 749 4432 egli
773 4352 822 4433 gli
847 4352 1021 4415 scrivesse
1045 4354 1079 4415 in
1104 4356 1224 4415 buona
1247 4353 1380 4424 forma;
1405 4375 1474 4417 mo·

196 4456 352 4518 strommi
384 4456 417 4517 in
450 4465 575 4536 questo
600 4457 869 4538 ragionamento
895 4461 928 4521 la
952 4459 1107 4542 risposta
1140 4461 1174 4522 di
1201 4459 1341 4522 Statilio
1373 4462 1418 4522 de
1441 4462 1476 4523 la

197 4565 301 4642 quale
327 4565 372 4624 ho
396 4562 486 4624 fatto
511 4563 690 4626 mentione
715 4565 750 4626 di
775 4586 882 4648 sopra
907 4577 943 4628 et
966 4587 1010 4629 ne
1026 4568 1153 4629 mando
1179 4567 1292 4647 copia,
1319 4578 1354 4630 et
1372 4588 1474 4631 exeu-

198 4670 287 4732 sossi
311 4670 378 4732 che
402 4690 472 4731 non
498 4670 543 4731 mi
567 4671 682 4733 havea
706 4674 871 4735 mandate
896 4675 993 4736 dette
1017 4675 1144 4737 lettere
1164 4674 1296 4757 perche
1312 4676 1475 4738 haveano
