3330 5580
705 492 951 551 0-<13302fi-o

189 644 272 697 ante
296 645 435 698 centum
460 656 501 698 ac
527 637 741 720 quindecim,
774 640 809 702 ni
840 640 960 722 fallor,
996 661 1107 705 annos
1138 643 1354 723 donaverat,
1386 661 1472 724 quas

188 751 377 824 praeterea
400 743 436 806 in
461 743 594 807 effluxo
619 745 679 808 illo
705 755 865 828 tempore
889 749 934 811 ad
952 768 1068 812 mores
1092 758 1128 812 et
1143 748 1302 830 linguam
1318 748 1473 813 Misnen-

189 849 289 929 sium,
314 871 395 913 nam
419 851 577 915 moribus
602 865 637 915 et
661 853 784 935 lingua
797 853 958 918 Saxonia
973 865 1008 918 et
1023 855 1141 919 Misna
1154 856 1246 919 inter
1270 876 1310 919 se
1325 857 1473 919 multum

193 956 344 1038 variant,
360 957 563 1022 illexerunt.
610 960 707 1024 Vera
724 970 841 1025 autem
857 959 1016 1024 Saxonia
1040 972 1077 1026 et
1099 962 1159 1045 qui
1182 963 1344 1044 linguam
1364 958 1475 1025 Saxo·

189 1063 303 1127 nicam
339 1074 374 1127 et
397 1085 513 1128 mores
542 1065 771 1148 profitentur,
804 1089 876 1132 non
910 1069 1023 1132 minor
1055 1079 1108 1132 est
1131 1068 1234 1132 Italia
1266 1089 1362 1151 quae
1391 1089 1474 1132 suos

188 1171 299 1233 habet
322 1171 502 1254 principes
526 1184 599 1238 tum
628 1177 890 1240 ecclesiasticos
923 1188 996 1239 tum
1032 1177 1257 1258 prophanos,
1290 1175 1474 1240 Ecclesias

189 1278 482 1360 metropolitanas
499 1283 598 1363 duaS,
616 1284 840 1347 cathedrales
856 1282 1067 1366 quindecim,
1083 1282 1328 1347 Marchionem
1352 1303 1474 1365 unum,

189 1386 297 1448 duces
323 1396 465 1468 praeter
488 1387 569 1451 illos
593 1389 667 1471 qui,
704 1399 742 1452 ut
766 1389 860 1466 dixi,
896 1391 999 1454 titulo
1030 1389 1091 1453 illo
1123 1392 1248 1453 saltem
1278 1389 1474 1453 condonati

189 1501 280 1572 sunt,
305 1501 397 1572 oct0,
421 1494 604 1577 principes
628 1497 727 1577 duos,
752 1497 899 1561 comites
924 1507 959 1559 et
973 1498 1127 1560 barones
1144 1499 1283 1574 multos,
1308 1495 1475 1559 civitates

189 1598 449 1682 munitissimae,
474 1602 533 1682 qui
558 1622 680 1667 omnes
696 1604 863 1668 Romano
887 1604 1052 1687 Imperi0,
1077 1624 1148 1666 non
1172 1602 1264 1665 Duci
1288 1601 1474 1666 Saxoniae

189 1716 327 1788 parent.
376 1706 450 1770 Nec
482 1709 666 1791 quisquam
691 1731 812 1774 eorum
836 1710 1037 1795 principum
1061 1710 1247 1773 nobilitate
1277 1720 1314 1774 et
1336 1711 1475 1793 populo

191 1813 466 1895 principatuque
490 1816 639 1880 ducibus
664 1814 856 1900 Saxoniae,
879 1817 1148 1880 Marchionibus
1164 1817 1304 1881 Misnae
1326 1827 1362 1880 et
1379 1819 1472 1901 Hy·

191 1920 330 2002 ringiae
355 1922 450 1984 cedit
473 1932 534 1985 aut
557 1922 706 1988 inferior
730 1935 793 2006 est,
819 1944 941 1988 omnes
965 1934 1083 1988 tamen
1109 1933 1360 1988 sacrosanctae
1386 1922 1475 1987 Sedi

190 2026 422 2109 Apostolieae
447 2031 727 2095 obedientissimi
751 2031 814 2096 filii
827 2080 836 2113 ,
870 2032 1007 2114 indigni
1032 2031 1176 2114 quidem
1199 2040 1347 2113 propter
1373 2051 1473 2094 enor-

189 2155 280 2197 mem
304 2134 560 2219 indulgentiam
590 2148 626 2201 et
650 2138 862 2202 litentiosam
888 2139 1107 2220 libertatem,
1141 2158 1246 2220 quam
1269 2138 1392 2200 Duces
1422 2136 1476 2200 illi

190 2240 371 2305 Saxoniae
389 2245 435 2305 ab
451 2264 521 2306 uno
534 2246 646 2309 latere
666 2246 905 2309 Misnensibus
921 2257 956 2309 et
972 2245 1164 2328 Thyringis
1177 2245 1248 2308 suis
1272 2244 1475 2327 indulgent,

190 2350 439 2413 contumeliam
462 2351 538 2433 pati
562 2360 598 2416 et
621 2352 813 2434 infamiam,
838 2374 985 2435 quorum
1010 2353 1092 2416 olim
1116 2361 1259 2433 statum,
1285 2352 1475 2434 originem,

190 2457 427 2538 conditiones,
452 2479 587 2540 mores,
617 2461 826 2542 pronuntias
851 2480 973 2524 omnes
997 2460 1064 2523 nisi
1089 2460 1240 2542 epistola
1272 2460 1307 2521 in
1341 2459 1474 2522 librum

189 2563 323 2645 abiret,
356 2584 523 2628 enarrare
556 2565 662 2631 facile
692 2587 845 2650 possem.
893 2565 967 2630 Sed
996 2567 1079 2649 quia
1108 2575 1356 2630 sacrosanctae
1383 2564 1474 2629 Sedi

189 2671 398 2735 deditissimi
422 2685 458 2735 et
484 2674 565 2736 huic
589 2674 799 2738 lutheraane
822 2686 942 2738 sectae
966 2674 1070 2737 invisi
1094 2674 1209 2738 dictas
1230 2673 1367 2736 litteras
1399 2693 1474 2736 non

189 2799 304 2860 aequo
334 2779 511 2862 aspiciunt
533 2782 657 2864 oculu,
693 2791 729 2845 et
752 2793 791 2844 ut
814 2781 884 2844 fert
908 2793 1043 2862 natura,
1069 2780 1185 2863 zelosi,
1209 2781 1246 2844 in
1270 2800 1473 2844 moerorem

188 2888 397 2950 vacillantes
423 2897 457 2950 et
481 2888 517 2951 in
540 2888 629 2952 iram
653 2889 893 2971 concitantur,
922 2890 1055 2971 alitque
1078 2893 1193 2952 facem
1217 2888 1349 2950 vitulus
1373 2909 1472 2951 mon·

190 3003 325 3056 strosus
349 3015 463 3077 nuper
486 2996 627 3058 Rornae
652 2996 814 3078 depictus
840 3005 875 3059 et
897 2998 965 3058 huc
994 2997 1154 3075 delatus,
1190 2995 1247 3059 cui
1279 3003 1473 3078 praeterea

190 3098 370 3164 Saxoniae
394 3123 522 3165 nomen
547 3103 711 3166 adiunxit
734 3103 859 3186 pictor,
885 3124 988 3185 quem
1012 3103 1047 3166 in
1072 3103 1190 3166 Misna
1213 3112 1317 3166 natus
1339 3101 1385 3165 sit
1410 3102 1471 3164 ad-

189 3207 289 3290 didit,
314 3217 349 3271 et
372 3209 493 3272 nescio
518 3230 609 3291 quae
630 3231 723 3274 vana
745 3211 782 3273 in
805 3210 985 3274 infamiam
999 3208 1176 3273 Saxoniae
1201 3208 1367 3289 carmina,
1393 3209 1470 3290 qui·

190 3318 256 3378 bus
281 3316 445 3379 omnibus
470 3316 664 3380 Lutherani
689 3327 812 3381 contra
837 3317 1002 3380 Sanctam
1026 3315 1154 3380 Sedem
1179 3326 1215 3380 et
1231 3314 1324 3380 SD.
1341 3314 1384 3378 N.
1401 3336 1469 3397 pro

191 3422 457 3504 consuetudine,
480 3425 674 3487 abutuntur
697 3435 736 3487 ut
759 3424 920 3488 Saxones
936 3424 972 3488 in
997 3444 1078 3487 suas
1102 3431 1223 3504 partes
1246 3421 1469 3504 protrahant.

189 3529 248 3593 Sic
265 3531 325 3593 ille
340 3532 494 3613 populus
518 3531 619 3594 vafer
642 3540 749 3612 atque
765 3532 877 3594 solers
902 3532 968 3593 hos
991 3529 1170 3592 benefitiis
1194 3527 1352 3608 attrahit,
1377 3528 1470 3592 alios

189 3639 271 3700 odio
296 3647 434 3719 avocat,
459 3638 548 3701 alios
571 3638 675 3700 bonis
699 3638 984 3700 adversariorum
1008 3636 1162 3716 inescat,
1187 3636 1276 3698 alios
1299 3635 1470 3698 libertate

189 3748 312 3826 donat,
343 3745 432 3808 alios
457 3746 610 3827 denique
635 3745 821 3827 voluptate
852 3745 1047 3824 demulcet,
1078 3753 1115 3803 ut
1143 3740 1286 3804 difficile
1320 3741 1365 3804 sit
1397 3741 1471 3806 illis

189 3853 294 3916 etiam
319 3873 407 3915 saxa
431 3852 606 3915 resistere.
655 3850 726 3914 Sed
749 3861 851 3932 petra
875 3850 1030 3913 iustitiae
1056 3848 1219 3912 Saxones
1243 3868 1337 3927 suos,
1362 3847 1424 3929 qui
1448 3871 1471 3913 a

190 3959 285 4023 Saxo
310 3980 438 4022 nomen
464 3979 647 4041 accepere,
672 3958 897 4021 miserebitur
921 3966 957 4020 et
980 3957 1119 4019 tutabit.
1172 3953 1374 4017 Paternitas
1406 3965 1471 4019 tua

188 4088 233 4130 ne
248 4066 414 4130 innoxius
431 4067 585 4148 populus
602 4068 693 4129 ultra
709 4064 896 4127 damnetur
911 4063 1063 4138 curabit;
1090 4082 1158 4144 ego
1176 4064 1254 4124 Deo
1275 4061 1470 4126 adiuvante

191 4174 341 4239 efficiam
358 4185 397 4236 ut
414 4172 570 4237 Saxonia
586 4172 685 4254 fides,
711 4171 927 4252 obedientia,
944 4172 1050 4253 zeluS,
1066 4169 1221 4233 charitas
1236 4170 1272 4231 in
1290 4167 1472 4233 Christum

189 4292 224 4346 et
248 4281 414 4345 Sanctam
432 4279 561 4344 Sedem
577 4279 884 4363 perspicacissima
906 4286 1152 4359 cognoscatur.
1193 4276 1323 4338 Valeat
1346 4275 1470 4339 Pater·

189 4389 280 4452 nitas
305 4389 382 4451 Tua
405 4397 441 4450 et
465 4386 519 4450 sui
535 4385 651 4449 Lunni
675 4386 866 4468 aliquando
891 4384 1099 4447 recordetur
1122 4393 1158 4446 et
1182 4382 1470 4447 commendatum

187 4499 329 4559 habeat.
390 4495 442 4557 Ex
486 4493 737 4576 Norneburgst
772 4493 807 4555 in
852 4491 1096 4573 penetralibus
1138 4489 1316 4553 Saxoniae
1358 4487 1470 4553 Anno

187 4602 396 4666 MDXXHI
419 4602 576 4664 Kalend.
624 4599 789 4682 Augusti.

348 4729 379 4780 P.
401 4728 431 4775 Τ.
650 4723 764 4784 hunnus
782 4722 817 4786 do
835 4721 963 4785 Velim
981 4722 1025 4790 ll„
1046 4726 1215 4791 Praepositus
1234 4725 1431 4775 Hildesemens.
