3330 5580
706 481 763 533 0-‘53
802 479 855 535 450
893 476 952 533 [5⁴

187 634 312 707 questa
347 624 550 687 defectione
585 625 651 686 che
684 624 780 687 forse
814 646 883 688 non
918 628 1071 689 sarebbe
1104 625 1246 707 seguita
1278 626 1415 708 perche
1451 625 1483 688 si

187 736 387 796 sarebbono
420 730 505 794 uniti
537 751 602 813 per
625 730 750 793 timore
775 732 834 794 del
858 752 905 796 re.
954 733 1065 795 Forse
1096 752 1166 795 non
1201 735 1358 796 sarebbe
1383 733 1484 796 male

187 842 253 902 che
277 840 312 901 in
338 849 463 920 questo
487 858 525 900 se
550 837 724 900 scrivesse
748 859 769 901 a
787 837 823 901 S.
840 837 903 900 Mu
929 859 975 902 un
1000 840 1072 902 bon
1097 841 1210 902 breve
1234 847 1270 903 et
1294 839 1484 922 sogiugne

188 949 286 1009 detto
311 944 453 1007 Statilio
489 945 554 1006 che
579 965 616 1006 se
641 944 772 1007 Cesare
808 953 843 1007 et
879 956 999 1008 nostro
1024 942 1179 1028 Signore
1214 957 1250 1009 et
1284 947 1319 1009 la
1351 946 1481 1010 nation

187 1052 393 1136 germanica
416 1052 605 1114 volessono
630 1051 809 1134 castigare
832 1052 949 1134 questi
973 1051 1103 1114 ribaldi
1125 1053 1285 1134 religiosi
1311 1063 1349 1117 et
1365 1073 1482 1134 quon·

189 1163 269 1223 dam
295 1158 391 1222 Gran
413 1159 569 1220 Maestro
594 1159 660 1220 che
677 1156 714 1220 S.
738 1158 802 1220 M¹⁶
826 1179 871 1221 ne
895 1162 1048 1222 sarebbe
1072 1161 1182 1223 molto
1206 1161 1277 1223 ben
1302 1171 1484 1224 contenta

189 1279 223 1331 et
248 1269 314 1329 che
337 1264 463 1329 Poloni
488 1275 524 1327 et
548 1284 612 1327 rex
636 1263 714 1346 ipse
739 1267 885 1329 multum
909 1267 1131 1329 detestantur
1155 1286 1278 1330 eorum
1301 1267 1417 1330 vitam
1445 1276 1483 1330 et

190 1374 426 1436 defectionem
450 1392 471 1433 a
494 1392 581 1435 vera
604 1370 686 1434 fide.
713 1420 772 1435 ...

197 1544 202 1553 .
279 1499 402 1561 Budae
427 1496 514 1558 VIII
538 1496 624 1558 Maii
648 1495 849 1559 MDXXV.

279 1641 386 1702 Tutto
411 1640 444 1702 el
469 1637 647 1701 contrario
671 1639 718 1699 ha
741 1637 831 1699 fatto
855 1639 890 1699 la
913 1637 1039 1720 regina
1063 1659 1130 1711 con
1157 1639 1182 1703 li
1206 1639 1258 1703 soi
1282 1642 1485 1726 Todeschi‚

192 1769 258 1812 con
284 1746 348 1826 dir,
373 1767 411 1808 se
426 1744 469 1810 N.
483 1742 519 1808 S.
545 1745 563 1807 ἐ
588 1755 713 1807 contra
729 1743 860 1807 Cesare
885 1746 950 1807 che
973 1745 1142 1827 vogliono
1166 1746 1253 1810 farsi
1276 1750 1484 1824 lutherani;

190 1857 234 1918 de
259 1854 386 1936 quibus
410 1873 479 1915 non
506 1862 559 1914 est
583 1853 796 1931 curandum,
820 1851 953 1933 perche
977 1853 1068 1914 oltra
1092 1854 1159 1915 che
1184 1853 1392 1936 Ungariai
1420 1878 1484 1921 na·

190 1965 281 2025 tural
299 1960 435 2024 nemica
455 1962 500 2022 de
516 1959 728 2041 Alamagna,
752 1957 797 2020 ne
814 1979 884 2021 uno
901 1961 1007 2021 vuole
1027 1960 1191 2039 quelche
1207 1960 1228 2023 l'
1246 1963 1339 2025 altro
1356 1965 1484 2047 vuole‚

191 2091 278 2133 sono
303 2069 416 2131 anche
441 2068 610 2129 talmente
640 2065 797 2128 inclinati
822 2086 843 2127 a
868 2065 909 2127 N.
936 2065 972 2128 S.
1007 2076 1042 2127 et
1065 2068 1136 2129 alla
1160 2066 1243 2130 fede
1268 2071 1335 2132 che
1360 2091 1436 2134 non
1464 2074 1483 2135 ὲ

191 2181 237 2239 da
261 2174 436 2238 dubitare.
483 2173 617 2235 Dubito
642 2175 711 2236 ben
744 2175 810 2236 che
835 2194 900 2256 per
924 2173 1098 2255 disdegno
1128 2196 1198 2238 non
1222 2175 1364 2241 saccino
1389 2180 1484 2261 ogni

191 2304 276 2348 cosa
300 2304 365 2364 per
388 2284 510 2344 turbar
534 2281 569 2343 la
593 2281 732 2362 pratica
756 2281 800 2342 de
816 2280 974 2361 Boemia‚
999 2283 1130 2362 perche
1146 2285 1304 2365 potendo
1328 2285 1377 2348 lei
1392 2289 1484 2368 quel

191 2393 258 2454 che
282 2391 316 2452 la
341 2390 445 2452 vuole
470 2389 524 2450 col
541 2388 599 2451 Re
625 2398 660 2450 et
680 2388 884 2450 temendola
907 2388 1023 2469 questi
1040 2389 1243 2471 consiglieri
1260 2411 1325 2471 per
1346 2393 1381 2455 la
1398 2394 1483 2457 loro

192 2499 409 2579 corruptela,
441 2515 528 2557 sono
552 2492 679 2556 sorzati
703 2494 859 2575 seguirla
884 2495 976 2557 dove
1001 2516 1038 2557 se
1063 2496 1221 2569 obstina;
1253 2518 1342 2578 pure
1368 2519 1483 2581 spero

192 2626 261 2668 non
288 2603 391 2686 potri
412 2611 511 2665 tanto
533 2604 599 2664 che
615 2601 728 2682 toglia
746 2612 846 2663 tanto
862 2603 966 2681 bene,
991 2623 1012 2664 a
1028 2604 1094 2665 che
1119 2612 1154 2665 et
1169 2602 1203 2666 io
1228 2614 1264 2667 et
1281 2607 1313 2667 el
1331 2605 1484 2670 Barone

193 2733 263 2775 non
280 2730 504 2774 mancaremo
520 2710 753 2791 provedendo
771 2729 791 2769 a
808 2716 899 2771 tutte
916 2711 949 2772 le
965 2708 1086 2773 offese.
1127 2710 1262 2792 Questo
1277 2711 1348 2775 mio
1366 2714 1482 2778 dubio

192 2839 356 2882 accresce
380 2819 415 2879 la
437 2815 618 2898 presentia
643 2816 687 2877 de
711 2824 763 2876 tre
787 2813 919 2877 fratelli
945 2816 989 2879 de
1006 2816 1246 2900 Brandeburg
1270 2820 1336 2881 che
1362 2820 1389 2882 si
1408 2833 1481 2884 tro·

192 2945 285 2987 vano
311 2944 380 3005 qua
405 2932 440 2985 et
461 2942 527 3005 per
541 2923 574 2984 lo
591 2922 850 2984 ambasciatore
867 2943 1024 3006 cesareo,
1048 2923 1143 3006 quali
1158 2925 1239 2988 tutti
1258 2946 1348 2989 sono
1364 2928 1481 2992 luthe-

193 3032 269 3094 rani
304 3052 324 3093 ο
359 3033 499 3092 almeno
532 3030 641 3092 molto
675 3029 824 3110 sospetti
859 3040 894 3092 et
922 3031 1195 3094 maximamente
1229 3033 1262 3094 el
1286 3033 1481 3099 Marchese

194 3137 352 3219 Georgio
373 3138 437 3199 che
455 3138 501 3199 ha
517 3156 622 3219 preso
639 3156 703 3217 per
718 3136 848 3216 moglie
872 3157 943 3200 una
960 3138 1017 3199 del
1033 3138 1134 3200 Duca
1152 3136 1257 3201 Carlo
1275 3139 1311 3201 di
1327 3140 1481 3204 Boemia

193 3266 298 3309 senza
322 3244 490 3325 dispensa
514 3253 549 3306 et
573 3263 661 3305 sono
686 3242 721 3304 in
746 3253 842 3305 terzo
866 3244 990 3324 grado.

797 3743 872 3808 207.

647 3869 819 3949 littorius
847 3866 1019 3948 sadolen.

596 4016 742 4085 (Verior.
768 4015 811 4073 ad
837 4015 936 4072 olem.
962 4014 998 4072 11.
1024 4013 1077 4081 u.)

710 4125 764 4192 (13.
786 4127 851 4174 Maii
874 4122 960 4193 1523.)

286 4264 345 4328 Ali
370 4286 388 4341 o
420 4262 546 4325 scrisse
571 4261 604 4321 al
629 4261 722 4322 Rev.
748 4261 918 4340 Capuano
950 4259 1136 4340 pregando
1161 4256 1234 4320 Sua
1259 4257 1300 4319 S·
1325 4259 1402 4322 R¹¹¹⁸
1431 4281 1473 4322 ne

194 4376 334 4437 volesse
359 4371 414 4433 far
437 4369 621 4451 partecipe
643 4367 686 4429 V.
713 4365 749 4428 S.
776 4367 821 4429 R.
846 4365 892 4427 de
916 4367 949 4427 le
974 4385 1077 4443 nove,
1102 4385 1167 4446 per
1191 4386 1261 4428 non
1286 4368 1416 4447 poterli
1441 4368 1473 4430 in

195 4482 312 4562 quella
343 4480 431 4540 hora
455 4475 624 4538 scriverli.
674 4473 718 4536 Al
751 4481 918 4554 presente
943 4471 1076 4553 supliro
1101 4472 1135 4533 in
1161 4483 1263 4553 parte
1293 4474 1327 4535 al
1353 4475 1473 4537 debito

195 4587 263 4649 mio
296 4597 331 4648 et
355 4584 378 4646 li
403 4584 532 4646 mando
557 4602 625 4644 una
650 4581 753 4661 copia
777 4581 913 4642 inclusa
945 4580 989 4641 de
1014 4598 1084 4640 una
1110 4581 1237 4641 lettera
1270 4580 1315 4641 de
1339 4581 1473 4644 Norim-

193 4697 317 4771 bergo.
364 4692 471 4753 Tutta
502 4691 537 4751 la
561 4689 762 4769 Alemagna
786 4707 831 4748 va
863 4694 956 4748 sotto
981 4705 1103 4766 sopra,
1140 4686 1183 4748 ne
1209 4686 1238 4747 c'
1264 4687 1282 4748 ὲ
1313 4687 1374 4768 pin
1399 4709 1473 4770 spe·

194 4819 300 4861 runza
325 4799 477 4860 alchuna
501 4817 539 4858 se
564 4816 633 4857 non
660 4795 753 4856 nella
777 4792 1019 4856 misericordia
1043 4795 1088 4854 de
1112 4793 1181 4854 Dio
1207 4803 1242 4854 et
1266 4792 1326 4874 gie
1350 4796 1396 4858 ha
1420 4816 1473 4857 co·
