3330 5580
665 450 912 507 &lilith-⁰

139 600 303 664 millibus
327 598 458 682 stipato
484 598 592 663 millia
616 599 788 661 adversus
819 599 1008 679 sexaginta
1037 608 1072 661 et
1104 598 1253 680 amplius
1283 596 1428 662 fortissi-

136 729 284 771 morum
307 709 519 770 bellatorum
543 719 655 770 semet
678 706 901 788 patriumque
925 708 1038 768 solum
1063 706 1329 769 defendentium
1346 711 1429 769 mul·

134 825 201 877 tos
226 815 312 877 item
336 834 475 876 menses
499 814 628 875 nedum
657 812 725 874 sibi
756 813 956 875 caventium
986 823 1022 874 at
1053 813 1087 875 in
1120 812 1255 876 alienas
1289 834 1429 894 quoque

129 922 277 985 caedes
290 920 528 983 accinctorum
553 920 660 1000 idque
685 919 905 981 ferocissima
929 919 964 981 in
989 931 1110 1002 gente,
1136 922 1236 982 caelo
1261 921 1430 983 demissas

133 1028 326 1106 victoriaS,
350 1025 522 1088 truncatis
546 1045 666 1088 eorum
689 1025 837 1108 triginta
862 1025 1026 1104 millibus,
1058 1027 1203 1107 reliquis
1227 1038 1288 1089 aut
1311 1030 1430 1090 vulne-

134 1136 236 1199 ratis
249 1143 311 1198 aut
320 1133 418 1213 fusis,
432 1133 662 1197 meditabunt.
680 1132 759 1215 Ego
774 1153 859 1195 vero
873 1134 914 1195 B.
925 1138 962 1197 Ρ,
978 1131 1014 1195 S.
1024 1132 1066 1196 V.
1078 1154 1168 1215 quae
1179 1154 1350 1214 praesens
1359 1134 1431 1196 vidi

133 1240 338 1313 eascribo;
364 1241 527 1322 equidem
543 1241 639 1303 multi
666 1239 820 1303 clericali
845 1242 1051 1303 charactere
1075 1239 1234 1322 insigniti
1258 1242 1432 1322 pugnanti

132 1347 302 1430 principi
326 1347 552 1427 assidebant,
576 1347 704 1428 quibus
728 1348 823 1428 quod
847 1346 966 1408 forsan
992 1345 1062 1407 illis
1086 1366 1165 1408 cum
1189 1347 1338 1428 perditis
1362 1369 1431 1410 ma-

134 1476 229 1518 rium
254 1454 477 1519 conseruisse
501 1454 570 1516 dici
594 1475 660 1517 nec
683 1457 729 1516 ab
753 1474 792 1516 re
821 1464 978 1534 possent,
1004 1464 1128 1534 ageret
1161 1450 1197 1516 S.
1223 1454 1266 1517 V.
1291 1455 1431 1536 pientis-

137 1562 273 1625 simum
303 1560 502 1644 principem
533 1563 590 1623 vel
627 1560 776 1640 simplici
815 1562 872 1622 vel
909 1571 1032 1639 cauta,
1070 1560 1145 1622 sive
1179 1561 1432 1642 declaratione,

139 1669 225 1731 sive
251 1669 489 1746 absolutione,
521 1667 596 1729 sive
627 1668 695 1730 alia
720 1668 869 1746 medela,
895 1668 1055 1730 demissis
1079 1667 1204 1729 isthinc
1237 1670 1281 1730 ad
1306 1689 1371 1731 nos
1395 1667 1431 1732 S.

143 1775 192 1837 V.
217 1775 346 1837 litteris
371 1793 474 1855 opem
499 1773 551 1836 eis
575 1773 680 1838 ferre.
730 1773 858 1836 Vestra
882 1774 989 1855 igitur
1014 1771 1050 1839 S.
1076 1775 1116 1836 B.
1142 1775 1181 1836 P.
1204 1776 1432 1855 quamhumil-

139 1882 229 1945 lime
255 1902 400 1964 possum
424 1892 573 1943 exorata
598 1880 702 1943 velim
728 1902 824 1942 meas
849 1883 955 1943 hasce
991 1881 1129 1944 litteras
1161 1881 1244 1943 boni
1270 1886 1433 1944 consulat

149 2009 212 2051 seu
239 1989 381 2067 habeat,
412 1987 568 2069 mihique
600 1986 774 2068 sanguine
805 1987 1027 2049 coniunctam
1053 1987 1293 2069 Margaretam
1319 2011 1340 2051 a
1365 1991 1432 2053 Ha·

144 2096 312 2159 raucuria
335 2095 371 2157 in
386 2094 594 2157 Monasterii
612 2094 890 2157 Romariciensis
906 2095 1134 2176 expeditione
1152 2099 1432 2159 commendatam

149 2203 256 2265 etiam
287 2203 430 2282 habeat,
460 2212 495 2264 et
520 2221 575 2263 me
607 2210 781 2283 perpetuo
811 2201 927 2264 eidem
959 2203 1314 2282 obsequentissimum
1340 2227 1432 2268 man·

147 2309 279 2392 cipium
304 2318 439 2390 noscat,
465 2329 568 2390 quam
593 2320 628 2369 et
653 2308 712 2369 diu
737 2307 801 2371 toti
826 2308 1064 2390 Reipublicae
1090 2308 1312 2373 Christianae
1336 2311 1432 2374 faeli-

149 2437 227 2479 cem
250 2415 425 2479 faeliciter
449 2425 568 2478 servet
592 2416 745 2477 omnium
770 2414 830 2477 illa
854 2436 939 2478 vera
964 2418 1068 2480 salus.
1117 2417 1172 2480 Ex
1190 2419 1360 2501 Nanceyo
1376 2422 1433 2482 die

150 2522 271 2586 Tertia
294 2523 388 2602 Junii
412 2521 613 2585 MDXXV.

641 2667 774 2714 Addictus
794 2666 912 2715 servulus
931 2676 956 2715 et
975 2667 1096 2719 obedum.
1115 2678 1197 2733 capla

403 2755 557 2804 Humilis
576 2757 685 2803 abbas
704 2756 915 2805 hlonasterii
935 2758 963 2806 S.
984 2757 1156 2807 Anthonii
1177 2760 1399 2810 Viennensis.

754 3200 820 3265 220

589 3315 801 3420 Campegius
830 3316 1002 3400 Sadoleto.

570 3466 711 3529 trunam
730 3466 857 3525 domm.
881 3465 955 3524 tm
975 3466 1027 3538 96.)

672 3584 708 3653 (5.
728 3586 803 3652 Junii
826 3586 912 3653 1525.)

250 3718 393 3802 Quanto
418 3721 487 3783 alle
512 3739 595 3782 cose
620 3719 654 3781 di
679 3718 873 3783 Germania
896 3730 932 3781 et
960 3719 995 3780 di
1020 3720 1141 3781 levare
1164 3723 1244 3802 quel
1274 3742 1438 3785 commer-

159 3826 210 3890 cio
246 3827 289 3891 N.
314 3825 350 3892 S.
382 3848 495 3909 pensa
527 3828 636 3889 molto
661 3829 770 3904 bene,
807 3824 851 3887 ne
886 3828 920 3887 al
955 3839 1123 3906 presente
1158 3830 1176 3891 ὲ
1217 3831 1263 3891 da
1298 3840 1437 3892 tentare

159 3934 269 3998 simile
292 3935 452 4014 timedio,
475 3933 607 4016 perche
631 3933 740 4014 quelli
764 3932 916 4013 principi
940 3934 1052 3995 sendo
1076 3934 1110 3996 la
1134 3937 1272 3997 tumulti
1287 3937 1321 3998 in
1337 3948 1437 3999 tanto

159 4042 319 4105 cresciuti
349 4062 437 4104 sono
462 4040 647 4103 constretti
679 4060 701 4101 a
730 4039 934 4121 provederli
970 4041 1016 4102 da
1049 4061 1087 4103 se
1112 4043 1232 4122 stessi,
1265 4055 1300 4106 et
1329 4046 1437 4106 credo

160 4151 223 4213 che
248 4147 320 4212 cosi
336 4148 504 4217 famnno:
529 4147 590 4230 poi
605 4168 643 4209 se
658 4148 693 4209 la
709 4145 847 4208 Maesti
864 4144 1017 4209 Cesarea
1034 4148 1131 4227 vora,
1156 4169 1255 4212 come
1272 4153 1305 4212 la
1323 4150 1437 4213 scrive

159 4254 361 4320 iacilmente
386 4256 414 4318 si
439 4254 617 4318 restituira
641 4253 726 4337 ogni
751 4273 834 4315 cosa
858 4255 892 4315 al
917 4254 1041 4316 ordine
1067 4274 1141 4317 suo.

247 4365 305 4428 Ho
329 4364 444 4427 inteso
468 4364 491 4426 il
516 4362 675 4442 ricord0,
710 4363 776 4423 che
804 4360 833 4422 si
858 4362 901 4422 da
927 4360 963 4422 di
987 4361 1158 4425 Balibech
1188 4374 1223 4424 et
1248 4384 1286 4426 se
1311 4384 1355 4426 ne
1380 4365 1437 4426 ad·

159 4472 289 4536 vertira
314 4470 527 4550 Colocense,
552 4470 575 4532 il
605 4471 710 4551 quale
739 4487 804 4549 per
835 4487 953 4529 essere
984 4470 1160 4548 prudente
1185 4480 1221 4531 et
1244 4490 1437 4533 conoscere

162 4600 227 4659 con
250 4579 307 4641 chi
323 4580 369 4643 ha
385 4598 406 4640 a
423 4578 497 4641 lare
513 4577 616 4640 stimo
633 4574 766 4639 andara
790 4574 824 4635 in
841 4585 942 4653 tutt0,
959 4584 1212 4656 pesatamente.
1243 4578 1349 4639 Detto
1374 4580 1437 4640 Co·

161 4688 303 4750 locense
328 4685 443 4748 scrive
467 4706 532 4768 per
547 4706 617 4746 una
642 4704 704 4745 soa
729 4683 774 4743 de
792 4701 842 4758 23.
868 4682 913 4743 de
929 4681 1052 4763 Magio
1069 4703 1168 4745 come
1193 4704 1258 4765 per
1274 4684 1437 4766 replicati

162 4794 249 4857 avisi
274 4794 442 4857 intendea
465 4794 543 4854 chel
569 4792 684 4854 Turco
709 4789 887 4852 indixerat
913 4790 1042 4851 bellum
1058 4800 1093 4851 et
1108 4789 1167 4873 qui
1182 4810 1303 4853 omnes
1319 4802 1439 4855 essent
