3330 5580
716 441 945 497 0-2378554

192 593 258 657 cile
283 612 304 656 a
327 590 464 670 sedare,
489 608 588 653 come
612 587 693 651 tutti
716 587 855 651 dicono.
881 572 910 651 E
933 588 1086 669 diverso,
1111 588 1135 651 il
1157 588 1369 653 Cancellieri
1394 589 1474 656 dice

192 720 309 764 essere
340 697 560 781 impossibile
589 698 728 778 (saltem
759 697 894 776 absque
928 692 1094 780 concilio)
1127 703 1163 759 et
1192 698 1290 778 quod
1312 696 1389 761 sata
1413 701 1474 761 ob·

191 817 287 871 stant
319 816 356 870 et
384 814 509 888 questo
540 805 558 867 ὲ
590 804 614 866 il
646 823 709 867 suo
740 802 942 884 proverbio.
990 802 1033 866 El
1064 802 1249 866 confessor
1282 803 1362 867 dice
1393 806 1474 868 chel

191 917 282 993 vede
311 912 371 995 gia
401 911 502 994 quasi
529 911 552 973 l’
568 908 734 973 incendio
758 929 904 989 acceso,
937 908 962 972 li
985 909 1143 993 Principi
1167 930 1233 993 par
1257 911 1324 974 che
1348 910 1473 974 dubbi-

191 1034 274 1084 tano
309 1019 418 1099 assai,
453 1019 476 1081 li
501 1017 634 1081 Prelati
667 1026 808 1079 temeno
840 1026 875 1078 et
906 1035 977 1079 non
1008 1017 1037 1079 si
1067 1025 1171 1079 trova
1201 1017 1261 1081 via
1284 1016 1321 1079 di
1344 1027 1475 1082 metter

190 1126 347 1190 timedio.
383 1124 475 1188 Anci
492 1122 600 1206 quelli
619 1121 812 1202 medesimi,
836 1124 902 1184 che
926 1131 1067 1186 temeno
1092 1123 1283 1206 disputano
1306 1123 1343 1186 in
1367 1124 1475 1187 favor

191 1234 226 1296 di
251 1233 393 1299 Luther.
441 1229 561 1294 Andai
591 1229 651 1311 poi
682 1250 703 1292 a
727 1225 935 1292 Sedunense
965 1228 1000 1291 in
1031 1230 1066 1292 la
1096 1229 1152 1291 cui
1186 1240 1308 1294 stanza
1331 1230 1370 1293 fu
1394 1231 1473 1295 beri

190 1361 270 1404 sero
293 1338 384 1402 fatto
410 1339 443 1400 el
467 1335 613 1399 consilio
638 1355 745 1417 sopra
769 1334 834 1401 cio.
860 1335 902 1397 nb
928 1335 956 1397 si
980 1337 1042 1416 pol
1061 1335 1368 1401 manifestamente
1385 1338 1473 1401 tirar

144 1508 147 1513 .
190 1450 236 1510 da
259 1449 335 1509 loro
360 1465 460 1507 come
484 1444 514 1505 si
538 1443 728 1516 conclude;
758 1452 875 1505 tamen
899 1443 945 1504 ho
970 1462 1036 1523 per
1051 1445 1172 1506 buona
1185 1444 1245 1507 via
1258 1445 1325 1508 che
1340 1447 1472 1508 voleno

143 1524 151 1556 ⁴
190 1555 256 1616 che
280 1553 309 1615 si
333 1551 554 1632 extinguano
579 1549 603 1611 li
626 1548 717 1630 libri,
749 1559 785 1612 et
809 1550 875 1611 che
900 1550 1025 1611 eodem
1049 1552 1217 1614 mandato
1241 1551 1271 1612 si
1295 1551 1354 1614 citi
1378 1552 1471 1616 Mar·

190 1660 274 1741 tine,
297 1679 363 1742 per
386 1658 623 1740 interrogarlo
648 1655 677 1718 si
701 1658 747 1717 ha
771 1655 893 1719 scritto
918 1656 981 1718 tali
1003 1656 1100 1738 libri,
1134 1668 1169 1721 et
1193 1679 1232 1721 se
1255 1658 1281 1721 li
1305 1659 1387 1721 vole
1412 1660 1472 1722 de·

189 1766 332 1847 fender,
367 1776 402 1829 et
433 1765 492 1828 nel
523 1773 618 1827 resto
647 1763 704 1826 far
734 1781 834 1826 come
864 1763 899 1825 in
931 1763 999 1826 mie
1026 1765 1116 1827 altre
1140 1764 1216 1827 heri
1241 1765 1374 1829 scrissi:
1422 1765 1474 1829 Mi

190 1873 283 1937 disse
299 1873 476 1953 Tudense,
502 1871 556 1934 ch’
573 1871 598 1933 il
622 1871 789 1933 mandato
805 1871 823 1933 ὲ
840 1891 949 1933 ancor
973 1873 1216 1936 tantummodo
1235 1872 1268 1934 in
1287 1873 1473 1951 Alemano,

190 1991 224 2043 et
256 1978 531 2043 demandandoli
564 1978 598 2040 io
632 1998 732 2041 come
765 1978 904 2040 adunca
935 1980 1066 2042 havete
1098 1982 1297 2043 consultato
1321 1979 1357 2042 in
1381 1981 1472 2043 ello?

189 2088 294 2151 Disse
319 2090 385 2151 che
409 2108 447 2151 se
472 2087 623 2150 laceano
648 2085 702 2147 dir
727 2087 762 2147 la
785 2085 963 2148 sententia
986 2086 1031 2149 de
1056 2087 1214 2150 clausula
1238 2087 1273 2149 in
1302 2088 1471 2167 clausula,

190 2206 226 2258 et
250 2196 315 2258 che
340 2214 448 2277 sopra
472 2193 527 2257 cio
552 2193 817 2256 deliberavano
854 2191 899 2254 Et
912 2193 1057 2256 tandem
1078 2195 1099 2256 l’
1110 2196 1229 2257 hanno
1245 2194 1329 2257 dato
1346 2204 1473 2276 questa

190 2322 293 2366 mane
326 2325 347 2366 a
371 2301 543 2384 Spieghel
575 2321 641 2382 per
668 2301 703 2362 lo
735 2298 791 2362 far
815 2298 924 2362 latino
950 2309 985 2362 et
1010 2301 1309 2382 comunicarcelo,
1343 2322 1382 2365 se
1406 2322 1472 2383 pur

189 2411 223 2472 lo
248 2409 409 2489 farann0,
434 2409 500 2471 che
525 2407 570 2469 mi
595 2406 755 2487 dubbito,
780 2407 847 2468 che
870 2405 984 2487 prima
1008 2408 1298 2471 concluderanno
1323 2410 1389 2472 che
1414 2409 1472 2474 noi

189 2518 366 2598 possiamo
391 2517 501 2578 veder
525 2515 623 2577 detto
648 2516 830 2577 mandato:
867 2512 910 2574 El
934 2513 1120 2577 confessor
1143 2534 1213 2578 non
1238 2515 1275 2578 fu
1295 2516 1471 2579 chiamato

188 2646 209 2687 a
233 2633 359 2706 questa
389 2619 665 2702 consultatione,
690 2621 785 2703 quod
813 2630 867 2683 est
890 2632 1014 2684 contra
1038 2621 1296 2686 ordinationem
1321 2622 1472 2704 Cesaris,

189 2741 224 2794 et
255 2751 310 2793 me
345 2729 519 2810 displace,
554 2749 598 2791 ne
629 2728 677 2791 lui
710 2748 776 2810 par
808 2747 906 2790 esser
930 2727 965 2790 di
990 2727 1045 2790 cid
1070 2737 1249 2792 contento.
1295 2729 1338 2791 El
1362 2730 1472 2793 Detto

188 2837 299 2920 hoggi
324 2837 370 2899 ad
395 2835 540 2917 meggio
564 2835 710 2916 giorn0,
742 2855 860 2898 venne
884 2834 953 2917 qua
978 2836 1022 2898 ad
1047 2856 1123 2916 me,
1157 2846 1193 2899 et
1217 2836 1263 2899 mi
1287 2836 1383 2900 disse
1407 2839 1473 2901 che

188 2944 402 3024 advertisse,
440 2944 505 3005 che
540 2951 707 3024 questoro
740 2942 1003 3005 imbrattavano
1038 2945 1070 3005 el
1103 2942 1218 3025 foglio
1250 2942 1472 3007 intriccando

188 3072 257 3113 una
288 3071 372 3113 cosa
401 3070 465 3112 con
491 3049 513 3112 l'
531 3050 639 3129 altra,
674 3058 709 3111 et
733 3051 799 3111 che
824 3060 917 3113 sotto
942 3059 1109 3131 pretexto
1134 3051 1170 3113 di
1202 3051 1292 3114 citar
1314 3050 1470 3115 Martino

188 3180 257 3222 non
288 3158 317 3221 si
349 3157 499 3221 farebbe
530 3177 575 3220 ne
601 3157 622 3219 l’
640 3177 684 3218 un
712 3157 756 3219 ne
781 3156 802 3219 l'
818 3158 924 3220 altro:
973 3154 1126 3220 Dissemi
1150 3178 1285 3220 ancora
1309 3160 1375 3221 che
1400 3159 1470 3222 mai

187 3265 268 3329 vide
292 3267 342 3328 tal
367 3263 575 3328 confusione
600 3265 666 3326 che
690 3262 770 3326 tutti
794 3266 1031 3343 tumultuano,
1069 3275 1104 3327 et
1135 3285 1336 3329 conoscano
1369 3275 1468 3328 tanta

186 3373 298 3453 ruina,
323 3373 365 3435 ne
390 3371 419 3434 si
443 3391 530 3434 sano
553 3372 721 3433 resolver.
763 3371 855 3433 Anci
879 3370 915 3433 in
940 3391 1011 3433 una
1035 3373 1123 3434 hora
1139 3372 1217 3435 dice
1235 3374 1268 3436 el
1285 3372 1469 3436 confessor

187 3481 252 3542 che
277 3489 379 3542 trova
403 3478 488 3562 ogni
512 3498 595 3541 cosa
619 3479 796 3556 conclusa,
822 3486 857 3539 et
881 3479 926 3539 de
950 3479 973 3539 ll
998 3479 1044 3540 ad
1067 3479 1123 3539 un’
1141 3480 1230 3541 hora
1252 3479 1394 3542 minimo
1410 3500 1467 3543 ne·

187 3585 292 3669 goeio
317 3585 434 3649 omnia
458 3588 610 3648 turbata.
646 3584 685 3647 In
709 3586 759 3647 tal
783 3585 889 3647 modo
914 3605 1001 3648 sono
1024 3587 1057 3648 le
1073 3605 1155 3649 cose
1172 3596 1292 3649 nostre
1309 3586 1468 3668 confuse,

187 3695 252 3756 che
276 3714 314 3757 se
329 3693 399 3756 Dio
424 3694 500 3756 solo
525 3712 595 3755 non
620 3691 787 3771 remedia,
812 3700 910 3754 certo
934 3691 1092 3775 ingegno
1116 3695 1270 3756 humano
1295 3714 1365 3757 non
1387 3695 1413 3756 li
1429 3716 1470 3758 sa

187 3811 308 3863 trovar
333 3799 468 3881 ordine,
492 3800 535 3862 ne
560 3799 680 3862 modo:
729 3799 788 3861 Ad
813 3800 882 3862 due
905 3801 993 3862 hore
1018 3799 1054 3861 di
1078 3799 1204 3881 giorno
1230 3812 1355 3883 questa
1382 3811 1467 3864 mat·

186 3908 260 3970 tina
291 3909 500 3971 intrassemo
523 3906 558 3969 in
583 3927 724 3971 camera
747 3907 805 3969 del
837 3908 906 3971 Re.
946 3907 989 3970 El
1013 3905 1144 3990 Signor
1168 3907 1305 3970 Nuncio
1330 3907 1469 3972 Messer

186 4014 376 4095 Raphaele
408 4024 444 4077 et
475 4013 510 4076 io
520 4063 529 4093 ,
562 4022 598 4076 et
629 4025 819 4095 expetamo
851 4014 875 4076 il
900 4014 958 4076 Re
982 4014 1042 4096 piu
1068 4014 1103 4076 di
1126 4016 1195 4077 due
1220 4017 1307 4077 hore
1332 4034 1469 4096 grosse,

187 4123 220 4184 el
253 4124 336 4204 qual
368 4142 429 4187 era
459 4123 493 4184 al
524 4121 682 4185 conselio
713 4142 776 4184 suo
810 4122 845 4183 di
878 4141 986 4203 sopra
1011 4123 1103 4184 dove
1126 4121 1176 4183 lui
1201 4142 1262 4184 era
1285 4131 1379 4185 stato
1403 4142 1467 4203 per

186 4231 323 4311 grande
356 4227 471 4310 spatio
504 4228 540 4289 di
573 4237 707 4310 tempo:
754 4228 899 4291 Interim
933 4230 1015 4291 dum
1043 4240 1284 4310 expectamus,
1318 4230 1350 4292 el
1376 4229 1462 4293 Mar·

187 4338 293 4399 chese
312 4335 492 4415 Joacchim
507 4335 666 4398 Elettore
684 4335 715 4396 ci
733 4335 927 4398 consiliava
944 4336 1009 4398 che
1034 4356 1099 4417 per
1122 4337 1242 4399 niente
1267 4336 1468 4399 lassassimo

187 4443 308 4506 venire
333 4443 467 4505 Luther
490 4443 621 4524 perche
646 4444 800 4504 sarebbe
824 4461 913 4523 gran
939 4445 1127 4521 seandalo,
1160 4445 1290 4524 perche
1315 4445 1384 4505 ben
1410 4464 1467 4506 ve·

187 4552 279 4612 deva
312 4549 359 4611 lui
393 4550 414 4612 l'
431 4549 548 4612 animo
581 4559 617 4613 et
650 4548 817 4612 intendea
839 4549 864 4611 li
889 4549 1024 4612 consilii
1049 4550 1084 4611 di
1110 4550 1223 4630 questi
1249 4550 1407 4631 Principi
1433 4560 1468 4612 et

187 4657 319 4740 populi.
358 4657 427 4719 Dio
459 4657 490 4720 ci
515 4657 599 4719 volii
622 4658 826 4737 gubernare
850 4655 886 4718 in
910 4666 1009 4719 tanta
1033 4657 1144 4721 ruina.
1192 4656 1256 4719 Poi
1282 4657 1419 4719 discese
1445 4658 1467 4719 il

187 4762 245 4826 Rc
267 4765 406 4844 abasse,
432 4773 467 4826 et
487 4773 585 4826 certo
605 4784 715 4845 parea
732 4784 801 4826 non
818 4765 926 4825 molto
943 4772 1121 4846 contento,
1137 4765 1244 4826 credo
1262 4785 1326 4845 per
1342 4775 1467 4846 queste
