3330 5580
718 472 946 527 043448)-0

190 634 249 697 voi
274 655 458 697 commune
484 634 657 716 consiglio
682 645 717 697 et
742 656 807 697 con
826 639 920 697 bona
938 634 1196 697 deliberatione
1213 645 1248 698 et
1264 633 1475 703 concordia:

191 744 248 804 nel
273 751 368 803 resto
393 761 557 822 speramo
580 742 617 804 in
642 742 710 804 Dio
735 743 870 806 aiutera
895 745 929 805 la
953 762 1061 805 causa
1085 763 1159 805 sua.

279 847 358 910 Non
384 847 413 909 si
437 850 614 929 potrebbe
640 848 841 930 exprimere
866 860 998 930 quanto
1017 848 1147 912 Cesare
1172 869 1238 930 per
1261 850 1296 911 la
1316 870 1381 912 sua
1398 869 1474 911 san·

190 951 325 1016 tissima
357 975 468 1035 opera
499 954 533 1017 in
563 966 690 1035 questa
722 977 829 1019 causa
854 943 1055 1036 commune,
1089 956 1141 1018 sia
1166 957 1415 1018 commendato
1441 967 1478 1018 et

191 1063 347 1123 exaltato
380 1062 425 1123 da
449 1061 580 1124 Nostro
606 1061 777 1144 signore,
813 1075 848 1126 et
876 1065 923 1127 da
946 1066 1051 1126 tuttol
1077 1083 1177 1125 sacro
1203 1062 1392 1145 Colleggio
1418 1062 1475 1125 dei

191 1166 385 1246 CardInali,
420 1178 454 1229 et
479 1178 571 1231 tutta
594 1171 628 1231 la
653 1180 751 1234 corte
776 1170 800 1232 li
825 1171 990 1233 desidera
1014 1168 1215 1252 prosperita
1240 1180 1277 1231 et
1300 1168 1417 1250 gloria
1440 1181 1477 1230 et

191 1274 258 1336 Nol
290 1295 397 1355 sopra
422 1277 522 1351 tutti,
556 1275 629 1338 cosi
654 1287 795 1358 potrete
819 1277 896 1340 fare
921 1277 1106 1340 intendere
1131 1298 1152 1338 a
1177 1276 1250 1338 Sua
1273 1275 1414 1338 Maesta
1439 1289 1476 1338 et

190 1404 211 1444 a
237 1382 280 1443 lei
306 1382 499 1444 humillime
524 1384 866 1456 raccommandarci;
892 1386 1116 1446 benevalete.

280 1507 334 1567 Ex
360 1508 448 1569 Palo
473 1507 676 1588 portuensis
699 1507 851 1570 diocesis
877 1507 1055 1585 XXVIII.
1080 1508 1158 1586 Jan.
1183 1507 1365 1570 MDXXI.

1176 1621 1276 1685 vertet
1295 1620 1403 1690 noter.

1149 1722 1214 1771 Vice
1240 1720 1431 1769 Cancellarius.

810 2114 859 2177 17.

563 2247 892 2328 Viooonnoellarius
912 2247 1101 2329 Aloandro.
1160 2239 1163 2243 ’

509 2396 703 2467 (Μυσίαι.
728 2397 844 2456 Germ.
870 2395 900 2453 t.
926 2393 988 2453 fol.
1013 2393 1154 2463 12-13.)

529 2518 579 2574 [Ex
598 2517 675 2565 Senis
696 2528 719 2564 1.
739 2516 817 2566 Febr.
837 2543 872 2552 -
892 2515 1057 2563 Wormatiae
1081 2513 1131 2579 11.)

406 2640 623 2703 Venerabile
648 2641 713 2703 Vir
737 2640 861 2702 Amice
887 2639 1018 2701 Noster
1041 2639 1245 2720 praecipue.

280 2765 476 2827 Havemmo
509 2764 600 2826 visto
630 2776 763 2847 quanto
788 2765 818 2827 ci
845 2764 997 2826 scrivete
1022 2784 1086 2845 per
1111 2766 1144 2825 la
1169 2773 1289 2825 vostra
1315 2765 1351 2825 di
1376 2764 1474 2827 XIX

190 2873 247 2933 del
272 2884 427 2953 passato.

279 2958 328 3040 Le
360 2979 462 3040 Bolle
495 2991 529 3040 et
563 2979 688 3055 Brevi,
723 2980 788 3040 che
819 2980 949 3039 bavete
975 2976 1137 3039 ricercati
1172 2976 1232 3059 gia
1266 2978 1327 3039 III.
1364 2980 1397 3039 di
1437 2976 1473 3040 fa

189 3085 223 3147 vi
249 3085 277 3146 si
302 3105 390 3148 sono
417 3086 573 3148 mandati
597 3085 743 3148 insieme
768 3105 834 3147 con
860 3105 929 3147 una
954 3085 999 3146 de
1024 3085 1163 3147 cambio
1189 3088 1233 3148 de
1265 3105 1329 3162 400
1355 3083 1474 3146 ducati
1542 3076 1547 3085 ’

189 3193 310 3258 d'oro:
344 3203 485 3275 potrete
513 3191 706 3255 inserivere
731 3213 777 3255 un
803 3192 838 3253 di
863 3191 971 3273 quelli
997 3192 1105 3254 Brevi
1129 3194 1162 3254 al
1187 3192 1288 3254 Duca
1313 3190 1473 3272 Georgio

189 3300 225 3361 di
250 3300 419 3362 Sassonia
450 3309 485 3363 et
514 3300 665 3380 darglilo
698 3304 804 3379 costi,
839 3321 859 3360 o
891 3298 1126 3379 mandarglilo
1159 3319 1224 3380 per
1258 3307 1383 3380 questa
1414 3297 1474 3360 via

189 3408 331 3487 quando
363 3427 433 3468 non
464 3405 559 3469 fosse
591 3427 656 3487 per
687 3408 808 3469 venire
840 3407 910 3469 alla
938 3406 1056 3477 Dieta;
1090 3427 1128 3467 se
1160 3408 1249 3468 altre
1275 3401 1472 3486 provisioni

189 3513 454 3594 bisogneranno
479 3534 549 3574 non
575 3513 608 3574 vi
633 3513 662 3575 si
687 3512 878 3575 manchera
903 3512 937 3573 di
961 3515 1099 3590 alcuna,
1125 3522 1216 3575 state
1241 3532 1307 3593 pur
1325 3512 1360 3572 di
1376 3514 1473 3575 bono

188 3619 323 3697 animo,
348 3632 384 3680 et
407 3619 582 3701 seguitate
607 3619 995 3695 animosissimamente,
1022 3639 1162 3700 sempre
1187 3621 1274 3700 pero
1299 3638 1366 3681 con
1391 3637 1471 3699 pru-

189 3726 310 3788 dentia
342 3737 377 3789 et
410 3727 584 3789 modestia
619 3738 654 3789 et
685 3737 775 3789 tutto
807 3726 880 3789 fate
916 3726 1061 3787 insieme
1087 3726 1142 3788 col
1167 3725 1412 3807 protonotario
1438 3737 1475 3788 et

188 3833 445 3896 communicato
470 3835 629 3897 consilio,
672 3834 806 3896 Instate
837 3834 1107 3895 ardentemente
1139 3853 1311 3914 appresso
1341 3832 1474 3895 Cesare

189 3952 224 4003 et
248 3941 356 4021 quelli
382 3939 527 4022 Signori
544 3941 701 4023 Principi
718 3941 878 4018 Elettori,
904 3942 969 4001 che
991 3939 1121 4002 Cesare
1147 3951 1181 4002 et
1206 3941 1274 4003 essi
1300 3961 1369 4002 non
1394 3960 1472 4020 per·

188 4056 345 4108 mettano
370 4057 464 4110 sotto
488 4057 589 4110 tanto
614 4047 833 4130 Imperatore
858 4059 893 4108 et
918 4050 944 4108 sl
978 4046 1082 4108 felice
1118 4058 1152 4108 et
1189 4048 1326 4128 grande
1360 4047 1474 4129 Impe-

188 4153 240 4216 rio
266 4164 300 4215 et
325 4175 345 4214 a
370 4164 490 4234 tempo
515 4157 591 4216 loro
625 4156 658 4216 la
684 4153 891 4232 Germania,
923 4156 1028 4233 quale
1058 4173 1197 4235 sempre
1223 4155 1242 4215 ὲ
1270 4166 1362 4216 stata
1394 4153 1472 4215 reli-

188 4259 388 4340 giosissima
413 4270 448 4322 et
472 4261 711 4324 defensatrice
736 4263 831 4324 della
856 4261 983 4323 Chiesa
1008 4260 1176 4322 Romana
1202 4271 1236 4322 et
1262 4259 1357 4322 Sede
1376 4262 1471 4341 Apo·

188 4366 313 4429 stolica
338 4377 373 4429 et
398 4368 463 4429 che
489 4387 552 4447 per
576 4369 624 4431 tal
650 4379 756 4429 conto
782 4368 801 4429 e
826 4377 918 4429 stata
942 4376 1068 4429 ornata
1093 4367 1177 4429 dalli
1202 4366 1336 4429 Summi
1352 4368 1472 4430 Ponti·

188 4472 244 4535 fici
281 4475 375 4536 dello
411 4474 564 4556 Imperio
602 4487 635 4536 et
672 4475 766 4535 della
801 4473 996 4551 Elettione,
1036 4485 1223 4555 postposta
1259 4474 1343 4554 ogni
1380 4476 1471 4537 altra

190 4580 340 4643 >latione
373 4591 408 4642 et
432 4581 533 4643 Italia
559 4593 688 4659 stessa,
722 4582 810 4642 hora
834 4602 854 4642 a
878 4590 982 4663 posta
1014 4582 1058 4642 de
1086 4583 1155 4643 duo
1181 4603 1201 4643 o
1227 4591 1280 4642 tre
1306 4582 1471 4644 scelerati

189 4687 316 4749 ribaldi
341 4687 487 4750 heretici
513 4688 643 4750 declini
668 4688 764 4749 dalla
781 4688 892 4750 Santa
910 4689 1075 4750 Romana
1101 4698 1135 4749 et
1153 4688 1336 4751 Cathollca
1354 4688 1469 4762 Fede;

189 4804 224 4856 et
255 4795 511 4876 persuadeteli‚
546 4796 611 4857 che
640 4795 728 4856 detti
753 4795 900 4857 heretici
925 4816 996 4858 non
1020 4804 1118 4857 tanto
1145 4815 1296 4857 cercano
1322 4806 1470 4859 mettere
