3330 5580
715 451 773 505 (ΗΒ
812 451 942 505 ceti-0

190 598 255 657 che
279 616 451 677 appresso
466 597 534 659 Dio
559 596 672 678 prima
696 609 730 658 et
754 597 814 678 poi
831 598 962 661 Nostro
980 595 1133 679 Signore
1158 608 1193 661 et
1217 609 1308 661 tutto
1333 599 1469 661 l’sacro

191 702 377 785 Colleggio
395 713 574 766 trovarete
599 704 776 786 condegni
799 705 924 785 premii
949 717 984 767 et
1008 705 1134 786 gratie,
1160 716 1195 767 et
1218 704 1276 768 noi
1300 688 1366 785 per
1391 726 1469 787 pro·

190 812 267 891 pria
291 820 412 873 nostra
435 811 580 874 volonta
603 831 709 874 senza
732 811 962 893 requisitione
987 813 1032 874 de
1056 812 1152 891 altri,
1177 833 1198 874 a
1222 822 1343 892 tempo
1367 832 1412 874 ve
1436 814 1469 874 le

190 938 440 998 procureremo
466 926 501 980 et
524 919 773 999 impetraremo
799 939 868 981 non
893 928 982 982 tutto
1008 919 1032 981 il
1055 929 1182 1000 potere
1199 928 1331 982 nostro
1368 917 1469 981 State

190 1025 356 1105 adunque
389 1023 424 1085 di
457 1026 552 1086 bono
585 1024 701 1087 animo
735 1035 770 1086 et
800 1035 1031 1106 perseverate
1059 1045 1158 1087 come
1183 1024 1230 1087 fin
1255 1026 1313 1107 qui
1339 1027 1469 1089 havere

190 1130 285 1192 facto
316 1130 727 1194 constantissimamente.
776 1132 846 1194 Per
879 1133 969 1195 altro
1002 1152 1174 1212 appresso
1199 1132 1234 1194 vi
1258 1132 1288 1194 si
1312 1132 1470 1195 scrivere

189 1237 247 1319 piu
272 1239 417 1319 allongo
447 1247 483 1300 et
505 1238 779 1319 provvederassi
808 1239 843 1301 di
869 1239 930 1319 qui
957 1239 1114 1302 secundo
1142 1238 1223 1301 sera
1250 1252 1468 1320 opportuno,

191 1344 290 1406 Bene
315 1346 441 1409 valete.

278 1452 481 1515 Florentiae
507 1452 638 1514 XXVI
662 1452 847 1515 Februarii
870 1453 1053 1516 MDXXI.

1094 1577 1138 1639 un
1157 1577 1203 1647 ln,
1226 1579 1433 1629 vtceeancenar.

803 1998 856 2062 29.

555 2105 880 2187 vicecancellarius
908 2104 1098 2186 Alcanore.

624 2252 766 2321 (Fundet
787 2253 913 2311 German,
931 2251 962 2309 L.
982 2251 1034 2319 28.)

410 2371 461 2437 (Ex
481 2372 617 2420 Florentia
637 2385 678 2435 27.
697 2374 776 2425 Febr.
798 2399 831 2407 —
850 2374 980 2420 Wormat
1003 2384 1026 2422 2.
1047 2371 1136 2420 Martii
1159 2369 1244 2439 1521.)

279 2497 327 2560 Se
360 2497 394 2559 io
420 2518 490 2558 non
515 2496 612 2559 fusse
637 2498 806 2559 talmente
831 2515 1003 2576 oppresso
1028 2496 1063 2556 di
1087 2495 1238 2557 facende
1263 2505 1299 2556 et
1322 2496 1469 2577 negotii,

190 2625 290 2666 coine
324 2625 363 2666 sa
389 2604 431 2667 V.
458 2604 492 2666 S.
523 2614 558 2666 et
590 2624 659 2665 non
684 2622 830 2684 sapeese
855 2605 921 2665 che
945 2603 1063 2684 quella
1087 2623 1157 2665 non
1181 2603 1252 2683 puo
1281 2602 1468 2684 respirare,

190 2711 348 2773 crederei
373 2713 408 2773 la
432 2710 501 2772 mia
517 2731 538 2771 o
555 2712 589 2772 la
604 2731 667 2773 sua
684 2721 780 2773 sorte
796 2730 914 2772 essere
932 2710 1117 2790 megliore;
1144 2730 1200 2771 ma
1217 2712 1468 2792 cognoscendo

189 2828 280 2880 tutto
305 2819 325 2879 l'
344 2818 524 2900 opposito,
549 2838 616 2880 non
641 2838 761 2901 veggo
786 2817 918 2899 perche
943 2817 965 2878 li
991 2820 1109 2880 debba
1134 2817 1289 2880 scrivere
1313 2819 1469 2880 secondo

189 2925 235 2986 mi
259 2924 394 2988 ricerca
418 2946 482 3006 per
508 2928 540 2987 la
564 2945 627 2987 sua
652 2925 687 2987 di
704 2925 791 2998 X[l;
816 2924 952 3005 impero
970 2926 1048 2987 chel
1065 2925 1217 3006 bisogno
1234 2925 1318 2988 delli
1334 2924 1469 3007 negotii

190 3031 218 3093 si
236 3043 425 3096 commette
442 3034 487 3094 da
503 3033 624 3096 Roma
641 3044 676 3095 et
693 3032 716 3094 li
733 3031 835 3094 affari
860 3030 918 3113 qui
943 3052 1030 3094 sono
1056 3034 1164 3093 molto
1188 3031 1368 3095 differenti
1385 3032 1469 3094 delli

189 3139 269 3201 altri
294 3137 392 3219 costi,
417 3150 453 3202 et
476 3139 512 3201 di
537 3160 699 3202 recreare
726 3139 768 3201 V.
787 3136 821 3203 S
848 3158 914 3201 con
938 3140 972 3200 le
997 3138 1064 3200 mie
1089 3140 1215 3200 lettere
1241 3138 1261 3199 ὸ
1285 3147 1384 3200 tanto
1408 3138 1468 3200 im-

188 3248 388 3327 pertinente
423 3248 479 3309 all'
502 3246 730 3310 insufitientia
765 3255 800 3308 et
836 3245 1096 3327 occuppatione
1132 3246 1202 3307 mia
1237 3255 1370 3326 quanto
1407 3244 1467 3327 piu

188 3364 309 3434 presto
343 3354 377 3416 io
410 3364 520 3436 tengo
552 3354 704 3435 bisogno
738 3353 773 3414 di
808 3352 920 3416 simile
953 3352 1138 3417 medicina.
1193 3352 1365 3415 Existimo
1390 3354 1469 3415 chel

188 3461 346 3523 remedio
377 3461 460 3524 delli
494 3460 668 3523 communi
698 3459 831 3523 affanni
855 3460 1008 3522 consista
1033 3459 1066 3523 in
1091 3460 1306 3543 supportarli
1330 3460 1469 3541 pacien-

189 3576 344 3631 temente
368 3582 404 3629 et
427 3568 462 3630 in
486 3566 602 3630 fructu
627 3588 744 3630 rerum
767 3570 859 3630 bene
883 3578 1079 3649 gestarum,
1111 3570 1144 3631 el
1168 3569 1273 3649 quale
1297 3577 1469 3648 quantun-

189 3694 258 3756 que
282 3694 351 3737 non
376 3674 405 3736 si
429 3693 548 3757 vegga
572 3672 646 3737 cosi
670 3676 740 3737 alla
764 3676 896 3756 palese‚
922 3673 941 3734 ὸ
962 3674 1049 3754 pero
1067 3685 1151 3737 noto
1167 3676 1238 3737 alla
1253 3674 1469 3756 gratitudine

190 3782 244 3843 de’
261 3781 418 3859 Patroni,
443 3781 466 3844 li
492 3782 586 3863 quali
612 3790 759 3845 sentano
780 3782 825 3842 de
843 3781 885 3844 V.
903 3778 939 3842 S.
958 3782 1076 3863 quello
1092 3784 1157 3844 che
1175 3794 1210 3843 et
1225 3782 1469 3845 meritamente

190 3891 356 3953 debbono
390 3900 425 3952 et
457 3893 489 3952 le
520 3890 613 3952 virtu
642 3900 678 3951 et
710 3892 803 3951 bone
834 3888 968 3969 qualita
997 3908 1058 3950 sue
1084 3888 1276 3951 ricercano
1325 3888 1388 3951 Cui
1414 3910 1469 3951 me

189 3997 375 4077 plurimum
400 3998 618 4062 commendo.
666 3996 867 4059 Florentiae
894 3996 1043 4058 XXVII
1060 3995 1245 4058 Februarii
1262 3995 1446 4058 MDXXI.

1237 4137 1297 4200 ier.
1317 4137 1361 4198 Pr.

1161 4228 1432 4278 vice-Cancellarius.
