3330 5580
712 463 769 519 ΗΞ
808 464 862 521 203
901 463 958 518 ΕΗ

188 626 279 697 apta
303 616 349 677 ad
374 614 578 683 sollicitare:
608 635 682 694 ma,
714 635 781 695 pur
809 615 875 675 che
905 614 926 676 ’l
957 612 1132 675 beneficio
1164 613 1191 675 si
1221 615 1372 676 collochi
1403 617 1472 677 ben

190 733 380 804 reputamo
406 731 501 783 tucte
525 722 558 783 le
582 720 715 783 fatiche
740 721 784 783 ed
809 741 920 802 opere
944 723 1037 785 bene
1054 741 1175 803 spese;
1201 741 1257 784 ma
1282 721 1476 786 certificate

190 828 217 890 il
243 831 370 891 doctor
393 825 567 909 Spieghel
591 831 657 890 che
683 848 720 889 se
746 829 864 909 quella
889 827 1081 890 universita
1106 828 1185 890 sara
1210 827 1352 910 ingrata
1376 851 1476 893 come

192 937 227 998 in
254 947 381 1017 questa
404 935 544 998 heresia
569 936 679 999 altino
704 937 750 997 ha
774 935 870 997 facto
896 955 1019 1017 segn0,
1045 936 1078 997 el
1102 945 1193 998 tutto
1223 935 1253 997 si
1281 939 1476 999 revocherh

194 1054 230 1105 et
256 1043 408 1105 userassi
434 1054 558 1105 contra
582 1045 659 1105 loro
683 1043 802 1123 quella
825 1041 978 1104 severita
1003 1043 1068 1104 che
1093 1043 1121 1103 si
1145 1042 1279 1105 ricerca
1304 1055 1428 1106 contro
1454 1046 1477 1106 li

194 1149 270 1230 figli
294 1150 436 1230 ingrati.

285 1256 389 1319 Nella
414 1277 521 1319 causa
545 1256 579 1317 di
606 1255 780 1339 Capitone
805 1257 828 1319 li
853 1255 964 1318 nostri
989 1256 1021 1317 ci
1045 1255 1154 1317 fermo
1178 1255 1364 1319 intendere
1388 1268 1477 1321 tutte

196 1364 228 1425 le
253 1364 388 1425 minute
413 1383 532 1426 essere
555 1362 645 1425 fatte
670 1371 705 1425 et
728 1365 821 1425 bene
846 1363 1013 1425 acconcie
1038 1373 1073 1423 et
1096 1372 1232 1425 restare
1257 1366 1333 1426 solo
1365 1366 1430 1426 che
1457 1366 1476 1427 ’l

197 1469 407 1532 sollicitator
431 1469 464 1531 d'
481 1490 560 1532 esso
578 1469 750 1551 Capitone
767 1469 888 1531 mostri
906 1479 1003 1532 certa
1027 1470 1202 1551 scriptura
1226 1472 1258 1532 al
1277 1472 1372 1533 Rmo
1397 1472 1476 1534 Car-

197 1576 316 1638 dinale
342 1577 385 1638 de
412 1576 533 1639 Sancti
559 1575 728 1656 Quattro,
753 1578 857 1658 quale
882 1578 928 1638 ha
951 1596 1017 1658 per
1040 1597 1104 1638 sua
1127 1597 1238 1657 opera
1262 1597 1368 1659 preso
1394 1600 1479 1642 cura

197 1685 230 1745 di
255 1683 474 1765 gratificarlo
504 1694 539 1746 et
562 1705 628 1764 per
652 1683 872 1765 negligentia
897 1684 954 1745 del
979 1683 1074 1745 dicto
1099 1683 1328 1748 sollicitatore
1353 1707 1479 1749 manca

198 1792 262 1853 che
288 1811 359 1852 non
384 1790 413 1852 si
437 1810 546 1872 possa
570 1791 743 1871 expedire
768 1789 802 1852 in
835 1799 925 1852 tutto
958 1792 1029 1851 tale
1061 1791 1225 1872 materia,
1259 1805 1294 1854 et
1326 1795 1476 1855 maxime

198 1898 328 1978 perche
353 1897 382 1959 si
407 1898 571 1960 desidera
595 1898 675 1960 iarli
700 1897 816 1978 gratia
840 1918 940 1959 come
965 1897 993 1959 si
1018 1897 1110 1959 deve
1138 1899 1184 1961 ad
1215 1919 1285 1960 uno
1319 1900 1477 1962 virtuoso
1579 1917 1580 1920 ’

198 2008 261 2067 che
296 2006 342 2067 da
374 2005 422 2067 lui
454 2006 488 2066 la
517 2004 612 2066 Sede
647 2004 857 2086 Apostolica
889 2003 983 2084 speri
1015 2005 1111 2066 bona
1142 2006 1370 2087 gratitudine.
1426 2008 1477 2069 La

198 2113 317 2174 chiesa
343 2112 655 2193 Havelbergense,
685 2132 784 2174 come
817 2131 883 2193 per
914 2113 1003 2173 altre
1031 2113 1202 2175 haverete
1226 2113 1342 2175 inteso
1368 2116 1385 2176 ὲ
1411 2135 1477 2196 pur

199 2220 369 2303 expedita
392 2220 427 2281 in
452 2219 555 2281 favor
572 2221 630 2281 del
655 2240 810 2282 vescovo
826 2218 1089 2301 Brandeburgh
1111 2230 1146 2282 et
1162 2219 1297 2283 rimone
1321 2241 1476 2284 vescovo

198 2329 241 2387 de
265 2327 287 2388 l'
304 2347 374 2389 una
399 2336 435 2388 et
459 2327 478 2388 l’
496 2329 587 2389 altra
610 2327 731 2390 chiesa
755 2335 790 2388 et
814 2335 905 2387 tutto
930 2325 964 2386 in
990 2326 1107 2406 gratia
1131 2327 1189 2389 del
1208 2325 1362 2407 Signore
1386 2329 1476 2391 Mar·

200 2435 323 2510 chese,
349 2433 407 2494 del
436 2433 532 2495 Rmo
557 2434 767 2513 Magantino
803 2443 839 2495 et
869 2434 982 2494 anche
1018 2453 1081 2493 sua
1113 2434 1264 2495 essendo
1295 2443 1394 2499 tanto
1423 2456 1477 2499 ec·
1536 2434 1537 2438 ’

200 2539 397 2602 clesiastico
423 2549 458 2601 et
482 2540 614 2602 devoto
631 2539 665 2601 di
682 2549 806 2620 questa
821 2547 945 2600 sancta
965 2536 1060 2601 Sede
1077 2558 1177 2602 come
1201 2539 1260 2601 voi
1283 2542 1478 2621 predicate.

287 2645 333 2708 Se
357 2646 379 2708 ’l
403 2646 591 2708 Marchese
624 2666 695 2708 non
729 2667 929 2708 remanesse
964 2646 1147 2709 satisfacto
1180 2647 1238 2709 del
1270 2649 1375 2711 modo
1407 2670 1475 2710 ser-

202 2765 281 2815 vato
305 2753 341 2814 in
367 2754 453 2815 dare
477 2756 509 2815 la
536 2775 657 2815 mensa
681 2755 714 2815 al
738 2754 1113 2834 Brandenburghense
1134 2754 1207 2816 dite
1224 2776 1244 2817 a
1261 2753 1333 2817 Sua
1351 2754 1476 2837 Signo-

203 2861 250 2922 ria
273 2861 303 2923 si
337 2861 357 2922 e
389 2861 485 2923 facto
518 2881 584 2942 per
616 2881 830 2924 conservare
863 2861 887 2923 li
919 2861 1063 2942 capituli
1095 2861 1130 2923 di
1159 2861 1352 2925 Germania
1384 2865 1478 2926 nella

204 2987 261 3029 sua
285 2968 413 3029 liberta
438 2970 483 3030 de
507 2972 695 3051 eleggere‚
728 2971 761 3030 la
792 2969 896 3049 quale
927 2968 1041 3030 insino
1074 2974 1131 3048 qul
1157 2989 1227 3030 non
1253 2968 1273 3031 e
1296 2969 1366 3031 mai
1399 2980 1477 3031 suta

205 3073 348 3147 violata;
373 3096 461 3157 pure
487 3076 528 3138 N.
547 3074 584 3139 S.
600 3097 666 3158 per
683 3088 855 3137 mostrare
879 3076 924 3136 ad
949 3073 1022 3137 Sua
1046 3074 1213 3157 Signoria
1237 3078 1304 3139 che
1328 3077 1362 3139 in
1386 3085 1477 3138 tutto

205 3182 364 3244 desidera
388 3182 469 3246 farli
493 3184 610 3264 gratia
634 3184 715 3245 sara
739 3193 906 3244 contento
931 3184 996 3244 che
1019 3182 1055 3244 in
1080 3185 1115 3245 la
1138 3184 1235 3245 bolla
1259 3183 1288 3245 si
1305 3183 1478 3264 expedita

206 3309 306 3371 supra
336 3301 463 3371 questa
491 3292 611 3353 chiesa
635 3311 699 3372 per
726 3291 1072 3370 Brandeburghense
1105 3311 1174 3351 non
1200 3289 1228 3351 si
1259 3290 1419 3371 exprime
1445 3291 1478 3351 la

206 3398 360 3459 cessione
386 3398 488 3460 delo
513 3401 628 3460 electo
653 3419 756 3476 over,
791 3408 827 3459 et
851 3409 976 3477 questo
1001 3417 1066 3478 per
1095 3396 1275 3477 singulare
1300 3397 1417 3476 gratia
1442 3396 1476 3457 di

206 3502 273 3566 Sua
296 3498 535 3582 lleatitudihe,
560 3505 744 3566 tacendosi
770 3525 837 3585 pur
860 3505 956 3566 dicta
983 3503 1155 3582 cessione,
1181 3505 1246 3566 che
1270 3504 1480 3585 providetur

207 3609 536 3693 Brandeburgensis
559 3612 604 3673 de
630 3612 915 3691 Havelbergensi
941 3613 985 3672 ad
1012 3611 1285 3673 nominationem
1302 3610 1392 3672 Illmi
1409 3610 1477 3672 Dni

207 3716 427 3782 Marchionis.
477 3718 545 3781 Voi
569 3729 689 3780 tenete
713 3719 747 3780 in
774 3738 878 3780 mano
903 3716 962 3798 pin
988 3719 1053 3778 che
1077 3730 1220 3799 possete
1245 3727 1281 3780 et
1305 3719 1479 3798 spendete

206 3826 236 3887 la
258 3837 401 3890 moneta
428 3828 504 3888 solo
538 3847 603 3907 per
634 3837 760 3907 questo
792 3838 897 3887 conto
929 3826 1086 3886 secondo
1117 3827 1151 3886 la
1183 3824 1374 3894 necessita:
1408 3846 1477 3887 non

207 3934 441 4014 promittendo
466 3936 498 3996 al
524 3933 578 3995 8το
602 3934 789 3995 Marchese
814 3935 906 3994 ultra
930 3933 1048 4013 quello
1073 3953 1111 3994 se
1135 3933 1193 4014 glc
1219 3933 1320 4009 dato,
1353 3952 1392 3993 se
1423 3931 1474 3993 far

207 4060 238 4100 se
261 4042 368 4123 potra
392 4041 427 4102 di
453 4061 596 4120 manco,
626 4062 684 4102 ma
717 4040 967 4122 persuadendo
996 4060 1059 4101 sua
1092 4039 1251 4119 signoria
1285 4058 1351 4100 con
1383 4040 1478 4100 bono

208 4149 305 4209 modo
329 4148 415 4209 resti
439 4148 626 4227 obbligata
643 4148 688 4208 ad
706 4147 746 4209 N.
764 4146 817 4207 8¹¹⁰
841 4148 935 4208 della
955 4146 1071 4226 gratia
1095 4145 1191 4207 facta
1215 4147 1281 4206 che
1305 4145 1339 4207 in
1366 4144 1478 4207 verita

207 4253 222 4314 ὲ
243 4254 489 4334 grandissima.

288 4363 392 4424 Delle
418 4364 507 4423 altre
531 4362 647 4442 gratie
672 4362 705 4422 in
732 4373 834 4441 parte
859 4361 917 4440 gia
946 4360 981 4422 vi
1006 4360 1034 4422 si
1059 4381 1147 4422 sono
1182 4362 1347 4422 mandate
1379 4379 1479 4422 come

207 4471 317 4547 quella
342 4469 455 4550 peril
480 4470 670 4531 substituto
696 4470 753 4530 del
779 4469 864 4530 Rdo
882 4468 998 4529 Padre
1014 4467 1227 4529 Confessore
1252 4467 1327 4529 cine
1352 4466 1375 4528 il
1394 4466 1477 4528 Pro·

207 4575 452 4654 thonotariato‚
477 4576 510 4637 in
537 4576 558 4638 l’
573 4578 664 4638 altre
690 4597 758 4638 non
785 4576 813 4636 si
839 4574 1027 4637 manchera
1061 4573 1116 4636 far
1147 4584 1237 4636 tutto
1269 4575 1387 4654 quello
1413 4575 1478 4634 che

207 4701 265 4744 con
299 4682 449 4744 honesti
480 4683 509 4744 si
540 4703 657 4765 possa.
715 4683 757 4744 N.
799 4684 835 4745 S.
868 4693 1014 4761 aspecta
1047 4680 1232 4744 intendere
1264 4683 1329 4743 che
1363 4680 1478 4742 fructo

206 4789 308 4852 habbi
333 4791 509 4871 producto
534 4793 568 4853 lo
601 4793 731 4854 havere
761 4793 884 4853 voluto
916 4790 1117 4851 introdurre
1148 4789 1302 4850 Martino
1334 4789 1368 4849 al
1400 4808 1477 4850 con-
