3344 5564
708 467 766 536 (ΗΒ
807 457 858 535 isa
896 456 954 535 do

194 623 298 711 quum
327 628 558 690 Arrianorum
584 637 619 689 et
642 627 904 706 Montanorum,
929 627 1221 692 Photinianorum
1247 629 1328 693 item
1347 630 1473 693 Nesto·

192 736 371 798 rianorum
407 745 442 796 et
466 734 798 812 Euthiebianorum,
837 744 872 796 et
904 734 1052 797 aliorum
1086 735 1325 800 hereticorum
1349 738 1475 818 libroS,

193 844 251 925 pia
277 853 312 905 et
337 842 512 905 catholica
536 843 644 904 multa
676 841 899 903 continentes
930 841 1098 923 religiosa
1122 843 1298 906 exusserit
1321 844 1473 927 antiqui·

193 960 258 1013 tas.
305 950 409 1012 Nulla
435 949 527 1012 enim
545 958 598 1011 est
622 950 667 1010 ad
691 947 885 1010 fallendum
902 946 1082 1010 efficacior
1097 949 1259 1013 doctrina
1273 971 1380 1032 quam
1403 972 1474 1033 que

194 1059 309 1122 multis
334 1057 439 1132 veris,
464 1076 579 1138 pauca
603 1056 694 1118 salsa
718 1055 874 1118 misceat.
921 1054 989 1136 Qui
1014 1065 1130 1119 autem
1163 1067 1343 1139 postremo
1367 1069 1404 1122 te
1430 1080 1473 1121 eo

193 1165 321 1247 recipis
346 1174 382 1227 et
405 1164 568 1244 confugis
591 1162 753 1242 Martine,
779 1183 848 1244 quo
874 1183 996 1225 omnes
1019 1162 1164 1226 heretici
1190 1185 1228 1227 se
1252 1163 1413 1247 recipere
1439 1177 1474 1229 et

193 1272 388 1352 confugere
417 1278 695 1342 consueverunt;
731 1278 892 1351 paratum
918 1269 1053 1331 scilicet
1077 1291 1155 1334 esse
1179 1281 1232 1353 te,
1264 1293 1341 1335 cum
1367 1274 1473 1336 homo

194 1380 252 1459 sis,
277 1378 336 1460 qui
349 1378 421 1440 labi
448 1389 482 1440 et
509 1377 582 1439 falli
606 1376 732 1458 possiS,
756 1398 777 1440 a
801 1396 1024 1458 quocumque
1048 1398 1182 1440 summo
1207 1380 1264 1441 vel
1280 1378 1401 1442 infimo
1426 1402 1474 1442 ex

193 1486 303 1548 sacris
327 1486 453 1547 litteris
476 1470 761 1546 informationem
778 1483 950 1564 recipere,
975 1483 1147 1547 neminem
1166 1494 1284 1548 tamen
1301 1487 1474 1549 hactenus

194 1593 320 1671 fuisse,
349 1591 408 1673 qui
432 1592 468 1653 id
492 1591 611 1653 facere
636 1600 864 1672 temptasset,
901 1610 1030 1672 equum
1055 1600 1227 1672 putarem,
1253 1594 1348 1673 quod
1373 1593 1473 1674 dicis,

194 1702 317 1763 sinon
344 1718 465 1761 omnes
488 1698 636 1760 heretici
661 1698 753 1759 idem
779 1717 919 1779 semper
944 1697 1163 1760 fastitassent
1198 1708 1234 1760 et
1256 1700 1284 1761 si
1302 1720 1372 1763 non
1390 1720 1473 1782 que-

194 1809 417 1870 madmodum
443 1816 477 1867 et
502 1804 582 1887 ipsi,
607 1815 643 1867 tu
668 1825 733 1886 pro
758 1803 905 1867 arbitrio
931 1815 965 1867 et
989 1804 1039 1866 tui
1064 1805 1190 1886 capitis
1214 1816 1328 1887 motu,
1352 1827 1475 1870 sacras

194 1916 330 1977 litteras
355 1913 553 1975 intellectas
579 1932 657 1974 esse
682 1912 787 1988 velis,
818 1911 918 1992 sique
942 1933 1113 1975 novarum
1137 1923 1272 1976 tantum
1290 1903 1475 1994 berosum,

194 2032 229 2084 et
253 2042 322 2084 non
341 2020 554 2082 iamdudum
569 2020 885 2081 condemnatorum
900 2029 1056 2081 assertor
1069 2019 1297 2093 accessisses;
1321 2021 1477 2102 plurima
1551 2037 1553 2040 ’

194 2131 285 2192 enim
311 2148 432 2190 eorum
457 2147 526 2207 que
551 2126 699 2188 adducis
722 2126 967 2207 Pegardorum
990 2136 1081 2204 sunt,
1106 2125 1351 2189 Waldensium
1380 2141 1475 2208 sunt,

194 2237 394 2315 Pauperum
419 2235 464 2295 de
482 2233 657 2313 lugduno
682 2242 773 2309 sunt,
800 2231 949 2294 Wicleff
965 2241 1000 2293 et
1018 2232 1150 2314 Huysz,
1174 2242 1210 2296 et
1232 2233 1380 2297 aliorum
1402 2235 1475 2298 iam

194 2343 324 2403 dudum
350 2340 555 2402 sinodaliter
581 2341 730 2419 explose
755 2340 908 2401 hereses
957 2339 1040 2417 ista,
1066 2360 1109 2402 ne
1125 2339 1293 2403 refricare
1318 2341 1352 2403 in
1369 2361 1475 2422 ques·

194 2450 323 2511 tionem
350 2456 385 2509 et
410 2446 684 2527 disputationem
709 2447 850 2507 trahere
884 2448 1049 2526 oportet?
1074 2466 1142 2526 que
1168 2446 1328 2509 Ecclesia
1343 2447 1475 2511 Catho-

194 2557 261 2618 lica
282 2554 494 2637 judicialiter
520 2552 778 2626 determinavit,
804 2537 931 2632 quein
950 2572 1043 2632 usus,
1068 2553 1155 2615 ritus
1171 2562 1206 2614 et
1223 2554 1477 2618 observantias

193 2664 418 2740 transierunt,
444 2680 512 2741 que
536 2671 656 2741 patres
680 2658 789 2721 nostri
815 2669 912 2720 certa
934 2658 1004 2721 fide
1029 2670 1228 2741 tenuerunt,
1252 2681 1318 2742 pro
1343 2663 1477 2742 quibus

193 2773 290 2834 nulla
323 2789 393 2830 non
427 2788 620 2848 poenarum
646 2785 790 2846 genera,
815 2767 911 2828 nulla
937 2786 1004 2828 non
1031 2776 1207 2829 tormenta
1230 2767 1476 2852 pertulissent,

193 2879 298 2939 immo
334 2875 428 2937 mille
464 2884 594 2936 mortes
630 2873 730 2935 ritius
770 2873 980 2953 subiissent,
1024 2894 1130 2955 quam
1163 2894 1305 2956 quaqua
1345 2895 1477 2939 versus

194 2988 239 3047 ab
263 2983 332 3046 illis
365 2981 618 3053 declinassent;
653 2989 689 3043 et
719 2992 756 3042 tu
790 3001 855 3043 nos
879 3000 900 3042 a
924 2980 1068 3059 semita,
1102 3001 1171 3062 qua
1202 2990 1324 3062 patres
1348 2983 1477 3064 nostri,

193 3090 345 3151 fideliter
369 3089 589 3150 incesserunt
613 3087 667 3149 vis
692 3087 921 3150 deorbitare?

283 3194 376 3275 Quid
401 3196 489 3256 haec
515 3194 701 3255 audientes
726 3193 845 3256 dicent
869 3193 982 3273 Judei,
1008 3193 1091 3275 quid
1116 3195 1241 3274 Turce,
1267 3194 1351 3276 quid
1367 3192 1476 3259 Sara-

194 3301 272 3363 ceni
297 3310 332 3362 et
355 3299 424 3362 alie
449 3310 546 3362 secte
570 3299 651 3363 fidei
673 3311 793 3363 nostre
809 3302 1063 3364 adversantes?
1111 3300 1224 3382 Quam
1247 3303 1478 3367 solverentur

193 3409 228 3471 in
265 3408 448 3471 cachinosl
488 3428 592 3488 quam
626 3410 903 3470 subsannarent!
939 3429 1030 3470 nunc
1064 3409 1214 3489 primum
1251 3409 1478 3474 Christianos

194 3516 375 3597 disputare
409 3534 491 3593 nos,
527 3535 571 3576 an
608 3515 779 3576 hactenus
813 3514 911 3577 recte
945 3516 1206 3578 crediderimus
1254 3515 1334 3577 Noli
1360 3537 1478 3597 queso

193 3621 364 3702 Martine,
400 3621 472 3683 noli
496 3621 560 3683 tibi
586 3641 772 3702 arrogare,
811 3623 905 3702 quod
930 3631 967 3683 tu
992 3622 1058 3702 sis,
1092 3634 1128 3684 tu
1154 3622 1297 3704 inquam
1321 3643 1411 3685 unus
1440 3637 1478 3688 et

193 3731 287 3792 solus
311 3729 369 3808 sis,
395 3728 452 3810 qui
478 3728 660 3791 scientiam
685 3727 938 3810 scripturarum
962 3730 1115 3808 habeas,
1140 3729 1199 3810 qui
1223 3749 1345 3791 verum
1370 3751 1478 3794 sacre

192 3837 366 3918 scripture
384 3856 524 3898 sensum
543 3837 681 3897 teneas!
708 3856 810 3916 quem
829 3835 1054 3898 sacratissimi
1070 3837 1235 3898 doctores
1251 3835 1286 3898 in
1303 3838 1477 3919 explana-

193 3944 288 4007 tione
313 3943 575 4024 scripturarum,
601 3943 726 4004 diebus
748 3945 916 4005 sudantes
941 3953 976 4005 et
1000 3942 1174 4022 noctibuS,
1199 3962 1329 4024 magno
1347 3944 1478 4007 labore

193 4061 228 4114 et
252 4051 368 4113 studio
393 4051 572 4112 consecuti
597 4059 686 4112 sunt.

281 4158 335 4220 Ne
356 4157 517 4239 juditium
542 4167 639 4220 tuum
663 4166 716 4218 tot
740 4156 943 4219 clarissimis
966 4157 1051 4219 viris
1075 4155 1311 4237 preposueris,
1342 4176 1385 4217 ne
1405 4156 1478 4220 tibi

192 4268 272 4347 plus
308 4265 469 4327 omnibus
505 4284 632 4345 sapere
665 4264 838 4342 videaris,
872 4285 916 4325 ne
942 4265 1198 4327 sanctissimam
1222 4262 1329 4325 fidem
1353 4264 1477 4326 ortho-

193 4373 322 4434 doxam
358 4371 392 4433 in
427 4371 569 4433 dubium
602 4370 843 4450 revocaveris,
879 4391 983 4451 quam
1008 4370 1168 4434 Christus
1192 4369 1478 4452 perfectissimus

192 4479 376 4560 legislator
400 4477 561 4558 instituit,
586 4477 751 4558 Apostoli
774 4498 838 4559 per
855 4481 978 4541 orbem
994 4488 1166 4540 terrarum
1184 4478 1478 4559 divulgaverunt,

193 4586 360 4647 miracula
378 4585 656 4662 elucidaverunt,
680 4584 845 4645 Martires
860 4585 1001 4647 rubenti
1017 4585 1189 4667 sanguine
1206 4583 1478 4666 confirmarunt,

193 4713 297 4773 quam
327 4692 456 4755 deinde
486 4691 576 4753 sacri
601 4692 765 4753 doctores
790 4692 1044 4773 prophetarum
1069 4694 1221 4753 obscura
1245 4690 1478 4773 disserentes,

193 4809 228 4861 et
251 4809 322 4862 tam
347 4800 429 4861 novi
454 4820 558 4880 quam
583 4797 713 4860 veteris
730 4797 950 4861 instrumenti
965 4800 1168 4861 revelantes
1184 4796 1337 4860 maxima
1354 4817 1476 4862 sacra-
