3330 5580
717 447 775 497 0-3'l
813 448 848 500 56
888 448 945 499 “w

190 593 224 652 di
255 591 318 653 l)i0
350 590 504 653 sodist‘ar
536 593 594 654 alli
627 591 795 653 desiderii
821 603 855 653 et
886 594 1169 656 comandamenti
1200 594 1236 656 di
1268 598 1405 677 quella,
1439 599 1474 659 la

189 701 269 780 qual
296 719 334 760 se
359 698 467 779 degni
492 701 547 761 lar
571 700 647 761 fare
672 700 773 761 costa
796 701 946 780 qualche
971 704 1089 764 buone
1114 702 1264 765 orationi
1290 714 1326 766 et
1350 726 1371 765 a
1394 725 1473 767 essa

189 825 253 887 per
278 804 371 867 mille
396 807 492 867 volte
517 808 604 869 baso
629 809 662 868 le
687 805 796 883 mani,
820 808 1033 889 pregandoli
1057 812 1152 872 bona
1176 812 1284 892 longa
1308 819 1343 872 et
1368 811 1473 875 felice

190 911 261 973 vita
285 911 431 974 insieme
457 932 522 975 con
548 915 580 975 el
606 911 848 975 Sanctissimo.
886 913 1107 978 Wormatiae
1132 937 1177 979 ex
1201 901 1283 980 aula
1307 918 1473 981 Caesaris

191 1019 263 1081 XII
288 1018 473 1081 Februarii
497 1020 681 1082 MDXXI.
1392 1031 1395 1035 ’

725 1198 883 1210 ΝἉΜἉΛ-νόν
887 1198 907 1209 At
914 1198 923 1210 R

804 1430 856 1495 22.

526 1538 735 1618 Aloander
763 1538 1137 1620 vicecancellario.

667 1666 765 1734 (liunt.
784 1667 873 1726 Gom
892 1667 923 1725 t.
941 1667 1008 1729 131.)

553 1772 603 1834 (Ex
623 1771 772 1820 Wormatia
791 1771 834 1818 die
857 1783 896 1833 14.
918 1772 995 1818 Febr.
1019 1768 1106 1838 1521.)

278 1880 453 1942 Havendo
479 1879 564 1961 oggi
589 1856 703 1940 inteso
736 1879 816 1939 chel
847 1876 981 1939 corrier
1013 1880 1045 1940 el
1070 1880 1153 1959 qual
1178 1901 1239 1943 era
1262 1901 1327 1960 per
1359 1883 1472 1963 partir

189 1987 249 2067 gia
272 1997 325 2048 tre
350 1986 483 2068 giorni,
513 2007 584 2048 non
617 2005 677 2048 era
702 2005 811 2046 ancor
834 1984 982 2066 partit0,
1011 1985 1058 2047 mi
1083 1987 1129 2047 ho
1154 1985 1243 2048 fatto
1267 1988 1424 2051 restituir
1448 1989 1472 2051 il

187 2095 376 2175 pacchetto
395 2094 439 2156 de
455 2093 522 2156 mie
547 2096 673 2156 lettere
699 2102 734 2155 et
757 2091 958 2174 aggiuntoli
982 2102 1108 2173 questa
1133 2113 1198 2175 per
1213 2095 1248 2156 la
1265 2097 1346 2175 qual
1365 2095 1471 2176 signi-

188 2200 262 2264 fico
290 2222 311 2263 a
344 2200 387 2262 V.
420 2199 455 2263 S.
490 2201 566 2263 Ru
604 2205 704 2262 come
740 2197 805 2261 ieri
842 2199 957 2279 primo
989 2197 1024 2261 di
1063 2199 1098 2261 di
1121 2200 1330 2280 Quaresima
1361 2203 1471 2284 dopoi

187 2329 318 2389 pranso
335 2308 370 2370 in
389 2316 566 2370 conventu
582 2306 869 2387 frequentissimo
881 2305 1045 2369 Caesaris
1061 2306 1260 2389 principum
1276 2310 1470 2373 electorum

188 2416 352 2495 omnium,
377 2425 530 2495 excepto
556 2411 702 2476 Saxone
727 2413 786 2494 qui
819 2412 997 2475 simulavit
1028 2413 1204 2476 sinistram
1230 2415 1470 2479 valetudinem

189 2532 223 2584 et
254 2522 384 2584 mando
418 2541 482 2583 suo
507 2523 735 2583 locotenente
759 2539 827 2582 con
852 2519 969 2581 alcuni
993 2521 1225 2605 conseglieri,
1261 2532 1297 2586 et
1320 2524 1470 2588 aliorum

189 2627 392 2708 Principum
428 2638 499 2689 tam
533 2627 863 2690 Ecclesiasticorum
900 2647 1006 2708 quam
1043 2628 1211 2692 laicorum
1248 2640 1283 2692 et
1315 2632 1470 2695 omnium

188 2746 340 2797 statuum
371 2744 407 2796 et
437 2734 599 2796 ordinum
624 2734 768 2817 Imperii
802 2754 843 2795 ac
876 2734 1030 2796 omnium
1055 2736 1282 2800 consiliorum
1307 2737 1471 2802 Caesaris

187 2841 295 2903 habui
319 2841 541 2904 horationem
565 2861 632 2922 per
654 2840 741 2904 forsi
763 2851 816 2903 tre
831 2842 918 2902 hore
935 2851 970 2902 et
985 2841 1056 2923 piu,
1081 2845 1177 2906 nella
1194 2846 1277 2924 qual
1293 2848 1470 2909 ancorche

187 2950 220 3011 io
245 2950 395 3011 havesse
419 2950 552 3011 havuto
583 2968 696 3028 pocco
731 2947 846 3029 spatio
878 2968 900 3010 a
923 2948 1103 3030 pensarci,
1127 2951 1260 3031 perche
1285 2954 1336 3032 (ut
1360 2952 1469 3034 scrip·

187 3053 316 3139 seram)
348 3056 424 3117 solo
456 3056 498 3118 el‘
524 3053 559 3117 di
591 3055 712 3118 avanti
737 3055 869 3117 Caesar
900 3055 945 3117 mi
977 3057 1092 3118 havea
1124 3076 1319 3122 commesso
1344 3061 1410 3122 che
1436 3061 1470 3123 io

187 3182 425 3245 proponesse;
450 3164 652 3242 tuttavolta,
673 3183 738 3244 per
753 3165 865 3224 haver
880 3162 940 3245 gia
956 3173 1053 3225 tante
1068 3166 1166 3227 volte
1181 3174 1327 3228 trattato
1344 3180 1471 3248 questa

187 3270 379 3332 maledetta
403 3270 551 3332 materia
573 3278 610 3343 et
634 3280 705 3332 tam
727 3269 893 3351 privatim
909 3289 1014 3351 quam
1032 3271 1173 3350 publice
1190 3274 1387 3354 parlatone,
1413 3295 1470 3338 me

188 3377 302 3439 trovai
327 3397 394 3439 con
418 3378 453 3438 la
477 3376 594 3457 gratia
618 3378 663 3439 de
684 3376 754 3439 Dio
779 3375 807 3439 si
831 3376 867 3438 in
892 3377 1016 3439 ordine
1040 3379 1106 3439 che
1130 3379 1307 3442 ancorche
1332 3380 1470 3444 dicesse

187 3484 279 3547 assai
303 3485 338 3546 in
363 3495 418 3546 tre
442 3485 530 3545 hore
546 3483 663 3546 harrei
682 3492 780 3546 certo
796 3492 943 3564 possuto
961 3483 1062 3546 dirne
1079 3504 1190 3547 ancor
1205 3495 1342 3566 quatro,
1369 3507 1470 3552 come

187 3592 233 3653 da
250 3591 311 3673 piir
327 3601 430 3672 parte
447 3611 485 3653 se
501 3590 656 3670 intende,
685 3601 768 3671 apte
784 3601 819 3652 et
836 3590 1000 3672 apposite
1017 3593 1062 3654 ad
1080 3611 1223 3655 causam
1243 3602 1278 3655 et
1302 3591 1467 3676 feliciter,

187 3710 224 3760 ut
249 3718 335 3761 vero
360 3718 429 3780 ego
453 3697 531 3778 ipse
555 3698 670 3760 sentio
696 3697 770 3780 (qui
785 3697 869 3759 mihi
884 3697 920 3759 in
935 3698 1134 3779 hujusmodi
1149 3699 1274 3762 studiis
1290 3720 1470 3782 nunquam

187 3804 380 3885 satisfacio)
406 3804 632 3867 mediocriter
657 3813 692 3866 et
716 3824 786 3867 non
812 3804 955 3866 omnino
979 3804 1187 3878 infeliciter:
1212 3807 1313 3869 nelo
1329 3809 1470 3872 ascrivo

187 3921 312 3993 questo
337 3913 371 3973 al
396 3912 465 3974 mio
490 3911 648 3993 ingegno
664 3931 685 3973 ο
701 3910 870 3973 facundia
887 3912 994 3993 (quod
1011 3923 1196 3994 utrumque
1211 3914 1245 3976 in
1263 3935 1318 3978 me
1336 3916 1470 3979 nullum

187 4022 244 4082 vel
269 4019 447 4081 minimum
473 4021 538 4098 est)
562 4039 618 4081 ma
642 4019 713 4081 alla
737 4018 854 4098 gratia
878 4020 922 4081 de
940 4019 1020 4098 Dio,
1046 4019 1105 4082 alli
1121 4021 1236 4083 meriti
1252 4023 1347 4085 della
1362 4042 1470 4086 causa

183 4125 375 4208 justissima
399 4135 434 4188 et
459 4128 528 4188 alle
554 4126 688 4188 crudeli
710 4125 930 4188 enormitade
955 4125 991 4186 di
1005 4127 1138 4189 Luther
1161 4129 1194 4190 le
1218 4129 1313 4210 quali
1328 4150 1470 4212 semper

188 4233 322 4295 adduxi
347 4232 432 4295 dalli
457 4232 538 4295 libri
562 4253 626 4294 suo
651 4233 808 4314 presenti
833 4243 869 4295 et
884 4244 1012 4314 postea
1028 4233 1246 4314 refellebam,
1272 4246 1307 4298 et
1323 4237 1383 4318 poi
1399 4237 1469 4301 feci

187 4342 220 4402 le
253 4339 545 4402 demonstrationi
577 4339 661 4402 delli
692 4339 931 4402 incovenienti
964 4343 1030 4403 che
1054 4351 1210 4423 poteano
1235 4345 1408 4407 accadere
1433 4355 1470 4407 et

187 4448 222 4508 la
257 4446 450 4528 ignominia
475 4457 510 4509 et
533 4445 678 4508 infamia
702 4447 747 4508 de
771 4457 897 4527 questa
921 4447 1065 4510 natione
1090 4448 1195 4511 etiam
1219 4452 1469 4515 recordandoli

188 4555 253 4615 che
286 4553 474 4636 Imperium
507 4553 562 4615 his
595 4552 731 4615 artibus
762 4563 994 4637 conservatur
1025 4555 1153 4636 quibus
1177 4564 1318 4636 partum
1343 4567 1406 4636 est,
1433 4571 1469 4621 et

187 4662 252 4722 che
277 4663 353 4723 loro
381 4679 593 4742 pensassero
618 4660 684 4722 che
708 4658 813 4722 Carlo
828 4660 963 4742 Magno
988 4672 1023 4724 et
1047 4662 1071 4724 li
1089 4661 1222 4726 Othoni
1246 4683 1311 4744 per
1334 4663 1469 4728 favorir

188 4768 258 4829 alla
282 4768 367 4829 sede
384 4767 596 4849 Apostolica
619 4771 782 4830 haveano
803 4768 1002 4849 acquistato
1019 4769 1040 4832 l’
1054 4769 1208 4852 Imperio
1225 4769 1260 4832 in
1276 4770 1469 4836 Germania
