3330 5580
719 440 947 497 0-‘33208-0

194 586 276 648 tiam
303 597 338 647 et
361 585 647 648 benedictionem
671 587 832 666 predicte
857 562 953 649 sedis
976 588 1185 650 restituendi
1218 600 1252 650 et
1276 589 1473 670 reponendi

194 714 234 755 ac
260 696 355 755 bona
381 698 485 754 etiarn
511 712 732 774 quecumque
756 692 900 755 mobilia
932 696 988 757 vel
1012 694 1208 758 immobilia
1238 697 1474 757 hereticorum

193 800 433 880 predictorum
466 799 494 860 si
526 799 561 861 in
586 799 784 880 pertinacia
817 821 880 862 sua
914 802 1106 882 persistere
1131 803 1318 865 maluerint
1346 803 1474 884 quibus

193 926 342 987 cumque
368 905 525 985 legitime
556 906 765 988 accipienda
789 908 1009 969 concedendi
1043 920 1079 971 et
1114 909 1223 971 dandi
1254 930 1295 971 ac
1329 929 1371 971 ea
1405 929 1474 989 que

194 1013 339 1075 heretici
365 1013 431 1094 ipsi
457 1015 502 1074 ad
527 1012 652 1093 quevis
677 1016 756 1075 loca
773 1015 946 1076 ducerent
970 1035 1033 1077 seu
1050 1015 1131 1077 duci
1155 1016 1315 1079 facerent
1339 1016 1374 1077 in
1396 1036 1473 1097 pre-

194 1122 274 1182 dam
292 1120 411 1198 dandi,
436 1119 599 1181 omnibus
620 1140 761 1201 quoque
786 1121 831 1182 ad
856 1120 1002 1182 servitia
1027 1121 1075 1185 M.
1092 1122 1151 1185 W.
1165 1123 1222 1186 Ul.
1248 1134 1284 1185 et
1306 1123 1361 1202 J0.
1378 1124 1471 1184 darn·

193 1240 354 1289 natorum
379 1238 414 1288 et
437 1227 675 1289 hereticorum
699 1226 898 1289 huiusmodi
923 1227 1074 1290 ubilibet
1098 1229 1334 1292 existentibus
1359 1240 1396 1291 ut
1424 1230 1472 1291 in-

194 1334 248 1396 fra
273 1334 459 1396 terminum
484 1355 549 1415 per
572 1354 637 1396 vos
660 1332 908 1416 prefigendum
937 1335 1124 1397 discedant
1152 1339 1218 1398 sub
1249 1337 1382 1399 eisdem
1414 1357 1472 1417 pe-

195 1441 248 1503 nis
273 1441 401 1521 quibus
426 1440 493 1522 ipsi
518 1441 565 1502 M.
591 1440 636 1502 V.
656 1440 713 1505 Ul.
740 1450 776 1502 et
798 1441 851 1520 Jo.
876 1461 1015 1504 necnon
1041 1442 1100 1504 alii
1129 1442 1278 1505 heretici
1309 1453 1344 1504 et
1378 1444 1470 1504 dam-

193 1548 290 1630 pnati
316 1547 467 1631 predicti
491 1546 618 1609 irretiti
643 1558 724 1610 sunt
748 1548 938 1610 mandandi
963 1549 1115 1630 illosque
1139 1569 1181 1613 ac
1210 1550 1473 1612 ecclesiasticos

192 1666 228 1718 et
252 1657 430 1717 seculares
455 1674 707 1736 quoscumque,
733 1655 984 1736 cuiuscumque
1010 1656 1195 1739 dignitatis
1220 1657 1324 1719 etatis
1342 1657 1472 1718 littera·

192 1772 269 1825 ture
311 1783 418 1824 sexus
456 1763 513 1824 vel
552 1761 686 1824 ordinis
718 1762 874 1825 existant
907 1765 973 1825 sub
1009 1763 1384 1826 excommunicationis
1419 1785 1471 1824 su·

192 1869 392 1950 spensionis
418 1879 454 1930 et
477 1869 657 1931 interdicti
689 1889 731 1931 ac
764 1869 869 1932 etiam
893 1869 1103 1951 privationis
1129 1869 1230 1951 penis
1262 1869 1472 1932 auctoritate

194 1977 392 2058 apostolica
432 1996 497 2058 per
535 1975 688 2038 edictum
719 1976 885 2039 monendi
924 1989 958 2038 et
990 1977 1194 2057 requirendi
1226 1987 1263 2039 ut
1296 1978 1472 2040 mandatis

193 2084 398 2165 apostolicis
422 2093 629 2145 reverenter
653 2083 839 2146 intendant
863 2095 898 2145 et
923 2084 1102 2162 obediant,
1128 2104 1169 2146 ac
1194 2087 1239 2145 ab
1265 2085 1359 2146 omni
1381 2104 1471 2146 com-

193 2189 324 2253 mercio
349 2190 398 2252 M.
423 2189 482 2252 W.
508 2190 566 2252 Ul.
599 2200 634 2252 et
665 2190 718 2269 J0.
751 2211 792 2253 ac
821 2190 900 2252 aliis
930 2190 1098 2253 hereticis
1129 2190 1277 2272 prefatis
1308 2191 1470 2271 qualiter-

194 2318 332 2380 cunque
356 2307 563 2360 tenerentur
586 2298 644 2359 vel
669 2297 818 2379 obligati
843 2308 963 2359 essent
991 2298 1037 2359 ad
1071 2297 1188 2378 aliqua
1218 2297 1287 2358 illis
1318 2299 1474 2359 tenenda

194 2407 370 2467 servanda
394 2415 455 2467 aut
479 2405 719 2486 persolvenda
750 2405 950 2467 nullatenus
982 2404 1152 2485 deinceps
1185 2403 1365 2486 obligatos
1393 2423 1471 2465 esse

192 2533 256 2575 nec
297 2513 343 2574 ad
381 2532 423 2574 ea
456 2531 562 2593 posse
597 2511 763 2592 compelli
792 2512 917 2574 eadem
941 2510 1151 2574 auctoritate
1177 2510 1397 2588 declarandi,
1430 2530 1471 2571 ac

191 2634 339 2700 propter
363 2617 641 2680 inobedientiam
667 2628 702 2680 et
726 2618 958 2681 rebellionem
978 2637 1220 2699 quoscumque
1244 2616 1399 2679 cuiusvis
1424 2617 1471 2677 di-

191 2726 348 2807 gnitatis
374 2725 683 2807 Archiepiscopali
710 2726 905 2807 episcopali
930 2735 966 2788 et
997 2725 1167 2788 abbatiali
1199 2726 1382 2786 dumtaxat
1413 2745 1472 2784 ex·

191 2833 313 2914 ceptis,
339 2843 451 2895 status
475 2834 609 2913 gradus
633 2832 767 2894 ordinis
792 2835 848 2895 vel
873 2832 1130 2914 preeminentie
1154 2831 1285 2894 fuerint
1309 2832 1337 2893 si
1361 2834 1472 2894 eccle·

191 2939 331 3002 siastice
356 2959 510 3021 persone
534 2939 785 3002 ecclesiasticis
810 2939 1044 3022 dignitatibus
1068 2938 1193 3001 officiis
1219 2949 1254 3002 et
1278 2937 1470 3018 beneficiis,

190 3047 218 3109 si
244 3067 329 3108 vero
355 3047 534 3109 seculares
558 3047 753 3109 honoribus
782 3047 892 3109 titulis
923 3046 1040 3110 feudis
1070 3045 1267 3127 privilegiis
1299 3045 1370 3107 suis
1402 3046 1469 3127 pri·

190 3154 297 3216 vandi
322 3165 358 3216 et
382 3152 558 3216 beneficia
581 3153 659 3215 aliis
683 3152 822 3216 idoneis
851 3152 1058 3216 conferendi
1091 3163 1127 3215 et
1159 3154 1205 3214 ad
1237 3173 1279 3214 ea
1310 3154 1367 3214 vel
1399 3153 1469 3214 alia

190 3261 419 3342 imposterum
452 3260 648 3323 obtinenda
680 3260 857 3322 inhabiles
889 3271 1064 3342 perpetuo
1104 3267 1140 3322 et
1171 3259 1320 3325 infames
1356 3261 1470 3321 decla·

193 3368 306 3445 randi,
331 3388 469 3430 necnon
495 3388 664 3430 censuras
689 3387 918 3449 quascunque
939 3366 1072 3448 justitia
1095 3365 1291 3428 rebellione
1316 3368 1372 3427 vel
1398 3366 1470 3428 ino·

189 3475 370 3537 bedientia
395 3474 565 3554 exigente
590 3483 696 3555 prout
721 3473 822 3537 vobis
847 3474 1026 3536 videbitur
1056 3472 1265 3535 fulminandi
1297 3483 1333 3535 et
1366 3472 1469 3535 inter·

189 3582 320 3643 dictum
345 3581 513 3662 ponendi,
538 3601 580 3643 ac
604 3581 758 3662 positum
783 3602 830 3644 ex
854 3581 958 3644 bonis
983 3579 1098 3642 causis
1123 3589 1159 3642 et
1183 3579 1404 3660 respectibus
1429 3580 1469 3641 si-

189 3699 248 3751 cut
271 3688 443 3770 expedire
479 3690 535 3750 vel
561 3688 646 3750 utile
677 3699 738 3750 aut
770 3688 1007 3751 necessarium
1039 3708 1116 3750 esse
1150 3686 1391 3768 cognoveritis
1425 3688 1470 3749 ad

189 3807 328 3877 tempus
353 3795 595 3876 suspendendi
620 3796 678 3856 vel
702 3806 876 3876 perpetuo
900 3795 1064 3872 tollendi,
1097 3814 1232 3855 necnon
1260 3803 1384 3855 contra
1409 3793 1467 3855 im-

189 3902 375 3983 pedientes
401 3911 436 3963 et
460 3903 712 3982 perturbantes
735 3901 838 3964 huius
861 3901 970 3963 vestri
996 3901 1160 3963 salutaris
1184 3900 1318 3981 negotii
1344 3921 1468 3961 execu-

188 4010 320 4071 tionem
345 4008 532 4071 summarie
548 4009 754 4090 simpliciter
772 4020 806 4070 et
831 4009 876 4071 de
901 4011 1009 4089 plano
1033 4008 1110 4070 sine
1127 4008 1276 4088 strepitu
1295 4016 1330 4069 et
1354 4005 1470 4087 figura

184 4115 307 4197 judicii
340 4116 416 4177 sola
440 4114 590 4178 veritate
614 4115 775 4197 inspecta
798 4114 1017 4196 procedendi
1049 4135 1090 4177 ac
1120 4114 1321 4196 penitentes
1352 4125 1387 4175 et
1419 4134 1469 4176 re·

188 4223 276 4285 verti
302 4223 477 4285 vollentes
502 4224 547 4284 ad
576 4222 748 4304 gremium
774 4221 934 4300 ecclesie,
960 4221 988 4283 si
1017 4221 1052 4283 id
1083 4221 1260 4284 humiliter
1291 4220 1468 4302 petierint,

188 4330 350 4411 exceptis
375 4329 588 4410 supradictis
612 4330 646 4391 in
671 4329 784 4392 forma
806 4329 968 4410 predicta
983 4328 1191 4391 absolvendi
1210 4336 1244 4389 et
1259 4327 1468 4390 habilitandi

188 4439 233 4500 ad
259 4440 485 4519 honoresque
510 4436 703 4519 dignitates
728 4434 848 4499 officia
871 4434 1045 4498 beneficia
1070 4435 1177 4498 feuda
1201 4437 1296 4496 bona
1327 4454 1368 4496 ac
1391 4434 1470 4515 jura

188 4566 250 4606 sua
283 4544 400 4607 omnia
431 4544 590 4625 aliasque
628 4544 662 4604 in
696 4543 882 4625 pristinum
907 4552 1034 4604 statum
1060 4541 1270 4604 restituendi
1301 4561 1342 4602 ac
1368 4560 1468 4621 repo-

188 4653 295 4713 nendi
321 4672 461 4714 necnon
486 4672 564 4713 cum
598 4650 649 4714 eis
681 4651 709 4712 si
743 4664 981 4732 opportunum
1016 4649 1194 4711 videbitur
1228 4657 1263 4709 et
1296 4647 1468 4728 expedire

187 4758 430 4837 cognoveritis
455 4758 695 4840 dispensandi,
720 4755 893 4819 officiales
918 4757 1071 4837 denique
1097 4767 1132 4816 et
1156 4754 1383 4834 magistratus
1408 4757 1466 4816 ba-
