3330 5580
720 480 949 539 &libii-0

188 629 324 712 inclyta
348 629 560 692 Germaniae
593 639 676 691 tuae
707 630 851 692 natione
882 640 1027 692 auctore
1052 630 1207 710 quodam
1231 629 1385 692 Martino
1410 629 1476 691 Lu-

188 739 294 799 thero
319 736 482 800 seminati
511 745 546 798 et
569 736 604 798 in
630 735 728 798 libris
752 736 933 817 impressis
955 736 1097 817 publice
1113 735 1287 817 divulgati
1315 735 1477 816 fuissent,

189 864 231 907 ac
256 843 417 907 nonnulli
442 843 500 905 alii
525 845 571 905 ab
589 843 716 906 eodem
732 842 888 905 Martino
906 842 1087 904 seditionis
1105 843 1289 905 materiam
1306 854 1478 925 querente

190 950 329 1013 seducti
360 949 559 1031 hujusmodi
591 949 771 1016 erroribus
804 949 1045 1029 adhesissent,
1078 948 1185 1030 hique
1215 949 1305 1012 alios
1333 951 1479 1032 insuper

188 1057 258 1140 ipsi
284 1057 569 1138 excogitassent;
594 1056 681 1132 NoS,
705 1076 854 1138 quorum
879 1055 1061 1138 proprium
1085 1055 1241 1119 officium
1265 1067 1320 1120 est
1338 1057 1477 1120 vineam

191 1165 335 1227 Domini
367 1163 569 1246 hujusmodi
592 1163 763 1245 vepribus
786 1162 822 1225 in
848 1183 890 1224 ea
914 1161 1141 1226 nascentibus
1160 1183 1327 1245 purgare,
1351 1184 1393 1226 ac
1410 1164 1479 1227 Dei

190 1271 376 1335 Ecclesiae
407 1270 578 1333 unitatem
609 1278 778 1352 quantum
809 1270 851 1331 in.
879 1269 982 1332 nobis
1018 1280 1072 1332 est
1106 1281 1302 1351 praeeunte
1339 1292 1480 1353 semper

191 1378 346 1441 Domino
377 1388 592 1440 conservare
623 1397 664 1439 ac
688 1377 857 1458 periculis
881 1387 917 1439 et
941 1375 1197 1440 offensionibus
1220 1377 1407 1460 presertim
1432 1380 1479 1440 la·

191 1486 261 1547 tius
286 1496 321 1548 et
345 1485 381 1547 in
406 1484 639 1566 complurium
664 1483 914 1547 detrimentum
938 1483 1165 1547 manantibus
1190 1485 1348 1565 obviare,
1373 1505 1412 1546 re
1430 1484 1479 1546 di·

192 1592 424 1673 ligentissime
448 1591 546 1672 prius
570 1611 648 1653 curn
673 1590 821 1653 consilio
846 1591 1016 1670 discussa,
1042 1591 1086 1653 de
1110 1590 1260 1654 fratrum
1280 1601 1480 1654 nostrorum

194 1693 374 1763 sententia
397 1718 537 1761 errores
561 1698 659 1779 ipsos
682 1697 810 1779 partim
828 1697 939 1760 falsos
956 1717 996 1760 ac
1014 1697 1225 1779 haereticos,
1249 1699 1377 1781 partim
1396 1718 1481 1761 vero

194 1827 215 1867 a
239 1805 433 1868 christiana
457 1805 591 1886 pietate
615 1807 825 1868 aberrantes
854 1819 890 1867 et
913 1815 1031 1867 rectas
1055 1806 1217 1868 ledentes
1242 1805 1482 1868 conscientias

193 1913 385 1975 iudicando
410 1912 665 1991 damnavimus
690 1932 732 1974 ac
750 1912 906 1993 ejusdem
923 1911 1067 1974 Martini
1082 1911 1192 1975 libros
1208 1911 1323 1974 dictos
1340 1933 1481 1975 errores

203 2022 266 2083 sed
292 2019 438 2102 aliquod
464 2040 584 2082 eorum
610 2021 645 2082 in
670 2040 708 2084 se
733 2020 964 2083 continentes.
1007 2018 1119 2101 Igitur
1143 2018 1320 2098 comburi,
1345 2019 1483 2100 ipsique

194 2127 349 2190 Martino
383 2137 422 2189 ut
452 2131 498 2190 ab
530 2127 625 2191 omni
655 2126 898 2209 predicatione
932 2137 966 2189 et
999 2125 1239 2207 disputatione
1273 2126 1480 2204 abstineret,

196 2255 238 2297 ac
262 2234 357 2297 infra
381 2242 516 2296 certum
541 2243 624 2296 tunc
649 2254 859 2315 expressum
876 2232 1063 2296 terminum
1079 2233 1190 2295 libros
1207 2235 1253 2295 ab
1270 2254 1350 2295 sese
1366 2234 1483 2296 editos

196 2344 441 2421 combureret,
473 2361 683 2423 erroresque
716 2341 750 2402 in
776 2338 879 2402 dictis
902 2339 1002 2403 libris
1027 2351 1214 2403 contentos
1237 2350 1424 2403 revocaret
1448 2348 1485 2403 et

196 2450 241 2509 de
266 2447 495 2510 revocatione
519 2449 598 2529 ipsa
622 2469 688 2511 nos
713 2447 884 2510 certiores
908 2447 1055 2526 faceret,
1080 2449 1137 2509 vel
1161 2447 1239 2528 ipse
1263 2449 1309 2509 ad
1334 2468 1400 2510 nos
1416 2449 1482 2510 sub

196 2554 267 2616 fide
300 2564 423 2616 nostra
454 2555 498 2616 de
532 2556 634 2617 salvo
669 2556 847 2617 conductu
879 2554 963 2616 eia
994 2553 1096 2616 nobis
1129 2574 1300 2617 concesso
1333 2555 1483 2635 veniret,

196 2660 424 2742 precepimus
448 2670 554 2743 atque
579 2661 833 2724 mandavimus.
882 2661 1020 2741 Quibus
1045 2661 1220 2723 mandatis
1243 2662 1373 2725 nostris
1405 2682 1484 2724 cum

196 2788 324 2850 parere
349 2767 379 2829 is
403 2768 673 2850 contempsisset
696 2789 738 2831 ac
762 2769 797 2830 in
822 2768 913 2830 falsa
933 2789 996 2830 sua
1019 2768 1196 2830 sententia
1218 2769 1383 2849 pertinax
1408 2789 1486 2832 esse

196 2896 303 2956 quarn
327 2873 459 2936 saniori
484 2875 632 2937 consilio
657 2877 907 2955 obtemperare
939 2874 1136 2954 maluisset,
1171 2875 1245 2936 Nos
1278 2875 1392 2958 ipsum
1426 2897 1485 2958 pa·

197 2982 323 3045 tientia
354 2991 476 3044 nostra
511 2984 715 3044 abutentem
751 3001 945 3062 omnesque
980 2980 1032 3043 illi
1067 2983 1304 3044 adhaerentes
1340 2984 1486 3065 ejusque

195 3089 358 3151 lautores
392 3099 427 3151 et
459 3099 703 3172 receptatores
726 3099 895 3170 tanquam
920 3088 1079 3151 notorios
1104 3099 1139 3151 et
1162 3090 1367 3170 pertinaces
1387 3093 1485 3154 here-

198 3197 289 3258 ticos
320 3194 430 3257 fuisse
462 3206 498 3257 et
529 3217 606 3258 esse
630 3216 696 3279 per
719 3197 892 3278 quasdam
917 3195 1054 3258 litteras
1079 3195 1358 3276 declaravimus,
1390 3209 1425 3258 et
1449 3209 1487 3260 ut

199 3302 375 3385 premissa
397 3302 444 3364 ad
468 3303 579 3384 ipsius
602 3303 747 3366 Martini
771 3315 807 3365 et
831 3304 978 3364 aliorum
1004 3302 1170 3365 noticiam
1194 3303 1384 3386 pervenire
1409 3324 1486 3384 pos-

201 3421 280 3472 sent
305 3409 442 3471 litteras
467 3408 606 3472 nostras
629 3409 665 3472 in
691 3412 784 3472 alma
808 3412 896 3472 urbe
920 3419 1042 3471 nostra
1067 3410 1174 3472 certis
1198 3410 1232 3471 in
1257 3410 1345 3471 locis
1375 3411 1486 3492 publi-

201 3516 273 3579 cari
298 3516 457 3597 fecimus,
483 3526 518 3578 et
542 3538 607 3600 per
632 3516 857 3580 Germaniam
884 3536 1025 3597 quoque
1043 3537 1111 3598 ope
1129 3527 1164 3579 et
1181 3516 1314 3579 auxilio
1332 3517 1487 3598 ejusdem

201 3622 421 3686 celsitudinis
455 3634 537 3685 tuae
568 3625 743 3705 publicari
774 3624 1037 3702 mandavimus,
1072 3635 1259 3705 sperantes
1292 3624 1387 3704 quod
1411 3623 1488 3705 ipse

202 3730 377 3792 Martinus
400 3730 501 3810 hujus
526 3728 682 3794 Sanctae
708 3729 813 3795 Sedis
837 3731 1012 3793 mandatis
1037 3730 1184 3793 obedire
1208 3751 1249 3793 ac
1277 3732 1351 3812 ejus
1376 3734 1488 3794 deter-

203 3837 385 3900 minationi
411 3837 455 3898 de
473 3836 606 3900 Sacrae
621 3838 843 3920 Theologiae
868 3837 1117 3920 magistrorum
1142 3848 1177 3899 et
1197 3837 1284 3918 juris
1307 3838 1489 3919 utriusque

202 3943 444 4026 professorum
469 3944 730 4007 consultatione
755 3955 791 4006 et
815 3945 1009 4007 eorundem
1034 3942 1181 4005 fratrum
1206 3943 1358 4007 consilio
1383 3955 1418 4006 et
1438 3966 1488 4007 as-

204 4072 308 4115 sensu
344 4051 462 4114 factae
495 4051 764 4132 acquiescerent
787 4051 824 4114 in
849 4052 903 4113 his
928 4072 998 4133 que
1022 4071 1092 4113 non
1117 4052 1230 4112 solum
1254 4070 1276 4112 a
1300 4051 1403 4113 nobis
1427 4052 1491 4113 sed

205 4169 239 4220 et
262 4170 369 4221 antea
394 4156 496 4220 nobis
521 4160 672 4221 necdum
697 4157 942 4240 opinantibus,
972 4158 1016 4219 de
1041 4158 1182 4238 majoris
1207 4158 1320 4238 partis
1346 4159 1490 4220 decreto

205 4287 225 4328 a
248 4264 429 4348 magistris
444 4265 713 4328 universitatum
731 4265 963 4328 Lovaniensis
987 4277 1022 4326 et
1038 4263 1259 4326 Coloniensis
1284 4284 1351 4345 pro
1374 4266 1489 4327 ortho-

205 4375 299 4435 doxe
324 4373 407 4436 fidei
432 4374 585 4436 veritate
610 4376 858 4437 conservanda
881 4376 1049 4435 damnata
1073 4372 1229 4451 luerunt,
1255 4391 1326 4434 non
1343 4370 1410 4433 sibi
1426 4371 1492 4434 soli

205 4490 417 4561 arroganter
441 4480 504 4542 sed
528 4481 760 4561 plurimorum
785 4480 982 4543 sententiae
1007 4481 1154 4542 credere
1180 4490 1216 4542 et
1236 4479 1335 4562 ipsos
1353 4498 1492 4540 errores

205 4607 376 4650 revocare
410 4598 445 4649 et
478 4588 523 4649 ad
554 4598 712 4651 nostrum
744 4596 780 4650 et
810 4588 921 4668 ipsius
953 4587 1136 4649 Ecclesiae
1167 4588 1341 4667 gremium
1375 4585 1492 4647 redire

206 4695 349 4756 tandem
374 4693 525 4756 animum
550 4693 749 4767 induceret;
781 4714 894 4776 nuper
917 4704 1035 4756 autem
1061 4715 1106 4756 ex
1130 4693 1269 4757 Nuncio
1293 4703 1415 4755 nostro
1444 4691 1491 4753 in-

206 4799 410 4864 telleximus
434 4803 584 4863 eandem
610 4802 853 4864 celsitudinem
879 4810 974 4862 tuam
1000 4799 1154 4862 officium
1183 4800 1349 4863 advocati
1374 4800 1491 4861 Eccle-

1299 4905 1332 4960 3*
