3330 5580
701 441 759 497 eo
797 443 851 496 446
889 443 947 494 ov

188 590 404 652 Deferuntur
428 589 570 670 quidem
595 591 639 650 ad
665 609 730 650 nos
765 587 914 669 primum
947 607 994 649 ex
1028 585 1123 649 omni
1152 596 1257 669 parte
1290 560 1474 667 querelae,

188 717 252 759 nec
283 697 469 776 quicquam
502 695 572 757 iam
608 695 767 757 crebrius
807 714 911 756 aures
951 702 1094 756 nostrae
1129 692 1336 778 percipiunt
1366 710 1469 773 quam

186 802 397 885 oppidorum
424 801 692 864 christianorum
718 801 947 881 direptiones
972 800 1152 863 hominum
1176 800 1353 883 praedas,
1378 796 1468 862 exci-

173 887 246 972 'dia
270 929 455 991 agrorum:
481 928 558 970 cum
584 908 741 989 quotidie
768 908 844 970 fere
859 907 1066 970 miserorum
1090 906 1300 990 sanguinem
1324 904 1470 984 effundi,

186 1018 282 1080 viros
307 1028 341 1078 et
365 1016 523 1097 virgines
547 1016 583 1078 in
606 1016 823 1078 teterrimam
851 1014 1056 1077 servitutem
1083 1013 1259 1088 abstrahi;
1293 1016 1403 1078 urbes
1436 1022 1472 1077 et

187 1124 321 1204 oppida
345 1122 424 1204 capi
449 1123 643 1185 audiamus.
691 1120 762 1184 Sed
789 1121 823 1184 in
848 1122 903 1183 his
928 1121 1028 1184 malis
1052 1121 1139 1183 illud
1163 1122 1271 1202 longe
1303 1120 1470 1202 gravissi·

186 1251 279 1292 mum
304 1232 431 1292 malum
457 1238 520 1308 est,
546 1230 641 1311 quod
665 1228 726 1309 qui
749 1229 909 1310 periculo
938 1226 1091 1309 proximi
1116 1236 1214 1303 sunt,
1239 1247 1392 1309 quorum
1418 1238 1472 1290 est

187 1337 382 1418 periculum
409 1356 486 1398 cum
514 1350 633 1398 nostro
658 1336 899 1397 coniunctum:
938 1333 962 1396 ii
992 1343 1159 1416 tanquam
1193 1333 1314 1397 laetali
1345 1354 1472 1397 somno

187 1443 361 1527 oppressi,
387 1445 515 1504 nullam
541 1442 708 1504 videntur
731 1442 861 1505 ducere
886 1440 938 1504 sui
957 1440 1148 1524 propinqui
1166 1440 1266 1504 exitii
1284 1441 1471 1506 rationem.

190 1552 309 1631 Atque
334 1551 401 1611 hoc
429 1551 556 1610 malum
583 1558 769 1611 externum
794 1559 863 1621 est:
894 1549 978 1630 quid
1003 1548 1091 1610 illud
1115 1548 1318 1612 intestinum
1343 1569 1387 1612 ac
1412 1549 1471 1625 do·

187 1657 387 1735 mesticum,
419 1676 489 1736 quo
521 1656 653 1717 nullum
678 1654 790 1717 maius
814 1675 930 1736 neque
958 1654 1190 1738 perniciosius
1218 1658 1291 1718 ulla
1314 1676 1471 1738 unquam

187 1764 328 1845 aspexit
352 1765 472 1825 aetas?
506 1763 599 1843 quod
630 1772 691 1823 tua
723 1759 916 1824 Germania
944 1761 1051 1824 tantis
1080 1761 1149 1823 iam
1174 1761 1335 1825 cladibus
1360 1774 1396 1826 et
1420 1783 1471 1826 se·

188 1871 381 1933 ditionibus
405 1869 564 1931 involuta
589 1879 652 1948 est,
686 1878 724 1930 ut
748 1889 851 1931 nemo
876 1868 911 1931 in
937 1889 980 1930 ea
1004 1867 1073 1929 iam
1098 1868 1143 1930 sit
1168 1867 1227 1949 qui
1251 1870 1387 1932 habeat
1409 1889 1468 1932 ex-

189 1981 361 2061 ploratam
378 1977 552 2039 rationem
576 1996 646 2037 non
664 1978 777 2038 solum
795 1974 989 2057 dignitatis,
1014 1976 1078 2037 sed
1095 1975 1201 2038 etiam
1217 1977 1342 2040 salutis
1366 1997 1469 2050 suae:

188 2085 363 2148 increbuit
388 2084 480 2146 enim
505 2082 691 2145 inanimis
715 2082 955 2164 imperitarum
980 2083 1137 2164 plebium
1161 2082 1261 2145 furor
1293 2083 1470 2146 immissus

187 2192 255 2253 illis
293 2214 312 2253 a
350 2191 416 2253 Dei
451 2192 554 2252 hoste
579 2199 614 2252 et
643 2190 719 2252 eius
751 2189 863 2252 hostis
898 2189 1066 2252 ministris
1095 2189 1281 2271 impiarum
1304 2192 1471 2254 heresum

188 2299 409 2372 auctoribus;
454 2318 519 2379 per
563 2318 667 2378 quem
714 2297 1016 2360 coniurationibus
1058 2296 1204 2360 nefariis
1245 2298 1470 2379 popularium

189 2406 302 2468 omnis
327 2405 494 2468 nobilitas
530 2415 565 2467 et
598 2405 711 2467 omnis
742 2406 830 2468 ordo
867 2405 1127 2468 ecclesiasticus
1164 2405 1199 2466 in
1240 2406 1387 2469 exitium
1411 2426 1470 2469 vo·

188 2524 305 2584 catur;
345 2511 404 2594 qui
442 2512 541 2575 furor
581 2531 747 2594 quorsum
783 2512 982 2594 irrupturos
1017 2510 1061 2573 sit
1097 2512 1256 2592 graviter
1287 2512 1471 2593 pertimes-

188 2621 339 2683 cendum
381 2631 452 2701 est,
491 2639 561 2681 non
597 2618 689 2681 enim
723 2619 898 2681 cernimus
935 2617 1041 2681 finem
1078 2638 1142 2680 nec
1182 2619 1334 2681 modum.
1399 2616 1472 2682 Sed

188 2748 253 2809 per
292 2727 408 2789 Deum
444 2725 692 2805 immortalem,
728 2723 757 2787 si
796 2726 904 2787 tantis
946 2724 1205 2787 calamitatibus
1234 2723 1399 2788 afflictae
1437 2736 1473 2787 et

187 2833 351 2917 perditae
375 2833 588 2895 christianae
615 2831 832 2913 reipublicae
856 2832 962 2894 celeri
991 2831 1090 2912 pacis
1114 2831 1271 2893 remedio
1295 2852 1367 2894 non
1392 2835 1473 2894 sub·

187 2941 368 3021 veniatur,
405 2938 487 3021 quid
524 2939 666 3001 tandem
703 2939 779 3018 spei
812 2949 872 3000 aut
900 2938 1023 3000 salutis
1056 2937 1228 3018 reliquum
1258 2939 1363 3001 nobis
1392 2960 1473 3002 esse

187 3051 330 3129 potest?
355 3046 433 3128 quis
458 3066 544 3110 vero
570 3046 658 3107 alius
682 3065 783 3127 pacis
807 3056 843 3107 et
867 3044 987 3107 auxilii
1013 3057 1157 3126 praeter
1179 3055 1213 3106 te
1238 3045 1391 3108 idoneus
1421 3046 1470 3110 fu·

187 3166 286 3217 turus
327 3163 381 3217 est
422 3163 547 3217 auctor
582 3153 640 3232 qui
677 3152 833 3215 eiusdem
874 3152 941 3214 Dei
981 3149 1244 3232 Omnipotentis
1283 3152 1473 3234 beneficio,

188 3262 295 3324 tantis
327 3281 346 3324 e
382 3263 484 3324 coelo
524 3259 728 3322 muneribus
759 3281 798 3322 es
829 3260 1037 3339 illustratus,
1073 3270 1111 3320 ut
1148 3258 1253 3322 facile
1286 3274 1474 3342 appareat,

189 3367 408 3449 quaesivisse
434 3366 501 3428 sibi
526 3368 640 3428 Deum
665 3367 858 3429 secundum
883 3386 1068 3428 corsuum
1092 3366 1235 3446 Regem
1266 3386 1374 3430 unum
1399 3378 1472 3430 tan·

190 3495 295 3555 quam
321 3476 469 3536 alterum
493 3473 670 3535 Davidem
694 3473 753 3554 qui
778 3474 846 3535 Dei
870 3476 992 3536 hostes
1017 3482 1195 3546 conterat;
1225 3474 1368 3554 populis
1388 3474 1471 3538 fide·

189 3581 281 3643 libus
305 3589 448 3662 parcat:
482 3579 590 3642 Cuius
614 3589 651 3642 tu
676 3580 744 3642 Dei
769 3590 804 3643 et
833 3589 981 3662 propter
1004 3579 1171 3642 virtutem
1195 3600 1237 3641 ac
1261 3579 1472 3663 religionem

190 3688 406 3769 amplissima
429 3685 604 3750 beneficia
639 3687 815 3764 meruisti,
849 3696 884 3749 et
919 3686 994 3749 eius
1028 3685 1288 3750 beneficentiae
1322 3700 1472 3771 propter

190 3796 361 3878 pietatem
385 3806 510 3876 gratus
534 3814 613 3856 esse
638 3794 708 3874 vis,
733 3796 779 3856 ad
803 3794 973 3875 pacisque
997 3793 1145 3857 consilia
1168 3794 1316 3875 aspiras,
1341 3816 1385 3858 ac
1407 3816 1472 3878 pro

190 3913 250 3964 tua
275 3900 445 3982 singulari
470 3900 646 3982 sapientia
679 3898 813 3982 optime
846 3901 961 3964 cernis
992 3901 1150 3964 remedia
1183 3910 1219 3963 et
1252 3901 1387 3965 auxilia
1421 3914 1471 3966 tot

189 4007 399 4091 perniciosis
423 4007 691 4070 christianitatis
708 4007 868 4070 cladibus
884 4009 1141 4090 quamprimum
1163 4029 1241 4071 esse
1258 4011 1470 4074 necessaria.

191 4114 264 4177 Sed
301 4126 338 4176 ut
372 4114 546 4177 voluntati
582 4125 663 4176 tuae
699 4117 798 4177 locus
829 4115 891 4196 sit,
929 4126 967 4177 ut
1005 4117 1100 4197 quod
1135 4114 1402 4197 religiosissime
1437 4129 1471 4180 et

190 4221 480 4284 christianissime
518 4220 728 4302 designasti,
762 4242 872 4304 opere
911 4231 945 4284 et
980 4222 1076 4286 facto
1107 4224 1305 4305 compleam
1338 4224 1470 4287 idcirco

190 4330 278 4390 haec
305 4338 359 4390 est
382 4349 404 4390 a
428 4326 531 4390 nobis
547 4337 664 4391 tecum
677 4337 844 4410 suscepta
858 4329 1078 4402 adhortati03
1094 4327 1304 4392 confidimus
1317 4331 1470 4395 maxime

191 4435 342 4498 bonitati
366 4445 466 4499 tuae:
492 4435 685 4498 deferimus
709 4435 850 4516 virtuti,
874 4437 1100 4518 prudentiam
1117 4457 1258 4519 quoque
1283 4446 1319 4499 et
1338 4437 1469 4520 magni·

190 4542 348 4605 tudinem
379 4543 486 4605 animi
519 4543 778 4624 cognoscimus.
835 4542 908 4606 Sed
939 4543 969 4606 si
999 4543 1124 4606 honori
1156 4553 1191 4606 et
1219 4543 1356 4624 gloriae
1389 4554 1469 4609 tuae

192 4648 412 4712 satisfactum
438 4671 459 4712 a
482 4649 561 4712 Deo
586 4658 651 4730 est,
675 4649 703 4712 si
728 4670 820 4732 quae
844 4650 984 4731 pristini
1017 4651 1102 4713 belli
1135 4659 1170 4713 et
1205 4651 1469 4715 controversiae

192 4776 299 4820 causa
322 4755 399 4837 fuit,
425 4775 468 4817 ea
493 4765 546 4819 est
570 4765 605 4817 et
630 4767 689 4818 tua
718 4756 849 4839 insigni
883 4757 1051 4838 victoria,
1083 4769 1118 4819 et
1149 4757 1305 4839 ipsorum
1335 4758 1467 4825 confes·
