3330 5580
641 472 870 526 *²349sp-0

203 618 290 680 ltem
316 617 433 679 scrissi
458 617 518 679 alli
552 619 586 680 dl
620 618 754 699 passati
786 639 893 700 sopra
926 627 1024 680 certa
1049 617 1177 679 unione
1202 617 1235 678 in
1262 616 1395 699 oppido

109 724 409 787 Scheltstadiensi
432 725 527 787 della
551 726 632 806 qual
659 746 702 787 ne
728 725 747 786 e
771 725 1063 787 informatissimo
1087 724 1111 786 il
1134 724 1209 785 R¹¹¹⁰
1226 722 1265 786 Ss
1281 724 1396 786 carol·

109 831 355 913 Campeggio;
390 832 425 894 in
457 833 525 893 hoc
554 831 688 912 oppido
713 843 768 895 sta
792 852 883 913 gran
909 831 1139 895 fundamento
1165 842 1199 893 et
1224 851 1396 912 speranza

109 938 195 1000 delli
212 938 406 1000 lutherani
424 939 490 1000 che
510 958 597 1000 sono
613 939 647 1000 al
662 939 781 1016 Ren0,
807 938 890 1003 etei
914 959 1001 1002 sono
1028 939 1081 1001 de'
1099 940 1208 1000 buoni
1231 938 1393 1020 ingegni;

111 1045 198 1128 pero
216 1046 370 1108 sarebbe
384 1047 503 1108 buono
521 1046 586 1107 che
605 1042 678 1107 Sua
695 1042 836 1108 Santita
851 1043 1072 1127 gratificasse
1088 1068 1109 1107 a
1125 1048 1243 1126 quello
1261 1047 1394 1125 populo

110 1172 175 1232 per
200 1152 341 1232 poterlo
365 1153 477 1214 haver
500 1152 546 1213 ad
571 1162 692 1214 nutum
717 1173 816 1215 suum
842 1163 966 1215 contra
991 1153 1014 1214 li
1040 1153 1128 1215 detti
1146 1152 1338 1215 Lutherani
1362 1163 1395 1212 et

109 1259 139 1320 si
164 1261 197 1320 le
222 1258 329 1339 potra
352 1258 487 1321 scriver
511 1278 557 1321 un
582 1260 694 1321 breve
711 1261 755 1320 de
772 1270 897 1342 questa
913 1258 1091 1322 sententia
1109 1261 1174 1324 che
1193 1279 1247 1320 me
1264 1261 1310 1320 ha
1326 1258 1393 1319 for-

108 1377 206 1428 mato
222 1376 258 1427 et
273 1367 406 1428 datomi
421 1387 465 1428 un
483 1365 675 1429 secretario
700 1365 736 1428 di
761 1366 887 1439 Cesar;
913 1368 1042 1430 mando
1071 1369 1105 1428 la
1128 1366 1242 1447 copia,
1268 1366 1312 1427 ne
1337 1367 1394 1426 be·

108 1492 226 1553 sogna
257 1473 292 1535 in
325 1473 441 1553 questi
465 1473 538 1535 casi
562 1476 673 1535 haver
697 1483 796 1535 tanto
821 1474 971 1556 rispetto
998 1494 1020 1536 a
1043 1473 1152 1554 quelli
1177 1474 1242 1535 che
1268 1471 1395 1533 dicono

109 1583 223 1642 haver
250 1581 307 1661 jus
340 1579 532 1660 quesitum,
563 1580 697 1660 perche
721 1577 972 1644 Sanctissimus
995 1580 1168 1643 Dominus
1192 1579 1322 1641 Noster
1350 1579 1395 1639 ad

108 1686 317 1749 evitandum
349 1696 484 1748 tantum
510 1688 638 1749 malum
663 1695 782 1769 potest
807 1687 912 1750 etiam
938 1686 1078 1751 auferre
1102 1685 1279 1749 beneficia
1303 1685 1395 1766 paci·

108 1793 178 1855 fica
210 1806 246 1855 et
278 1795 365 1856 dare
397 1793 490 1873 aliis,
525 1804 560 1855 et
593 1794 629 1855 di
654 1804 780 1875 questo
806 1814 850 1857 ne
874 1813 988 1875 prega
1011 1793 1105 1857 assai
1130 1795 1163 1857 el
1187 1795 1396 1875 supradetto

107 1900 306 1963 secretario
330 1901 396 1963 che
421 1902 467 1962 ha
488 1920 578 1982 gran
594 1901 730 1963 credito
753 1920 820 1963 con
837 1900 862 1962 li
875 1899 1079 1982 Lutherani,
1098 1911 1133 1964 et
1149 1910 1282 1963 mostra
1297 1902 1397 1961 voler

107 2008 187 2070 fare
212 2007 305 2071 assai
331 2007 367 2070 in
391 2011 499 2071 redur
523 2008 621 2070 molti
645 2009 832 2090 presertim
858 2009 893 2069 di
919 2010 1017 2071 detto
1048 2009 1181 2090 oppido
1201 2007 1395 2071 Sheltstad.

107 2116 193 2196 Ipse
224 2125 279 2177 est
302 2115 377 2196 Jac.
403 2114 576 2196 bpieghel
600 2116 666 2178 che
691 2116 748 2177 vol
775 2114 916 2177 omnino
942 2135 1039 2179 esser
1063 2117 1158 2177 buon
1184 2115 1335 2177 servitor
1360 2114 1394 2175 di

107 2223 152 2286 N.
179 2219 216 2285 S.
243 2234 279 2285 et
302 2222 339 2285 di
364 2222 407 2286 V.
433 2222 484 2284 δὴ*
501 2222 632 2284 Revw.

200 2327 329 2410 Quello
353 2329 497 2392 libretto
521 2330 587 2392 che
610 2328 645 2391 io
672 2330 799 2391 mando
826 2348 891 2390 con
916 2328 1017 2391 titulo
1043 2328 1246 2392 Constantis
1267 2327 1394 2390 Euboli

108 2436 310 2499 Moventini
336 2436 355 2498 ὲ
379 2446 434 2498 sta
457 2436 547 2498 fatto
572 2437 630 2498 dal
653 2446 776 2498 curato
793 2436 829 2498 di
848 2437 948 2499 detta
964 2446 1060 2498 terra
1076 2438 1196 2498 dottor
1212 2437 1394 2515 theologo,

108 2544 294 2606 nominato
320 2545 427 2623 paulo
460 2542 631 2624 Phrygio,
667 2552 703 2605 et
738 2553 864 2624 questo
897 2564 952 2605 me
982 2544 1030 2605 ha
1063 2545 1161 2606 detto
1192 2554 1330 2605 secreto
1363 2545 1395 2604 el

108 2651 321 2733 sopradetto
346 2649 460 2712 amico
485 2651 551 2712 che
581 2670 636 2712 me
659 2650 705 2710 ha
732 2651 815 2711 dato
840 2670 920 2712 esso
946 2649 1051 2729 libro,
1077 2660 1112 2712 et
1137 2651 1245 2712 dubio
1270 2653 1395 2730 procul

107 2767 289 2839 promette
323 2758 389 2819 che
419 2759 538 2838 quello
570 2777 633 2819 suo
665 2758 799 2837 populo
833 2756 911 2820 fara
942 2756 1028 2837 ogni
1052 2757 1325 2836 demostration‚
1357 2778 1395 2818 se

108 2865 151 2927 N.
178 2865 216 2927 S.
242 2864 266 2926 li
291 2862 454 2944 gratifica
478 2874 513 2925 et
538 2863 640 2926 simul
664 2863 780 2924 scriva
805 2883 850 2924 un
876 2866 985 2925 breve
1009 2875 1047 2926 ut
1072 2884 1189 2944 supra.

200 2972 335 3033 Mando
359 2981 526 3052 preterea
549 2990 619 3032 una
642 2969 892 3032 informatione
908 2969 1092 3050 Capitonis
1117 2970 1273 3032 doctoris
1298 2973 1393 3032 theo-

109 3080 184 3157 logi
218 3081 251 3140 el
288 3080 370 3159 qual
401 3090 456 3140 sta
487 3099 553 3141 con
585 3077 816 3158 Moguntino;
861 3054 1002 3158 questii
1035 3079 1209 3140 communi
1241 3079 1395 3140 omnium

108 3187 280 3268 opinione
306 3185 325 3248 e
350 3196 442 3249 stato
467 3205 607 3266 sempre
632 3187 725 3247 della
743 3194 841 3248 secta
858 3184 1081 3257 Lutherana;
1107 3205 1164 3247 ma
1179 3186 1212 3246 al
1227 3198 1394 3266 presente

109 3314 175 3375 per
204 3294 227 3355 il
253 3304 381 3374 patron
407 3292 426 3355 e
451 3302 602 3371 mutat0‚
635 3303 697 3355 aut
720 3294 847 3355 saltem
871 3290 1085 3370 dissimulat,
1119 3300 1155 3353 et
1180 3311 1246 3373 pur
1270 3311 1394 3372 spesso

107 3401 257 3463 intendo
291 3401 356 3462 che
389 3400 472 3462 nelli
504 3399 672 3480 colloquii
698 3410 842 3463 retorna
865 3400 899 3460 al
925 3397 1072 3478 vomito,
1104 3396 1128 3459 il
1153 3399 1219 3459 che
1244 3419 1314 3459 non
1339 3420 1394 3460 me

107 3510 145 3570 lo
170 3526 275 3588 nega,
300 3527 358 3569 ma
381 3507 459 3570 dice
483 3506 539 3569 far
563 3526 628 3587 per
653 3506 836 3587 descoprir
859 3505 881 3567 l'
900 3504 1015 3568 animo
1042 3504 1126 3567 delli
1144 3504 1235 3585 altri,
1260 3507 1294 3568 la
1311 3509 1392 3587 qual

108 3614 344 3677 excusatione
368 3614 545 3676 ancorche
569 3614 691 3695 inepta
714 3634 782 3696 pur
806 3613 838 3674 io
864 3612 973 3695 fengo
991 3612 1190 3692 mangiarla
1205 3622 1241 3674 et
1262 3625 1393 3676 mostro

107 3724 222 3783 haver
239 3721 324 3803 ogni
349 3721 418 3783 mia
442 3721 526 3784 fede
551 3720 584 3782 in
610 3720 675 3791 lui:
699 3723 819 3784 buono
844 3721 1008 3798 sarebbe,
1033 3741 1071 3783 se
1093 3718 1273 3800 possibile,
1294 3719 1393 3781 eche

110 3827 153 3889 N.
186 3827 224 3892 S.
257 3827 280 3890 il
317 3838 543 3890 contentasse
580 3827 713 3910 perche
749 3828 769 3889 e
805 3830 904 3889 dotto
936 3836 971 3888 et
1005 3827 1159 3890 facundo
1189 3837 1224 3890 et
1248 3829 1393 3889 multum

109 3945 230 4015 potest
254 3935 426 4016 prodesse
452 3947 486 3998 et
511 3938 651 3998 obesse.

201 4040 374 4125 Supplico
399 4063 419 4103 a
436 4041 480 4105 V.
498 4040 532 4103 S.
552 4042 626 4103 R¹¹¹⁸
641 4062 679 4104 se
705 4039 813 4122 degni
839 4042 903 4102 dar
927 4040 1173 4103 commissione
1195 4042 1241 4102 ad
1265 4043 1393 4103 alcuno
1421 4060 1423 4065 ’

110 4151 188 4227 che,
213 4168 280 4210 con
297 4150 331 4210 la
347 4148 408 4229 piri
425 4147 605 4212 dexterita
628 4159 665 4211 et
689 4147 854 4211 maturita
871 4168 909 4210 se
928 4148 1021 4227 pole,
1037 4147 1119 4208 vedi
1135 4147 1190 4209 far
1207 4159 1394 4211 eontentar

110 4265 298 4336 questoro‚
331 4256 462 4335 perche
494 4256 603 4317 molto
635 4254 784 4336 giovara
807 4274 828 4316 a
852 4253 1013 4336 prohibit
1046 4255 1222 4336 maggiori
1255 4255 1393 4318 tumulti

110 4361 145 4423 in
171 4373 298 4442 questa
322 4362 465 4425 natione
490 4362 524 4424 in
549 4364 598 4424 tal
623 4362 729 4425 modo
754 4360 932 4424 concitata
956 4362 1021 4423 che
1047 4381 1117 4424 non
1143 4361 1175 4422 ci
1200 4365 1292 4424 vedo
1311 4383 1393 4424 cosa

111 4471 231 4530 buona
249 4480 408 4553 ¹praeter
432 4468 631 4533 Caesarem.
679 4470 723 4531 Et
754 4490 775 4531 a
803 4470 922 4550 quella
946 4468 1099 4550 genibus
1121 4466 1223 4530 flexis
1248 4472 1335 4530 baso
1361 4471 1392 4530 le

111 4576 215 4637 mani.
255 4573 486 4639 Wormatiae.
511 4576 562 4638 VI
586 4576 759 4639 Februari
783 4574 965 4638 MDXXI.

139 4914 220 4966 Balari,
234 4915 377 4955 flmmeum
388 4915 524 4956 liutherum.
