3330 5580
719 415 963 474 ennoea

201 565 372 648 quirente,
397 566 587 646 plerasque
611 563 803 645 religiones
828 573 864 626 et
888 564 1032 627 ordines
1047 568 1335 649 exemplaritate,
1361 568 1477 633 sancti·

201 672 319 736 monia
342 693 383 734 ac
403 671 582 734 hominum
599 670 760 733 doctrina
782 680 1006 752 praestantes
1022 673 1176 754 elegisse
1200 694 1242 738 ac
1258 676 1478 739 substituisse

201 781 260 864 qui
285 779 415 844 Christi
445 800 574 842 nomen
605 778 640 840 in
671 778 768 841 orbis
799 788 919 860 partes
950 779 1218 860 praedicarent,
1255 783 1481 866 evangelium

200 889 387 966 docerent,
412 887 591 949 erroribus
622 895 658 947 et
691 885 953 948 declinantibus
987 899 1234 969 occurrerent,
1269 889 1365 953 inter
1396 910 1481 971 quos

200 997 342 1058 celeber
368 995 461 1065 ¹ordo
485 992 776 1056 Praedicatorum
802 1002 872 1073 est,
909 995 968 1075 qui
998 993 1176 1074 religiosis
1199 994 1286 1058 viris
1310 996 1484 1080 singulari

200 1101 361 1165 doctrina
385 1101 572 1163 admodum
599 1098 715 1162 floruit
745 1120 787 1162 ac
810 1098 932 1180 floret,
968 1100 1070 1163 titulo
1094 1100 1389 1166 Praedicatorum
1416 1124 1481 1166 me·

199 1210 265 1272 rito
291 1210 479 1271 decoratus
504 1206 668 1288 quoniam
688 1206 780 1269 inter
797 1215 958 1269 caeteros
973 1207 1116 1271 ordines
1137 1209 1280 1290 pondus
1293 1210 1484 1273 veritatem

198 1315 404 1397 indagandi,
428 1315 524 1377 illam
540 1313 782 1395 praedicandi,
808 1323 969 1378 errantes
985 1314 1194 1398 instruendi,
1216 1317 1383 1397 docendi,
1401 1319 1482 1380 dolo

198 1443 284 1486 vero
319 1433 355 1485 et
386 1421 595 1484 infidelitate
628 1420 875 1483 insidiantibus
910 1421 1119 1500 resistendi,
1154 1422 1235 1486 illos
1268 1423 1484 1506 inquirendi,

199 1529 399 1612 castigandi
430 1528 563 1590 eisdem
593 1526 763 1589 fratribus
793 1529 839 1590 ab
864 1528 1025 1592 Ecclesia
1049 1529 1118 1592 Dei
1142 1527 1276 1594 Sancta
1308 1533 1482 1595 creditum

197 1636 332 1700 fuitne
356 1635 568 1699 christianae
592 1633 753 1696 veritatis
784 1633 1032 1717 interpretatio
1056 1635 1255 1717 iniquorum
1280 1638 1423 1701 malicia
1447 1638 1482 1700 in

197 1744 394 1808 contrarios
420 1752 456 1805 et
477 1741 678 1804 haereticos
702 1761 826 1804 sensus
851 1752 1129 1807 converteretur.

287 1850 391 1932 Quod
424 1858 541 1912 autem
566 1848 707 1911 Ulricus
731 1848 876 1912 Huuten
909 1860 971 1912 aut
994 1850 1053 1912 alii
1077 1849 1170 1912 forte
1194 1849 1394 1932 iniquitatis
1419 1849 1482 1915 filii

196 1958 340 2021 Martini
365 1955 509 2019 Lutheri
541 1955 814 2018 haeresiarchae
847 1977 1019 2037 sequaces
1052 1956 1189 2020 animos
1221 1958 1405 2021 hominum
1440 1978 1483 2021 ac

196 2087 294 2130 arma
319 2075 442 2128 contra
466 2065 609 2126 eosdem
634 2061 763 2126 fratres
783 2063 954 2126 suscitent
977 2073 1013 2126 et
1036 2063 1221 2146 impellant
1235 2085 1344 2127 nosce
1360 2075 1484 2146 potest

195 2173 363 2238 nobilitas
402 2180 479 2247 tua,
517 2168 772 2233 concitationes
807 2170 978 2234 adversus
1019 2171 1307 2252 praedicatorum
1349 2171 1483 2235 fratres

195 2280 319 2360 factas,
344 2288 468 2342 contra
484 2275 582 2343 Petri
607 2287 642 2337 et
666 2278 909 2359 apostolorum
933 2298 1016 2360 ymo
1041 2288 1165 2341 contra
1181 2278 1311 2342 Christi
1328 2279 1483 2342 nuncios

196 2399 232 2451 et
256 2396 380 2449 contra
403 2385 517 2466 ipsum
542 2382 719 2446 Christum
743 2403 809 2464 pro
835 2404 903 2465 quo
929 2384 1058 2446 Petrus
1082 2395 1118 2447 et
1144 2385 1309 2467 Apostoli
1332 2385 1483 2451 fuerunt

197 2507 232 2558 et
261 2515 327 2577 pro
359 2514 429 2575 quo
454 2492 640 2554 Romanus
666 2490 836 2553 Pontifex
867 2499 902 2552 et
926 2501 1049 2553 sancta
1072 2492 1240 2555 Romana
1264 2492 1420 2556 ecclesia
1445 2494 1481 2556 in

194 2602 299 2666 terris
323 2610 385 2680 est,
411 2620 432 2662 a
456 2598 583 2680 quibus
606 2596 736 2660 fratres
759 2597 827 2679 ipsi
843 2597 1026 2660 mittuntur
1050 2596 1127 2660 fieri
1152 2619 1192 2661 ac
1216 2599 1325 2662 fuisse
1343 2598 1481 2674 factas;

196 2731 260 2773 nec
295 2728 397 2771 secus
421 2710 509 2769 haec
534 2726 625 2768 nunc
659 2707 705 2767 ab
730 2705 853 2768 Ulrico
876 2703 911 2766 in
937 2703 1129 2768 Germania
1157 2716 1346 2787 geruntur,
1384 2728 1482 2789 quae

194 2826 319 2880 contra
351 2815 494 2877 eosdem
518 2813 648 2875 fratres
679 2821 740 2874 aut
763 2812 852 2875 alios
877 2810 1053 2874 Christum
1083 2822 1118 2874 et
1143 2813 1217 2876 eius
1241 2814 1481 2897 Evangelium

194 2923 228 2987 in
254 2924 388 2986 Turcas
419 2919 628 3002 praedicare
652 2920 814 2981 volentes
848 2938 969 2981 omnes
995 2921 1164 3000 expulsos
1197 2921 1256 2984 vel
1279 2921 1481 2986 trucidatos

195 3040 230 3093 et
261 3029 356 3092 facta
388 3029 498 3090 fuisse
532 3036 567 3089 et
599 3025 676 3088 fieri
700 3024 858 3106 quotidie
891 3026 1150 3106 cognoscimus.
1197 3026 1335 3108 Quibus
1367 3032 1481 3094 rebus

193 3138 325 3200 factum
357 3146 411 3198 est
441 3145 479 3197 ut
510 3133 633 3216 populi
665 3133 772 3195 rudes
804 3132 1029 3213 evangelium
1060 3132 1191 3196 Christi
1220 3145 1319 3198 recte
1352 3137 1480 3201 audire

193 3252 415 3325 nequeuntes
445 3241 612 3304 adiuncta
634 3240 777 3303 licentia
808 3239 964 3302 libidinis
989 3262 1008 3302 a
1033 3239 1173 3303 Christo
1207 3262 1246 3304 se
1269 3262 1310 3306 se
1332 3263 1478 3326 separa-

193 3351 310 3414 verint
343 3371 385 3413 ac
421 3346 684 3432 spurcissimum
719 3356 755 3408 et
788 3346 967 3410 infelicem
998 3347 1264 3412 Mahumethum
1298 3369 1364 3431 pro
1395 3352 1477 3416 Deo

192 3460 312 3521 colant
335 3457 502 3536 adorent,
538 3463 591 3516 tot
615 3453 835 3516 exercituum
859 3453 1054 3517 animarum
1084 3454 1119 3518 in
1145 3455 1251 3535 Asia,
1287 3455 1416 3520 Africa
1441 3469 1479 3522 et

192 3565 358 3647 Europae
382 3572 485 3645 parte
508 3560 709 3643 perditione
734 3570 769 3623 et
792 3569 892 3622 tanto
917 3559 1000 3623 fidei
1026 3561 1155 3624 Christi
1180 3563 1394 3627 detrimento
1419 3586 1476 3629 ea-

193 3673 273 3734 dem
289 3670 542 3733 Maumethana
562 3689 661 3730 mens
685 3667 783 3748 (licet
799 3667 1050 3750 diversimode)
1073 3668 1110 3732 in
1127 3669 1342 3752 impiissimis
1358 3671 1477 3737 Ulrici

191 3778 376 3842 conatibus
396 3787 451 3839 est
466 3796 569 3856 nunc,
591 3775 651 3857 qui
667 3794 840 3857 personas
858 3784 894 3838 et
909 3776 1005 3838 bona
1020 3774 1168 3839 fratrum
1184 3777 1477 3858 praedicatorum

190 3907 255 3969 pro
280 3884 441 3948 Ecclesia
464 3883 534 3946 Dei
558 3892 681 3945 sancta
708 3901 773 3964 pro
798 3881 876 3963 ipso
901 3880 1041 3945 Christo
1067 3882 1386 3964 evangelizantium
1412 3906 1477 3969 po·

190 3992 283 4077 pulis
314 3991 521 4073 dirripenda
554 3989 661 4052 tradit
690 3999 728 4051 ut
752 3989 858 4050 escha
882 3988 1053 4051 avaritiae
1085 3999 1121 4052 et
1151 4010 1268 4052 rerum
1298 4010 1477 4058 novarum

191 4101 318 4182 quibus
341 4097 464 4180 populi
489 4099 714 4159 oblectantur
741 4095 820 4157 illos
845 4105 1066 4158 commoveat
1089 4095 1303 4177 incitetque‚
1328 4107 1365 4160 et
1388 4099 1477 4164 defi·

191 4208 364 4271 cientibus
387 4206 423 4268 in
447 4205 508 4267 illa
533 4202 746 4268 Germaniae
771 4213 872 4284 parte
900 4201 986 4282 ipsis
1011 4202 1223 4266 doctissimis
1248 4212 1283 4266 et
1306 4201 1478 4272 fidelibus

84 4334 93 4350 ·
191 4315 276 4378 viris
307 4333 372 4395 pro
397 4311 501 4374 nobis
533 4320 568 4373 et
591 4312 658 4373 hac
683 4318 806 4372 sancta
830 4306 940 4388 Sede,
969 4328 1035 4389 pro
1061 4308 1200 4372 Christo
1226 4311 1476 4391 evangelizab.
1521 4391 1524 4394 Α

189 4421 284 4485 tibus
309 4430 344 4482 et
368 4417 540 4500 impietati
558 4416 757 4498 iniquorum
775 4414 1032 4496 resistentibus,
1058 4415 1200 4479 Ulricus
1223 4416 1300 4498 ipse
1316 4422 1478 4499 populos

189 4526 263 4614 (qui
294 4525 436 4609 plurimi
459 4523 590 4605 ubique
614 4524 721 4584 rudes
745 4523 837 4602 sunt)
869 4542 891 4584 a
924 4522 1168 4586 sanctionibus
1192 4523 1375 4587 Ecclesiae
1400 4527 1475 4592 Dei

189 4643 225 4696 et
249 4635 295 4696 ab
318 4633 396 4715 ipso
414 4629 553 4694 Christo
578 4640 722 4711 separet
746 4638 781 4691 et
804 4629 940 4710 laqueis
964 4629 1098 4691 diaboli
1119 4629 1216 4712 liget,
1243 4629 1474 4700 Germaniam

188 4741 271 4805 fidei
284 4737 598 4823 propugnatricem
611 4733 914 4818 persequutricem
929 4731 1047 4816 faciat,
1064 4757 1110 4798 ex
1122 4735 1328 4800 fidelissima
1338 4735 1475 4806 Christi
