3330 5580
714 106 961 175 oossocm

194 265 267 347 liri,
301 286 373 330 non
398 265 497 348 prius
520 265 658 349 pacatis
691 266 734 329 iis
767 266 942 347 dissidiis,
981 288 1073 349 quae
1109 266 1336 331 Germaniam
1373 276 1479 349 tuam,

194 395 297 455 quam
322 375 433 456 longa
457 375 599 455 lataque
624 383 689 454 est,
713 376 759 436 ob
776 376 867 437 hanc
888 374 1223 456 perniciosissimam
1240 375 1477 438 Lutheranam

196 490 329 544 sectam
355 480 475 545 multis
499 480 677 563 variisque
701 480 835 562 modis,
868 503 889 545 a
922 481 1044 544 debita
1076 482 1140 544 tibi
1175 481 1379 546 obedientia
1403 482 1478 546 fere

194 586 502 655 abalienaverunt.
558 587 632 650 Nos
666 607 753 650 vero
789 589 854 650 etsi
886 587 938 674 (ut
971 589 1135 671 superius
1169 588 1336 669 diximus)
1372 608 1476 670 quae-

193 713 343 775 cumque
374 695 553 776 potuimus
591 704 626 759 et
657 693 842 758 debuimus
875 695 1033 759 remedia
1062 706 1186 758 contra
1215 697 1308 759 hanc
1341 705 1478 780 pestem

193 800 366 864 adhibere
382 800 480 864 enixi
504 820 635 882 sumus,
660 800 823 867 dabimus
840 811 956 864 tamen
973 811 1148 884 perpetuo
1165 822 1311 884 operam
1332 801 1478 864 favente

194 929 246 987 en,
272 906 334 989 qui
358 906 473 970 Nobis
497 907 580 970 licet
602 907 759 990 indignis
783 906 835 975 sui
859 909 981 990 gregis
1006 929 1124 971 curam
1150 908 1339 988 commisit,
1370 918 1408 970 ut
1432 928 1477 970 ne

194 1015 364 1097 Maiestas
392 1014 470 1077 Tua
505 1023 565 1077 aut
600 1014 689 1077 alius
725 1014 930 1096 quisquam,
967 1017 1061 1098 quod
1097 1025 1282 1097 praestare
1317 1024 1478 1078 tenemur

193 1120 360 1202 officium,
384 1121 420 1184 in
444 1120 557 1185 Nobis
581 1121 707 1185 merito
733 1121 922 1185 desideret.

281 1246 425 1311 Datum.

281 1369 511 1433 Hieronimus
553 1369 738 1434 Aleander
779 1371 908 1453 Typon
955 1371 1059 1435 huius
1106 1371 1306 1452 Apostolici
1346 1372 1475 1436 Brevis

193 1477 410 1559 composuit:
437 1476 519 1540 licet
534 1497 604 1540 non
621 1476 737 1560 ipsum
753 1479 881 1559 Breve,
904 1479 967 1542 sed
988 1499 1142 1560 sequens
1158 1479 1352 1560 instructio,
1369 1479 1475 1542 etiam

194 1586 236 1647 ab
261 1604 305 1647 eo
331 1585 546 1666 composita,
578 1584 687 1648 fuerit
710 1586 755 1648 ad
781 1586 948 1650 Cesarem
982 1585 1097 1652 missa.
1146 1584 1263 1667 Quum
1286 1585 1337 1648 sic
1361 1585 1474 1648 visum

193 1699 287 1755 esset
311 1691 345 1754 ei
369 1691 428 1774 qui
453 1691 571 1754 omnia
594 1701 737 1776 poterat
760 1693 856 1775 apud
881 1693 1098 1757 Clementem
1122 1692 1202 1757 VII.

731 1897 938 1910 'MN-'ummmo

798 2146 871 2212 154.

215 2261 412 2343 instructio
436 2262 614 2345 mittenda
641 2264 687 2343 ad
705 2263 860 2345 Nunnius
884 2263 1095 2365 apostolicos
1123 2265 1219 2365 opud
1238 2263 1446 2347 caesaream

526 2386 752 2488 Maiestatem
780 2410 887 2490 super
913 2410 950 2469 re
977 2389 1135 2471 lutheri.

600 2537 684 2604 (Ante
701 2536 918 2596 wormatiensis
935 2535 980 2595 fol.
999 2537 1066 2609 22⁴7.)

646 2656 712 2720 (Sub
732 2656 782 2705 fine
801 2655 905 2721 Aprilis
928 2655 1015 2723 1524.)

533 2806 580 2869 In
611 2809 653 2870 la
685 2828 819 2871 causa
851 2807 1122 2870 Lutherana.

278 2927 328 2992 Se
358 2939 467 3011 potra
489 2932 647 2994 advertit
678 2933 712 2995 la
736 2932 890 2996 Cesarea
914 2930 1054 2995 Maesta
1085 2933 1151 2995 che
1175 2952 1246 2994 non
1276 2934 1472 2998 solamente

188 3038 224 3099 la
248 3036 409 3100 Saxonia
433 3058 490 3101 ma
513 3047 590 3101 tuta
613 3040 648 3102 la
664 3039 867 3122 Alemagna
891 3041 965 3102 alta
989 3049 1024 3102 et
1048 3041 1164 3119 bassa,
1189 3049 1225 3102 et
1248 3039 1271 3101 li
1296 3041 1348 3103 soi
1373 3041 1473 3123 paesi

189 3144 235 3206 de
258 3143 474 3223 Brabantia,
500 3154 536 3207 et
558 3145 744 3226 Flandria,
769 3145 932 3227 Phrysia,
957 3144 1145 3227 Zelandia,
1170 3146 1359 3229 Holandia,
1384 3169 1472 3212 sono

188 3250 327 3333 peggio
356 3252 422 3314 che
445 3251 515 3314 mai
538 3250 655 3314 infetti
679 3252 727 3315 da
750 3260 876 3333 questa
900 3260 1017 3335 peste,
1050 3271 1150 3315 come
1176 3252 1472 3317 verisimelmente

188 3355 264 3420 Sua
286 3356 426 3421 Maesta
451 3359 542 3421 deve
566 3379 664 3422 esser
687 3358 864 3422 advertite
888 3358 935 3421 da
958 3358 983 3420 li
1006 3357 1071 3421 soi.

277 3481 324 3545 Et
354 3502 463 3547 ancor
493 3485 559 3546 che
591 3504 636 3547 ne
661 3483 685 3547 li
709 3483 761 3547 soi
785 3483 885 3566 paesi
916 3482 1110 3546 d'llustria
1142 3493 1227 3563 etc,
1255 3484 1473 3549 l'Arciduca

188 3586 333 3652 fratello
358 3589 403 3652 de
420 3586 493 3652 Sua
508 3589 648 3654 Maesta
671 3591 749 3675 pari
774 3593 840 3655 che
864 3591 936 3654 faci
959 3588 1078 3653 officio
1103 3591 1221 3673 degno
1246 3592 1291 3655 de
1308 3613 1372 3656 sua
1392 3613 1470 3675 pro-

189 3695 314 3777 genie,
339 3705 376 3759 et
398 3698 512 3778 bono,
542 3707 578 3761 et
602 3698 777 3762 catholico
801 3697 988 3779 Principe,
1020 3695 1251 3776 nondimeno,
1283 3719 1304 3761 0
1328 3699 1370 3762 sii
1394 3721 1472 3782 per·

189 3802 254 3865 che
278 3802 304 3865 li
327 3803 452 3867 vecchi
475 3805 664 3869 conselieri
695 3807 740 3869 de
764 3805 871 3887 quelli
896 3803 997 3886 paesi
1028 3802 1132 3867 furno
1157 3824 1296 3887 sempre
1328 3809 1399 3871 mal
1423 3808 1471 3870 di-

188 3908 302 3991 sposti
325 3929 432 3974 verso
455 3922 581 3992 questa
605 3911 718 3976 Santa
742 3912 846 3991 Sede,
872 3933 893 3974 o
917 3932 982 3993 per
1005 3914 1096 3974 altra
1121 3931 1248 3992 causa,
1273 3913 1357 3994 ogni
1382 3914 1418 3977 di
1443 3915 1472 3978 si

188 4016 281 4080 vede
312 4018 463 4098 qualche
488 4037 577 4100 gran
602 4020 819 4099 desordene,
857 4032 891 4081 et
915 4020 985 4082 mal
1009 4019 1176 4100 exemplo
1208 4019 1253 4082 de
1277 4022 1311 4083 le
1335 4041 1417 4085 cose
1442 4023 1472 4085 si

189 4120 298 4186 fanno
322 4126 478 4188 secundo
503 4136 629 4209 questa
653 4127 844 4190 maledetta
868 4135 971 4190 setta.

276 4228 367 4294 Item
391 4233 425 4296 le
449 4232 533 4296 cittii
557 4234 705 4298 franche
730 4254 830 4297 come
850 4233 1108 4315 Noremberga,
1132 4226 1308 4315 Augusta,
1333 4236 1471 4320 Argen·

188 4334 284 4417 tina,
319 4335 443 4422 Spira,
479 4342 545 4404 che
579 4344 725 4406 soleano
757 4362 896 4423 sempre
921 4339 1132 4422 gobernarsi
1166 4342 1472 4430 prudentemente,

190 4460 278 4507 sono
311 4445 405 4510 assai
435 4446 496 4529 piu
521 4450 760 4514 contaminate
791 4449 856 4512 che
880 4449 904 4511 li
929 4448 1010 4511 altri
1033 4445 1168 4529 populi.
1215 4447 1260 4511 Et
1290 4475 1355 4576 per
1386 4466 1471 4545 ogni

1257 4545 1292 4600 22
