<?xml version="1.0" encoding="UTF-8"?>
<!DOCTYPE html PUBLIC "-//W3C//DTD XHTML 1.0 Transitional//EN"
    "http://www.w3.org/TR/xhtml1/DTD/xhtml1-transitional.dtd">
<html xmlns="http://www.w3.org/1999/xhtml" xml:lang="en" lang="en">
 <head>
  <title>
</title>
<meta http-equiv="Content-Type" content="text/html;charset=utf-8" />
  <meta name='ocr-system' content='tesseract 3.04.00' />
  <meta name='ocr-capabilities' content='ocr_page ocr_carea ocr_par ocr_line ocrx_word'/>
</head>
<body>
  <div class='ocr_page' id='page_1' title='image "./monumentareform00vatigoog_0157.png"; bbox 0 0 3330 5580; ppageno 0'>
   <div class='ocr_carea' id='block_1_1' title="bbox 707 489 952 545">
    <p class='ocr_par' dir='ltr' id='par_1_1' title="bbox 707 489 952 545">
     <span class='ocr_line' id='line_1_1' title="bbox 707 489 952 545; baseline -0.004 0"><span class='ocrx_word' id='word_1_1' title='bbox 707 492 765 545; x_wconf 61' lang='grc'>0-3</span> <span class='ocrx_word' id='word_1_2' title='bbox 806 492 856 545; x_wconf 86' lang='grc'>116</span> <span class='ocrx_word' id='word_1_3' title='bbox 895 489 952 544; x_wconf 57' lang='grc' dir='ltr'>ΕΗ</span> 
     </span>
    </p>
   </div>
   <div class='ocr_carea' id='block_1_2' title="bbox 191 635 1482 2626">
    <p class='ocr_par' dir='ltr' id='par_1_2' title="bbox 191 635 1480 933">
     <span class='ocr_line' id='line_1_2' title="bbox 191 635 1480 718; baseline 0.006 -23"><span class='ocrx_word' id='word_1_4' title='bbox 191 656 273 696; x_wconf 81' lang='lat' dir='ltr'>cosa</span> <span class='ocrx_word' id='word_1_5' title='bbox 305 635 393 715; x_wconf 85' lang='lat' dir='ltr'>sapii</span> <span class='ocrx_word' id='word_1_6' title='bbox 427 637 545 716; x_wconf 86' lang='lat' dir='ltr'>quella</span> <span class='ocrx_word' id='word_1_7' title='bbox 572 638 637 698; x_wconf 81' lang='lat' dir='ltr'>che</span> <span class='ocrx_word' id='word_1_8' title='bbox 662 649 830 718; x_wconf 84' lang='lat' dir='ltr'>quostoro</span> <span class='ocrx_word' id='word_1_9' title='bbox 856 658 945 699; x_wconf 90' lang='lat' dir='ltr'>sono</span> <span class='ocrx_word' id='word_1_10' title='bbox 969 643 1041 699; x_wconf 87' lang='lat' dir='ltr'>cosi</span> <span class='ocrx_word' id='word_1_11' title='bbox 1066 637 1243 718; x_wconf 86' lang='lat' dir='ltr'>impacciti</span> <span class='ocrx_word' id='word_1_12' title='bbox 1270 640 1337 701; x_wconf 89' lang='lat' dir='ltr'>che</span> <span class='ocrx_word' id='word_1_13' title='bbox 1364 640 1480 702; x_wconf 78' lang='lat' dir='ltr'>fanno</span> 
     </span>
     <span class='ocr_line' id='line_1_3' title="bbox 191 741 1479 826; baseline 0.005 -23"><span class='ocrx_word' id='word_1_14' title='bbox 191 741 325 824; x_wconf 77' lang='lat' dir='ltr'>poggio</span> <span class='ocrx_word' id='word_1_15' title='bbox 358 744 423 804; x_wconf 88' lang='lat' dir='ltr'>che</span> <span class='ocrx_word' id='word_1_16' title='bbox 455 753 587 824; x_wconf 88' lang='lat' dir='ltr'>poteno</span> <span class='ocrx_word' id='word_1_17' title='bbox 613 755 746 825; x_wconf 86' lang='lat' dir='ltr'>quanto</span> <span class='ocrx_word' id='word_1_18' title='bbox 772 745 830 826; x_wconf 77' lang='lat' dir='ltr'>piu</span> <span class='ocrx_word' id='word_1_19' title='bbox 856 744 994 826; x_wconf 86' lang='lat' dir='ltr'>grande</span> <span class='ocrx_word' id='word_1_20' title='bbox 1020 745 1037 806; x_wconf 73' lang='grc' dir='ltr'>ὁ</span> <span class='ocrx_word' id='word_1_21' title='bbox 1063 744 1119 806; x_wconf 93' lang='lat' dir='ltr'>chi</span> <span class='ocrx_word' id='word_1_22' title='bbox 1143 745 1190 808; x_wconf 89' lang='lat' dir='ltr'>da</span> <span class='ocrx_word' id='word_1_23' title='bbox 1213 744 1334 808; x_wconf 89' lang='lat' dir='ltr'>Roma</span> <span class='ocrx_word' id='word_1_24' title='bbox 1358 745 1479 826; x_wconf 88' lang='lat' dir='ltr'>viene,</span> 
     </span>
     <span class='ocr_line' id='line_1_4' title="bbox 192 848 816 933; baseline 0.008 -23"><span class='ocrx_word' id='word_1_25' title='bbox 192 848 378 931; x_wconf 83' lang='lat' dir='ltr'>presertim</span> <span class='ocrx_word' id='word_1_26' title='bbox 404 871 469 932; x_wconf 88' lang='lat' dir='ltr'>per</span> <span class='ocrx_word' id='word_1_27' title='bbox 493 871 596 913; x_wconf 89' lang='lat' dir='ltr'>nome</span> <span class='ocrx_word' id='word_1_28' title='bbox 621 853 680 914; x_wconf 92' lang='lat' dir='ltr'>del</span> <span class='ocrx_word' id='word_1_29' title='bbox 705 853 816 933; x_wconf 89' lang='lat' dir='ltr'>Papa.</span> 
     </span>
    </p>

    <p class='ocr_par' dir='ltr' id='par_1_3' title="bbox 191 957 1482 2626">
     <span class='ocr_line' id='line_1_5' title="bbox 280 957 1480 1040; baseline 0.005 -23"><span class='ocrx_word' id='word_1_30' title='bbox 280 957 336 1018; x_wconf 84' lang='lat' dir='ltr'>De</span> <span class='ocrx_word' id='word_1_31' title='bbox 360 959 507 1019; x_wconf 89' lang='lat' dir='ltr'>mandar</span> <span class='ocrx_word' id='word_1_32' title='bbox 532 960 635 1020; x_wconf 91' lang='lat' dir='ltr'>alcun</span> <span class='ocrx_word' id='word_1_33' title='bbox 656 962 746 1021; x_wconf 87' lang='lat' dir='ltr'>altro</span> <span class='ocrx_word' id='word_1_34' title='bbox 771 979 842 1022; x_wconf 92' lang='lat' dir='ltr'>non</span> <span class='ocrx_word' id='word_1_35' title='bbox 859 958 1051 1035; x_wconf 82' lang='lat' dir='ltr'>cardinale,</span> <span class='ocrx_word' id='word_1_36' title='bbox 1075 959 1127 1021; x_wconf 87' lang='lat' dir='ltr'>sel</span> <span class='ocrx_word' id='word_1_37' title='bbox 1142 958 1170 1020; x_wconf 88' lang='lat' dir='ltr'>si</span> <span class='ocrx_word' id='word_1_38' title='bbox 1186 958 1223 1021; x_wconf 85' lang='lat' dir='ltr'>fa</span> <span class='ocrx_word' id='word_1_39' title='bbox 1239 960 1371 1040; x_wconf 65' lang='lat' dir='ltr'>perche</span> <span class='ocrx_word' id='word_1_40' title='bbox 1386 960 1408 1023; x_wconf 86' lang='lat' dir='ltr'>l’</span> <span class='ocrx_word' id='word_1_41' title='bbox 1424 959 1480 1023; x_wconf 90' lang='lat' dir='ltr'>usi</span> 
     </span>
     <span class='ocr_line' id='line_1_6' title="bbox 191 1062 1479 1147; baseline 0.005 -24"><span class='ocrx_word' id='word_1_42' title='bbox 191 1062 249 1144; x_wconf 78' lang='lat' dir='ltr'>piir</span> <span class='ocrx_word' id='word_1_43' title='bbox 276 1062 358 1125; x_wconf 86' lang='lat' dir='ltr'>fede</span> <span class='ocrx_word' id='word_1_44' title='bbox 383 1073 420 1126; x_wconf 94' lang='lat' dir='ltr'>et</span> <span class='ocrx_word' id='word_1_45' title='bbox 443 1064 630 1146; x_wconf 87' lang='lat' dir='ltr'>diligentia</span> <span class='ocrx_word' id='word_1_46' title='bbox 654 1066 719 1129; x_wconf 93' lang='lat' dir='ltr'>che</span> <span class='ocrx_word' id='word_1_47' title='bbox 744 1066 785 1128; x_wconf 86' lang='lat' dir='ltr'>sii</span> <span class='ocrx_word' id='word_1_48' title='bbox 810 1076 866 1129; x_wconf 87' lang='lat' dir='ltr'>sta</span> <span class='ocrx_word' id='word_1_49' title='bbox 889 1065 937 1129; x_wconf 88' lang='lat' dir='ltr'>fin</span> <span class='ocrx_word' id='word_1_50' title='bbox 962 1069 1019 1147; x_wconf 91' lang='lat' dir='ltr'>qul</span> <span class='ocrx_word' id='word_1_51' title='bbox 1044 1084 1110 1146; x_wconf 88' lang='lat' dir='ltr'>per</span> <span class='ocrx_word' id='word_1_52' title='bbox 1134 1085 1190 1126; x_wconf 90' lang='lat' dir='ltr'>me</span> <span class='ocrx_word' id='word_1_53' title='bbox 1214 1075 1316 1128; x_wconf 87' lang='lat' dir='ltr'>usata</span> <span class='ocrx_word' id='word_1_54' title='bbox 1339 1076 1377 1130; x_wconf 88' lang='lat' dir='ltr'>et</span> <span class='ocrx_word' id='word_1_55' title='bbox 1399 1087 1479 1130; x_wconf 88' lang='lat' dir='ltr'>usa·</span> 
     </span>
     <span class='ocr_line' id='line_1_7' title="bbox 192 1169 1479 1255; baseline 0.005 -25"><span class='ocrx_word' id='word_1_56' title='bbox 192 1169 272 1249; x_wconf 87' lang='lat' dir='ltr'>rasi,</span> <span class='ocrx_word' id='word_1_57' title='bbox 298 1180 394 1232; x_wconf 89' lang='lat' dir='ltr'>certo</span> <span class='ocrx_word' id='word_1_58' title='bbox 419 1192 485 1252; x_wconf 91' lang='lat' dir='ltr'>per</span> <span class='ocrx_word' id='word_1_59' title='bbox 508 1173 557 1233; x_wconf 90' lang='lat' dir='ltr'>tal</span> <span class='ocrx_word' id='word_1_60' title='bbox 581 1193 688 1235; x_wconf 85' lang='lat' dir='ltr'>causa</span> <span class='ocrx_word' id='word_1_61' title='bbox 712 1194 783 1235; x_wconf 93' lang='lat' dir='ltr'>non</span> <span class='ocrx_word' id='word_1_62' title='bbox 807 1176 980 1255; x_wconf 90' lang='lat' dir='ltr'>besogna‚</span> <span class='ocrx_word' id='word_1_63' title='bbox 1013 1182 1048 1235; x_wconf 91' lang='lat' dir='ltr'>et</span> <span class='ocrx_word' id='word_1_64' title='bbox 1073 1171 1108 1233; x_wconf 92' lang='lat' dir='ltr'>di</span> <span class='ocrx_word' id='word_1_65' title='bbox 1132 1172 1187 1234; x_wconf 82' lang='lat' dir='ltr'>cio</span> <span class='ocrx_word' id='word_1_66' title='bbox 1212 1192 1282 1236; x_wconf 93' lang='lat' dir='ltr'>non</span> <span class='ocrx_word' id='word_1_67' title='bbox 1307 1192 1353 1236; x_wconf 90' lang='lat' dir='ltr'>ne</span> <span class='ocrx_word' id='word_1_68' title='bbox 1380 1175 1479 1237; x_wconf 91' lang='lat' dir='ltr'>volio</span> 
     </span>
     <span class='ocr_line' id='line_1_8' title="bbox 192 1277 1479 1360; baseline 0.005 -21"><span class='ocrx_word' id='word_1_69' title='bbox 192 1277 283 1339; x_wconf 87' lang='lat' dir='ltr'>altro</span> <span class='ocrx_word' id='word_1_70' title='bbox 307 1277 507 1341; x_wconf 87' lang='lat' dir='ltr'>testimonio</span> <span class='ocrx_word' id='word_1_71' title='bbox 533 1282 598 1341; x_wconf 91' lang='lat' dir='ltr'>che</span> <span class='ocrx_word' id='word_1_72' title='bbox 623 1279 659 1341; x_wconf 92' lang='lat' dir='ltr'>di</span> <span class='ocrx_word' id='word_1_73' title='bbox 684 1280 773 1342; x_wconf 87' lang='lat' dir='ltr'>tanti</span> <span class='ocrx_word' id='word_1_74' title='bbox 798 1279 932 1343; x_wconf 88' lang='lat' dir='ltr'>italiani</span> <span class='ocrx_word' id='word_1_75' title='bbox 954 1294 990 1342; x_wconf 91' lang='lat' dir='ltr'>et</span> <span class='ocrx_word' id='word_1_76' title='bbox 1006 1279 1171 1360; x_wconf 88' lang='lat' dir='ltr'>spagnoli</span> <span class='ocrx_word' id='word_1_77' title='bbox 1187 1280 1252 1343; x_wconf 91' lang='lat' dir='ltr'>che</span> <span class='ocrx_word' id='word_1_78' title='bbox 1268 1301 1306 1342; x_wconf 91' lang='lat' dir='ltr'>se</span> <span class='ocrx_word' id='word_1_79' title='bbox 1323 1290 1479 1345; x_wconf 85' lang='lat' dir='ltr'>trovano</span> 
     </span>
     <span class='ocr_line' id='line_1_9' title="bbox 193 1383 1479 1468; baseline 0.006 -24"><span class='ocrx_word' id='word_1_80' title='bbox 193 1383 226 1444; x_wconf 92' lang='lat' dir='ltr'>in</span> <span class='ocrx_word' id='word_1_81' title='bbox 253 1395 378 1464; x_wconf 88' lang='lat' dir='ltr'>questa</span> <span class='ocrx_word' id='word_1_82' title='bbox 403 1384 526 1465; x_wconf 91' lang='lat' dir='ltr'>Dieta,</span> <span class='ocrx_word' id='word_1_83' title='bbox 556 1386 632 1448; x_wconf 81' lang='lat' dir='ltr'>diro</span> <span class='ocrx_word' id='word_1_84' title='bbox 668 1408 735 1468; x_wconf 91' lang='lat' dir='ltr'>pur</span> <span class='ocrx_word' id='word_1_85' title='bbox 760 1390 872 1449; x_wconf 80' lang='lat' dir='ltr'>anche</span> <span class='ocrx_word' id='word_1_86' title='bbox 898 1386 933 1447; x_wconf 92' lang='lat' dir='ltr'>di</span> <span class='ocrx_word' id='word_1_87' title='bbox 958 1386 1026 1448; x_wconf 85' lang='lat' dir='ltr'>essi</span> <span class='ocrx_word' id='word_1_88' title='bbox 1052 1384 1168 1448; x_wconf 88' lang='lat' dir='ltr'>istessi</span> <span class='ocrx_word' id='word_1_89' title='bbox 1192 1387 1344 1449; x_wconf 89' lang='lat' dir='ltr'>alemani</span> <span class='ocrx_word' id='word_1_90' title='bbox 1369 1387 1479 1452; x_wconf 87' lang='lat' dir='ltr'>etiam</span> 
     </span>
     <span class='ocr_line' id='line_1_10' title="bbox 193 1490 1479 1575; baseline 0.005 -23"><span class='ocrx_word' id='word_1_91' title='bbox 193 1490 399 1571; x_wconf 88' lang='lat' dir='ltr'>adversarii,</span> <span class='ocrx_word' id='word_1_92' title='bbox 424 1491 448 1554; x_wconf 92' lang='lat' dir='ltr'>li</span> <span class='ocrx_word' id='word_1_93' title='bbox 473 1493 568 1573; x_wconf 93' lang='lat' dir='ltr'>quali</span> <span class='ocrx_word' id='word_1_94' title='bbox 593 1513 659 1574; x_wconf 91' lang='lat' dir='ltr'>pur</span> <span class='ocrx_word' id='word_1_95' title='bbox 684 1503 814 1575; x_wconf 88' lang='lat' dir='ltr'>troppo</span> <span class='ocrx_word' id='word_1_96' title='bbox 838 1494 867 1555; x_wconf 92' lang='lat' dir='ltr'>si</span> <span class='ocrx_word' id='word_1_97' title='bbox 892 1495 1095 1555; x_wconf 89' lang='lat' dir='ltr'>lamentano</span> <span class='ocrx_word' id='word_1_98' title='bbox 1119 1493 1215 1555; x_wconf 91' lang='lat' dir='ltr'>della</span> <span class='ocrx_word' id='word_1_99' title='bbox 1237 1493 1307 1556; x_wconf 90' lang='lat' dir='ltr'>mia</span> <span class='ocrx_word' id='word_1_100' title='bbox 1331 1494 1415 1558; x_wconf 87' lang='lat' dir='ltr'>fede</span> <span class='ocrx_word' id='word_1_101' title='bbox 1441 1506 1479 1558; x_wconf 91' lang='lat' dir='ltr'>et</span> 
     </span>
     <span class='ocr_line' id='line_1_11' title="bbox 194 1596 1478 1683; baseline 0.008 -26"><span class='ocrx_word' id='word_1_102' title='bbox 194 1596 396 1678; x_wconf 84' lang='lat' dir='ltr'>diligentia,</span> <span class='ocrx_word' id='word_1_103' title='bbox 429 1599 594 1662; x_wconf 88' lang='lat' dir='ltr'>vedendo</span> <span class='ocrx_word' id='word_1_104' title='bbox 626 1599 647 1663; x_wconf 91' lang='lat' dir='ltr'>l’</span> <span class='ocrx_word' id='word_1_105' title='bbox 667 1599 789 1663; x_wconf 86' lang='lat' dir='ltr'>effetto</span> <span class='ocrx_word' id='word_1_106' title='bbox 823 1601 917 1662; x_wconf 91' lang='lat' dir='ltr'>delle</span> <span class='ocrx_word' id='word_1_107' title='bbox 949 1603 1067 1661; x_wconf 89' lang='lat' dir='ltr'>buone</span> <span class='ocrx_word' id='word_1_108' title='bbox 1100 1599 1299 1680; x_wconf 86' lang='lat' dir='ltr'>operationi</span> <span class='ocrx_word' id='word_1_109' title='bbox 1328 1622 1478 1683; x_wconf 76' lang='lat' dir='ltr'>perine</span> 
     </span>
     <span class='ocr_line' id='line_1_12' title="bbox 194 1703 1479 1789; baseline 0.005 -23"><span class='ocrx_word' id='word_1_110' title='bbox 194 1704 283 1766; x_wconf 85' lang='lat' dir='ltr'>fatte</span> <span class='ocrx_word' id='word_1_111' title='bbox 307 1703 353 1766; x_wconf 88' lang='lat' dir='ltr'>fin</span> <span class='ocrx_word' id='word_1_112' title='bbox 380 1705 425 1767; x_wconf 89' lang='lat' dir='ltr'>da</span> <span class='ocrx_word' id='word_1_113' title='bbox 449 1706 635 1789; x_wconf 90' lang='lat' dir='ltr'>principi0,</span> <span class='ocrx_word' id='word_1_114' title='bbox 661 1717 696 1769; x_wconf 89' lang='lat' dir='ltr'>et</span> <span class='ocrx_word' id='word_1_115' title='bbox 719 1709 839 1788; x_wconf 91' lang='lat' dir='ltr'>quello</span> <span class='ocrx_word' id='word_1_116' title='bbox 864 1709 930 1769; x_wconf 90' lang='lat' dir='ltr'>che</span> <span class='ocrx_word' id='word_1_117' title='bbox 954 1727 1019 1787; x_wconf 91' lang='lat' dir='ltr'>per</span> <span class='ocrx_word' id='word_1_118' title='bbox 1041 1707 1126 1787; x_wconf 86' lang='lat' dir='ltr'>ogni</span> <span class='ocrx_word' id='word_1_119' title='bbox 1142 1709 1260 1769; x_wconf 90' lang='lat' dir='ltr'>buona</span> <span class='ocrx_word' id='word_1_120' title='bbox 1277 1708 1479 1772; x_wconf 85' lang='lat' dir='ltr'>coniettura</span> 
     </span>
     <span class='ocr_line' id='line_1_13' title="bbox 195 1811 1478 1897; baseline 0.005 -25"><span class='ocrx_word' id='word_1_121' title='bbox 195 1811 222 1873; x_wconf 89' lang='lat' dir='ltr'>si</span> <span class='ocrx_word' id='word_1_122' title='bbox 255 1813 326 1892; x_wconf 77' lang='lat' dir='ltr'>pud</span> <span class='ocrx_word' id='word_1_123' title='bbox 358 1811 493 1875; x_wconf 81' lang='lat' dir='ltr'>iudicat</span> <span class='ocrx_word' id='word_1_124' title='bbox 521 1814 586 1876; x_wconf 90' lang='lat' dir='ltr'>che</span> <span class='ocrx_word' id='word_1_125' title='bbox 610 1813 645 1876; x_wconf 89' lang='lat' dir='ltr'>io</span> <span class='ocrx_word' id='word_1_126' title='bbox 670 1813 711 1876; x_wconf 88' lang='lat' dir='ltr'>sii</span> <span class='ocrx_word' id='word_1_127' title='bbox 735 1834 800 1895; x_wconf 89' lang='lat' dir='ltr'>per</span> <span class='ocrx_word' id='word_1_128' title='bbox 824 1823 964 1875; x_wconf 88' lang='lat' dir='ltr'>ottener</span> <span class='ocrx_word' id='word_1_129' title='bbox 988 1813 1108 1875; x_wconf 85' lang='lat' dir='ltr'>avanti</span> <span class='ocrx_word' id='word_1_130' title='bbox 1133 1814 1198 1874; x_wconf 90' lang='lat' dir='ltr'>che</span> <span class='ocrx_word' id='word_1_131' title='bbox 1223 1813 1257 1876; x_wconf 94' lang='lat' dir='ltr'>io</span> <span class='ocrx_word' id='word_1_132' title='bbox 1282 1816 1373 1897; x_wconf 86' lang='lat' dir='ltr'>parti</span> <span class='ocrx_word' id='word_1_133' title='bbox 1399 1837 1420 1878; x_wconf 95' lang='lat' dir='ltr'>o</span> <span class='ocrx_word' id='word_1_134' title='bbox 1447 1817 1478 1878; x_wconf 84' lang='lat' dir='ltr'>si</span> 
     </span>
     <span class='ocr_line' id='line_1_14' title="bbox 195 1915 1480 2001; baseline 0.004 -20"><span class='ocrx_word' id='word_1_135' title='bbox 195 1918 326 1981; x_wconf 86' lang='lat' dir='ltr'>resolvi</span> <span class='ocrx_word' id='word_1_136' title='bbox 350 1921 385 1981; x_wconf 94' lang='lat' dir='ltr'>la</span> <span class='ocrx_word' id='word_1_137' title='bbox 408 1919 517 1992; x_wconf 87' lang='lat' dir='ltr'>dieta;</span> <span class='ocrx_word' id='word_1_138' title='bbox 543 1922 570 1981; x_wconf 91' lang='lat' dir='ltr'>sl</span> <span class='ocrx_word' id='word_1_139' title='bbox 596 1920 661 1982; x_wconf 80' lang='lat' dir='ltr'>che</span> <span class='ocrx_word' id='word_1_140' title='bbox 686 1929 819 2001; x_wconf 89' lang='lat' dir='ltr'>quanto</span> <span class='ocrx_word' id='word_1_141' title='bbox 844 1942 865 1982; x_wconf 85' lang='lat' dir='ltr'>a</span> <span class='ocrx_word' id='word_1_142' title='bbox 889 1919 943 1981; x_wconf 80' lang='lat' dir='ltr'>cio</span> <span class='ocrx_word' id='word_1_143' title='bbox 960 1915 1033 1981; x_wconf 85' lang='lat' dir='ltr'>Sua</span> <span class='ocrx_word' id='word_1_144' title='bbox 1049 1917 1186 1981; x_wconf 72' lang='lat' dir='ltr'>Santiti</span> <span class='ocrx_word' id='word_1_145' title='bbox 1211 1932 1246 1982; x_wconf 88' lang='lat' dir='ltr'>et</span> <span class='ocrx_word' id='word_1_146' title='bbox 1265 1916 1307 1983; x_wconf 89' lang='lat' dir='ltr'>V.</span> <span class='ocrx_word' id='word_1_147' title='bbox 1326 1922 1361 1984; x_wconf 68' lang='lat' dir='ltr'>S.</span> <span class='ocrx_word' id='word_1_148' title='bbox 1379 1923 1480 1986; x_wconf 86' lang='lat' dir='ltr'>Rma</span> 
     </span>
     <span class='ocr_line' id='line_1_15' title="bbox 196 2025 1479 2111; baseline 0.004 -24"><span class='ocrx_word' id='word_1_149' title='bbox 196 2047 240 2088; x_wconf 87' lang='lat' dir='ltr'>ne</span> <span class='ocrx_word' id='word_1_150' title='bbox 272 2025 375 2088; x_wconf 85' lang='lat' dir='ltr'>stiino</span> <span class='ocrx_word' id='word_1_151' title='bbox 408 2027 453 2090; x_wconf 89' lang='lat' dir='ltr'>de</span> <span class='ocrx_word' id='word_1_152' title='bbox 477 2029 573 2090; x_wconf 91' lang='lat' dir='ltr'>buon</span> <span class='ocrx_word' id='word_1_153' title='bbox 598 2027 714 2090; x_wconf 90' lang='lat' dir='ltr'>animo</span> <span class='ocrx_word' id='word_1_154' title='bbox 740 2038 775 2089; x_wconf 92' lang='lat' dir='ltr'>et</span> <span class='ocrx_word' id='word_1_155' title='bbox 799 2047 870 2088; x_wconf 93' lang='lat' dir='ltr'>non</span> <span class='ocrx_word' id='word_1_156' title='bbox 895 2025 1083 2088; x_wconf 86' lang='lat' dir='ltr'>manchino</span> <span class='ocrx_word' id='word_1_157' title='bbox 1108 2026 1142 2089; x_wconf 92' lang='lat' dir='ltr'>di</span> <span class='ocrx_word' id='word_1_158' title='bbox 1167 2029 1315 2091; x_wconf 89' lang='lat' dir='ltr'>mandar</span> <span class='ocrx_word' id='word_1_159' title='bbox 1339 2030 1371 2091; x_wconf 90' lang='lat' dir='ltr'>le</span> <span class='ocrx_word' id='word_1_160' title='bbox 1396 2050 1479 2111; x_wconf 90' lang='lat' dir='ltr'>pro-</span> 
     </span>
     <span class='ocr_line' id='line_1_16' title="bbox 196 2131 1480 2215; baseline 0.004 -21"><span class='ocrx_word' id='word_1_161' title='bbox 196 2131 324 2197; x_wconf 90' lang='lat' dir='ltr'>visioni</span> <span class='ocrx_word' id='word_1_162' title='bbox 349 2133 470 2196; x_wconf 89' lang='lat' dir='ltr'>debite</span> <span class='ocrx_word' id='word_1_163' title='bbox 494 2134 589 2215; x_wconf 86' lang='lat' dir='ltr'>quali</span> <span class='ocrx_word' id='word_1_164' title='bbox 613 2154 849 2213; x_wconf 67' lang='lat' dir='ltr'>recercamO,</span> <span class='ocrx_word' id='word_1_165' title='bbox 867 2135 932 2196; x_wconf 90' lang='lat' dir='ltr'>che</span> <span class='ocrx_word' id='word_1_166' title='bbox 957 2153 1064 2214; x_wconf 92' lang='lat' dir='ltr'>spero</span> <span class='ocrx_word' id='word_1_167' title='bbox 1089 2155 1110 2194; x_wconf 94' lang='lat' dir='ltr'>o</span> <span class='ocrx_word' id='word_1_168' title='bbox 1135 2134 1201 2195; x_wconf 92' lang='lat' dir='ltr'>che</span> <span class='ocrx_word' id='word_1_169' title='bbox 1227 2135 1370 2197; x_wconf 88' lang='lat' dir='ltr'>tandem</span> <span class='ocrx_word' id='word_1_170' title='bbox 1399 2137 1480 2199; x_wconf 88' lang='lat' dir='ltr'>har-</span> 
     </span>
     <span class='ocr_line' id='line_1_17' title="bbox 197 2240 1481 2324; baseline 0.003 -23"><span class='ocrx_word' id='word_1_171' title='bbox 197 2260 293 2302; x_wconf 89' lang='lat' dir='ltr'>remo</span> <span class='ocrx_word' id='word_1_172' title='bbox 318 2240 339 2302; x_wconf 89' lang='lat' dir='ltr'>l&#39;</span> <span class='ocrx_word' id='word_1_173' title='bbox 358 2241 505 2319; x_wconf 90' lang='lat' dir='ltr'>intento,</span> <span class='ocrx_word' id='word_1_174' title='bbox 530 2263 551 2302; x_wconf 94' lang='lat' dir='ltr'>o</span> <span class='ocrx_word' id='word_1_175' title='bbox 576 2242 885 2305; x_wconf 87' lang='lat' dir='ltr'>manifestamente</span> <span class='ocrx_word' id='word_1_176' title='bbox 913 2241 941 2304; x_wconf 93' lang='lat' dir='ltr'>si</span> <span class='ocrx_word' id='word_1_177' title='bbox 967 2241 1186 2322; x_wconf 72' lang='lat' dir='ltr'>cognosceris</span> <span class='ocrx_word' id='word_1_178' title='bbox 1210 2263 1275 2324; x_wconf 88' lang='lat' dir='ltr'>per</span> <span class='ocrx_word' id='word_1_179' title='bbox 1298 2241 1322 2304; x_wconf 94' lang='lat' dir='ltr'>il</span> <span class='ocrx_word' id='word_1_180' title='bbox 1346 2245 1481 2305; x_wconf 91' lang='lat' dir='ltr'>mundo</span> 
     </span>
     <span class='ocr_line' id='line_1_18' title="bbox 196 2347 1481 2413; baseline 0.003 -4"><span class='ocrx_word' id='word_1_181' title='bbox 196 2367 266 2410; x_wconf 92' lang='lat' dir='ltr'>non</span> <span class='ocrx_word' id='word_1_182' title='bbox 292 2368 389 2410; x_wconf 90' lang='lat' dir='ltr'>esser</span> <span class='ocrx_word' id='word_1_183' title='bbox 413 2358 576 2411; x_wconf 89' lang='lat' dir='ltr'>mancato</span> <span class='ocrx_word' id='word_1_184' title='bbox 600 2349 643 2410; x_wconf 71' lang='lat' dir='ltr'>nc</span> <span class='ocrx_word' id='word_1_185' title='bbox 669 2349 715 2411; x_wconf 91' lang='lat' dir='ltr'>da</span> <span class='ocrx_word' id='word_1_186' title='bbox 732 2348 806 2411; x_wconf 87' lang='lat' dir='ltr'>Sua</span> <span class='ocrx_word' id='word_1_187' title='bbox 823 2347 960 2411; x_wconf 74' lang='lat' dir='ltr'>Santita</span> <span class='ocrx_word' id='word_1_188' title='bbox 986 2349 1029 2411; x_wconf 70' lang='lat' dir='ltr'>ne</span> <span class='ocrx_word' id='word_1_189' title='bbox 1054 2348 1112 2410; x_wconf 89' lang='lat' dir='ltr'>dai</span> <span class='ocrx_word' id='word_1_190' title='bbox 1136 2348 1285 2411; x_wconf 88' lang='lat' dir='ltr'>ministri</span> <span class='ocrx_word' id='word_1_191' title='bbox 1306 2351 1383 2412; x_wconf 91' lang='lat' dir='ltr'>suoi</span> <span class='ocrx_word' id='word_1_192' title='bbox 1400 2351 1481 2413; x_wconf 86' lang='lat' dir='ltr'>fare</span> 
     </span>
     <span class='ocr_line' id='line_1_19' title="bbox 197 2453 1482 2537; baseline 0.003 -21"><span class='ocrx_word' id='word_1_193' title='bbox 197 2455 220 2517; x_wconf 93' lang='lat' dir='ltr'>il</span> <span class='ocrx_word' id='word_1_194' title='bbox 254 2455 386 2518; x_wconf 88' lang='lat' dir='ltr'>debito.</span> <span class='ocrx_word' id='word_1_195' title='bbox 433 2453 528 2516; x_wconf 89' lang='lat' dir='ltr'>Baso</span> <span class='ocrx_word' id='word_1_196' title='bbox 559 2456 788 2518; x_wconf 89' lang='lat' dir='ltr'>humilmente</span> <span class='ocrx_word' id='word_1_197' title='bbox 820 2456 869 2537; x_wconf 84' lang='lat' dir='ltr'>gli</span> <span class='ocrx_word' id='word_1_198' title='bbox 902 2454 998 2537; x_wconf 91' lang='lat' dir='ltr'>piedi</span> <span class='ocrx_word' id='word_1_199' title='bbox 1028 2455 1062 2517; x_wconf 90' lang='lat' dir='ltr'>di</span> <span class='ocrx_word' id='word_1_200' title='bbox 1088 2455 1123 2519; x_wconf 84' lang='lat' dir='ltr'>S.</span> <span class='ocrx_word' id='word_1_201' title='bbox 1149 2456 1288 2518; x_wconf 74' lang='lat' dir='ltr'>Santita</span> <span class='ocrx_word' id='word_1_202' title='bbox 1312 2468 1347 2519; x_wconf 88' lang='lat' dir='ltr'>et</span> <span class='ocrx_word' id='word_1_203' title='bbox 1372 2457 1408 2519; x_wconf 90' lang='lat' dir='ltr'>di</span> <span class='ocrx_word' id='word_1_204' title='bbox 1434 2458 1482 2522; x_wconf 91' lang='lat' dir='ltr'>V.</span> 
     </span>
     <span class='ocr_line' id='line_1_20' title="bbox 198 2562 947 2626; baseline 0.004 -3"><span class='ocrx_word' id='word_1_205' title='bbox 198 2562 233 2623; x_wconf 75' lang='lat' dir='ltr'>S.</span> <span class='ocrx_word' id='word_1_206' title='bbox 259 2562 355 2624; x_wconf 88' lang='lat' dir='ltr'>Rma</span> <span class='ocrx_word' id='word_1_207' title='bbox 379 2564 412 2624; x_wconf 92' lang='lat' dir='ltr'>le</span> <span class='ocrx_word' id='word_1_208' title='bbox 437 2582 537 2625; x_wconf 86' lang='lat' dir='ltr'>sacre</span> <span class='ocrx_word' id='word_1_209' title='bbox 562 2562 665 2625; x_wconf 87' lang='lat' dir='ltr'>mani.</span> <span class='ocrx_word' id='word_1_210' title='bbox 713 2562 947 2626; x_wconf 87' lang='lat' dir='ltr'>Wormatiae.</span> 
     </span>
    </p>
   </div>
   <div class='ocr_carea' id='block_1_3' title="bbox 737 2776 936 2788">
    <p class='ocr_par' dir='ltr' id='par_1_4' title="bbox 737 2776 936 2788">
     <span class='ocr_line' id='line_1_21' title="bbox 737 2776 936 2788; baseline -0.005 -2"><span class='ocrx_word' id='word_1_211' title='bbox 737 2776 893 2788; x_wconf 51' lang='lat' dir='ltr'>›emmmnm</span> <span class='ocrx_word' id='word_1_212' title='bbox 906 2778 918 2784; x_wconf 72' lang='grc' dir='ltr'><em>υ</em></span> <span class='ocrx_word' id='word_1_213' title='bbox 933 2781 936 2786; x_wconf 54' lang='lat' dir='ltr'>r</span> 
     </span>
    </p>
   </div>
   <div class='ocr_carea' id='block_1_4' title="bbox 486 3028 1192 3361">
    <p class='ocr_par' dir='ltr' id='par_1_5' title="bbox 486 3028 1192 3361">
     <span class='ocr_line' id='line_1_22' title="bbox 811 3028 864 3092; baseline 0.038 -3"><span class='ocrx_word' id='word_1_214' title='bbox 811 3028 864 3092; x_wconf 75' lang='lat'>42.</span> 
     </span>
     <span class='ocr_line' id='line_1_23' title="bbox 486 3143 1192 3245; baseline 0 -20"><span class='ocrx_word' id='word_1_215' title='bbox 486 3144 769 3225; x_wconf 72' lang='lat' dir='ltr'>deliberationes</span> <span class='ocrx_word' id='word_1_216' title='bbox 797 3143 837 3223; x_wconf 90' lang='lat' dir='ltr'>in</span> <span class='ocrx_word' id='word_1_217' title='bbox 865 3143 1007 3245; x_wconf 83' lang='lat' dir='ltr'>negotio</span> <span class='ocrx_word' id='word_1_218' title='bbox 1035 3143 1192 3225; x_wconf 76' lang='lat' dir='ltr'>lutheri</span> 
     </span>
     <span class='ocr_line' id='line_1_24' title="bbox 650 3288 1023 3361; baseline 0 -12"><span class='ocrx_word' id='word_1_219' title='bbox 650 3291 736 3361; x_wconf 71' lang='lat' dir='ltr'>(Auta</span> <span class='ocrx_word' id='word_1_220' title='bbox 753 3288 888 3348; x_wconf 79' lang='lat' dir='ltr'>Wornac.</span> <span class='ocrx_word' id='word_1_221' title='bbox 905 3289 951 3348; x_wconf 85' lang='lat' dir='ltr'>lol.</span> <span class='ocrx_word' id='word_1_222' title='bbox 969 3290 1023 3359; x_wconf 77' lang='lat'>86.)</span> 
     </span>
    </p>
   </div>
   <div class='ocr_carea' id='block_1_5' title="bbox 199 3417 1486 4894">
    <p class='ocr_par' dir='ltr' id='par_1_6' title="bbox 199 3417 1486 4128">
     <span class='ocr_line' id='line_1_25' title="bbox 288 3417 1486 3503; baseline 0.001 -19"><span class='ocrx_word' id='word_1_223' title='bbox 288 3424 374 3486; x_wconf 85' lang='lat' dir='ltr'>Post</span> <span class='ocrx_word' id='word_1_224' title='bbox 406 3425 550 3503; x_wconf 87' lang='lat' dir='ltr'>longam</span> <span class='ocrx_word' id='word_1_225' title='bbox 575 3420 667 3483; x_wconf 89' lang='lat' dir='ltr'>inter</span> <span class='ocrx_word' id='word_1_226' title='bbox 691 3418 848 3481; x_wconf 78' lang='lat' dir='ltr'>Nuncios</span> <span class='ocrx_word' id='word_1_227' title='bbox 873 3417 1061 3501; x_wconf 87' lang='lat' dir='ltr'>pontificis,</span> <span class='ocrx_word' id='word_1_228' title='bbox 1086 3431 1122 3480; x_wconf 87' lang='lat' dir='ltr'>et</span> <span class='ocrx_word' id='word_1_229' title='bbox 1146 3439 1311 3502; x_wconf 89' lang='lat' dir='ltr'>magnum</span> <span class='ocrx_word' id='word_1_230' title='bbox 1337 3420 1486 3485; x_wconf 88' lang='lat' dir='ltr'>Cancel-</span> 
     </span>
     <span class='ocr_line' id='line_1_26' title="bbox 199 3523 1485 3609; baseline 0 -17"><span class='ocrx_word' id='word_1_231' title='bbox 199 3529 338 3609; x_wconf 87' lang='lat' dir='ltr'>larium,</span> <span class='ocrx_word' id='word_1_232' title='bbox 375 3541 410 3591; x_wconf 82' lang='lat' dir='ltr'>et</span> <span class='ocrx_word' id='word_1_233' title='bbox 443 3528 692 3591; x_wconf 86' lang='lat' dir='ltr'>Confessorem</span> <span class='ocrx_word' id='word_1_234' title='bbox 725 3525 923 3588; x_wconf 81' lang='lat' dir='ltr'>Caesareae</span> <span class='ocrx_word' id='word_1_235' title='bbox 955 3523 1153 3586; x_wconf 78' lang='lat' dir='ltr'>Maiestatis</span> <span class='ocrx_word' id='word_1_236' title='bbox 1185 3525 1485 3607; x_wconf 85' lang='lat' dir='ltr'>disceptationem</span> 
     </span>
     <span class='ocr_line' id='line_1_27' title="bbox 200 3632 1484 3719; baseline 0 -22"><span class='ocrx_word' id='word_1_237' title='bbox 200 3637 282 3719; x_wconf 83' lang='lat' dir='ltr'>quid</span> <span class='ocrx_word' id='word_1_238' title='bbox 306 3637 341 3701; x_wconf 93' lang='lat' dir='ltr'>in</span> <span class='ocrx_word' id='word_1_239' title='bbox 366 3658 405 3701; x_wconf 90' lang='lat' dir='ltr'>re</span> <span class='ocrx_word' id='word_1_240' title='bbox 430 3638 633 3699; x_wconf 86' lang='lat' dir='ltr'>Lutherana</span> <span class='ocrx_word' id='word_1_241' title='bbox 656 3634 857 3698; x_wconf 85' lang='lat' dir='ltr'>faciendum</span> <span class='ocrx_word' id='word_1_242' title='bbox 882 3642 986 3711; x_wconf 88' lang='lat' dir='ltr'>esset,</span> <span class='ocrx_word' id='word_1_243' title='bbox 1024 3632 1137 3695; x_wconf 90' lang='lat' dir='ltr'>visum</span> <span class='ocrx_word' id='word_1_244' title='bbox 1162 3643 1216 3694; x_wconf 87' lang='lat' dir='ltr'>est</span> <span class='ocrx_word' id='word_1_245' title='bbox 1239 3632 1383 3696; x_wconf 88' lang='lat' dir='ltr'>tandem</span> <span class='ocrx_word' id='word_1_246' title='bbox 1409 3634 1484 3697; x_wconf 93' lang='lat' dir='ltr'>Do·</span> 
     </span>
     <span class='ocr_line' id='line_1_28' title="bbox 199 3740 1486 3822; baseline -0.001 -15"><span class='ocrx_word' id='word_1_247' title='bbox 199 3744 293 3807; x_wconf 91' lang='lat' dir='ltr'>mino</span> <span class='ocrx_word' id='word_1_248' title='bbox 319 3744 540 3808; x_wconf 62' lang='lat' dir='ltr'>(lancellario</span> <span class='ocrx_word' id='word_1_249' title='bbox 570 3754 605 3806; x_wconf 89' lang='lat' dir='ltr'>et</span> <span class='ocrx_word' id='word_1_250' title='bbox 629 3741 850 3820; x_wconf 83' lang='lat' dir='ltr'>Confessori,</span> <span class='ocrx_word' id='word_1_251' title='bbox 884 3740 942 3822; x_wconf 93' lang='lat' dir='ltr'>qui</span> <span class='ocrx_word' id='word_1_252' title='bbox 968 3741 1139 3822; x_wconf 90' lang='lat' dir='ltr'>precipue</span> <span class='ocrx_word' id='word_1_253' title='bbox 1163 3741 1230 3803; x_wconf 88' lang='lat' dir='ltr'>ista</span> <span class='ocrx_word' id='word_1_254' title='bbox 1255 3741 1421 3821; x_wconf 83' lang='lat' dir='ltr'>concepit</span> <span class='ocrx_word' id='word_1_255' title='bbox 1446 3754 1486 3806; x_wconf 91' lang='lat' dir='ltr'>et</span> 
     </span>
     <span class='ocr_line' id='line_1_29' title="bbox 199 3847 1483 3931; baseline -0.002 -18"><span class='ocrx_word' id='word_1_256' title='bbox 199 3852 358 3931; x_wconf 87' lang='lat' dir='ltr'>dictavit,</span> <span class='ocrx_word' id='word_1_257' title='bbox 383 3851 432 3914; x_wconf 93' lang='lat' dir='ltr'>ita</span> <span class='ocrx_word' id='word_1_258' title='bbox 457 3871 535 3913; x_wconf 89' lang='lat' dir='ltr'>esse</span> <span class='ocrx_word' id='word_1_259' title='bbox 559 3850 748 3913; x_wconf 85' lang='lat' dir='ltr'>aCaesare</span> <span class='ocrx_word' id='word_1_260' title='bbox 772 3849 1047 3929; x_wconf 81' lang='lat' dir='ltr'>procedendum,</span> <span class='ocrx_word' id='word_1_261' title='bbox 1070 3847 1370 3928; x_wconf 87' lang='lat' dir='ltr'>respondentibus</span> <span class='ocrx_word' id='word_1_262' title='bbox 1385 3847 1483 3911; x_wconf 89' lang='lat' dir='ltr'>Nun·</span> 
     </span>
     <span class='ocr_line' id='line_1_30' title="bbox 200 3952 1484 4039; baseline -0.003 -18"><span class='ocrx_word' id='word_1_263' title='bbox 200 3959 262 4021; x_wconf 90' lang='lat' dir='ltr'>ciis</span> <span class='ocrx_word' id='word_1_264' title='bbox 286 3979 325 4022; x_wconf 90' lang='lat' dir='ltr'>se</span> <span class='ocrx_word' id='word_1_265' title='bbox 349 3959 416 4021; x_wconf 89' lang='lat' dir='ltr'>ista</span> <span class='ocrx_word' id='word_1_266' title='bbox 440 3978 510 4020; x_wconf 93' lang='lat' dir='ltr'>non</span> <span class='ocrx_word' id='word_1_267' title='bbox 534 3966 672 4039; x_wconf 89' lang='lat' dir='ltr'>petere:</span> <span class='ocrx_word' id='word_1_268' title='bbox 698 3966 815 4017; x_wconf 90' lang='lat' dir='ltr'>tamen</span> <span class='ocrx_word' id='word_1_269' title='bbox 841 3952 870 4016; x_wconf 92' lang='lat' dir='ltr'>si</span> <span class='ocrx_word' id='word_1_270' title='bbox 885 3954 1018 4015; x_wconf 82' lang='lat' dir='ltr'>Caesar</span> <span class='ocrx_word' id='word_1_271' title='bbox 1041 3954 1090 4015; x_wconf 89' lang='lat' dir='ltr'>ita</span> <span class='ocrx_word' id='word_1_272' title='bbox 1109 3953 1252 4017; x_wconf 91' lang='lat' dir='ltr'>omnino</span> <span class='ocrx_word' id='word_1_273' title='bbox 1268 3954 1484 4037; x_wconf 87' lang='lat' dir='ltr'>decreverit,</span> 
     </span>
     <span class='ocr_line' id='line_1_31' title="bbox 201 4064 452 4128; baseline 0 -1"><span class='ocrx_word' id='word_1_274' title='bbox 201 4064 452 4128; x_wconf 54' lang='lat' dir='ltr'>mmmm</span> 
     </span>
    </p>

    <p class='ocr_par' dir='ltr' id='par_1_7' title="bbox 201 4166 1486 4572">
     <span class='ocr_line' id='line_1_32' title="bbox 288 4166 1483 4252; baseline -0.003 -18"><span class='ocrx_word' id='word_1_275' title='bbox 288 4170 651 4252; x_wconf 85' lang='lat' dir='ltr'>Mitterentur·aliqui</span> <span class='ocrx_word' id='word_1_276' title='bbox 680 4168 746 4231; x_wconf 92' lang='lat' dir='ltr'>viri</span> <span class='ocrx_word' id='word_1_277' title='bbox 772 4167 855 4230; x_wconf 92' lang='lat' dir='ltr'>boni</span> <span class='ocrx_word' id='word_1_278' title='bbox 880 4178 915 4230; x_wconf 90' lang='lat' dir='ltr'>et</span> <span class='ocrx_word' id='word_1_279' title='bbox 940 4167 1068 4230; x_wconf 91' lang='lat' dir='ltr'>eruditi</span> <span class='ocrx_word' id='word_1_280' title='bbox 1093 4189 1114 4229; x_wconf 89' lang='lat' dir='ltr'>a</span> <span class='ocrx_word' id='word_1_281' title='bbox 1142 4169 1295 4230; x_wconf 85' lang='lat' dir='ltr'>Caesare</span> <span class='ocrx_word' id='word_1_282' title='bbox 1319 4167 1365 4229; x_wconf 89' lang='lat' dir='ltr'>ad</span> <span class='ocrx_word' id='word_1_283' title='bbox 1390 4166 1483 4230; x_wconf 86' lang='lat' dir='ltr'>Mar-</span> 
     </span>
     <span class='ocr_line' id='line_1_33' title="bbox 201 4273 1486 4361; baseline -0.002 -20"><span class='ocrx_word' id='word_1_284' title='bbox 201 4279 311 4341; x_wconf 90' lang='lat' dir='ltr'>tinum</span> <span class='ocrx_word' id='word_1_285' title='bbox 337 4280 431 4361; x_wconf 92' lang='lat' dir='ltr'>quod</span> <span class='ocrx_word' id='word_1_286' title='bbox 457 4279 691 4360; x_wconf 82' lang='lat' dir='ltr'>interrogent,</span> <span class='ocrx_word' id='word_1_287' title='bbox 716 4296 760 4338; x_wconf 88' lang='lat' dir='ltr'>an</span> <span class='ocrx_word' id='word_1_288' title='bbox 776 4273 986 4337; x_wconf 89' lang='lat' dir='ltr'>confiteatur</span> <span class='ocrx_word' id='word_1_289' title='bbox 1001 4274 1111 4337; x_wconf 90' lang='lat' dir='ltr'>libros</span> <span class='ocrx_word' id='word_1_290' title='bbox 1128 4294 1251 4336; x_wconf 89' lang='lat' dir='ltr'>omnes</span> <span class='ocrx_word' id='word_1_291' title='bbox 1267 4286 1327 4336; x_wconf 90' lang='lat' dir='ltr'>aut</span> <span class='ocrx_word' id='word_1_292' title='bbox 1344 4273 1486 4355; x_wconf 90' lang='lat' dir='ltr'>aliquos</span> 
     </span>
     <span class='ocr_line' id='line_1_34' title="bbox 202 4381 1483 4467; baseline -0.002 -19"><span class='ocrx_word' id='word_1_293' title='bbox 202 4385 314 4448; x_wconf 85' lang='lat' dir='ltr'>exiis</span> <span class='ocrx_word' id='word_1_294' title='bbox 339 4385 397 4467; x_wconf 92' lang='lat' dir='ltr'>qui</span> <span class='ocrx_word' id='word_1_295' title='bbox 422 4386 497 4448; x_wconf 90' lang='lat' dir='ltr'>eius</span> <span class='ocrx_word' id='word_1_296' title='bbox 521 4385 661 4447; x_wconf 89' lang='lat' dir='ltr'>nomine</span> <span class='ocrx_word' id='word_1_297' title='bbox 686 4382 999 4462; x_wconf 88' lang='lat' dir='ltr'>circumferuntur,</span> <span class='ocrx_word' id='word_1_298' title='bbox 1024 4402 1106 4444; x_wconf 90' lang='lat' dir='ltr'>suos</span> <span class='ocrx_word' id='word_1_299' title='bbox 1131 4404 1227 4454; x_wconf 78' lang='lat' dir='ltr'>esse;</span> <span class='ocrx_word' id='word_1_300' title='bbox 1257 4401 1345 4465; x_wconf 92' lang='lat' dir='ltr'>quos</span> <span class='ocrx_word' id='word_1_301' title='bbox 1370 4381 1399 4443; x_wconf 92' lang='lat' dir='ltr'>si</span> <span class='ocrx_word' id='word_1_302' title='bbox 1424 4403 1483 4446; x_wconf 89' lang='lat' dir='ltr'>ne·</span> 
     </span>
     <span class='ocr_line' id='line_1_35' title="bbox 202 4489 1199 4572; baseline -0.002 -18"><span class='ocrx_word' id='word_1_303' title='bbox 202 4492 342 4572; x_wconf 87' lang='lat' dir='ltr'>gaverit</span> <span class='ocrx_word' id='word_1_304' title='bbox 365 4512 447 4554; x_wconf 90' lang='lat' dir='ltr'>suos</span> <span class='ocrx_word' id='word_1_305' title='bbox 472 4511 551 4554; x_wconf 89' lang='lat' dir='ltr'>esse</span> <span class='ocrx_word' id='word_1_306' title='bbox 574 4491 610 4553; x_wconf 93' lang='lat' dir='ltr'>in</span> <span class='ocrx_word' id='word_1_307' title='bbox 635 4499 830 4553; x_wconf 88' lang='lat' dir='ltr'>strumento</span> <span class='ocrx_word' id='word_1_308' title='bbox 855 4489 999 4570; x_wconf 91' lang='lat' dir='ltr'>publico</span> <span class='ocrx_word' id='word_1_309' title='bbox 1024 4490 1199 4553; x_wconf 88' lang='lat' dir='ltr'>declaret:</span> 
     </span>
    </p>

    <p class='ocr_par' dir='ltr' id='par_1_8' title="bbox 203 4595 1485 4894">
     <span class='ocr_line' id='line_1_36' title="bbox 292 4595 1485 4679; baseline -0.002 -18"><span class='ocrx_word' id='word_1_310' title='bbox 292 4597 330 4661; x_wconf 87' lang='lat' dir='ltr'>Si</span> <span class='ocrx_word' id='word_1_311' title='bbox 355 4609 472 4662; x_wconf 90' lang='lat' dir='ltr'>autem</span> <span class='ocrx_word' id='word_1_312' title='bbox 489 4597 663 4660; x_wconf 89' lang='lat' dir='ltr'>Martinus</span> <span class='ocrx_word' id='word_1_313' title='bbox 687 4597 937 4679; x_wconf 84' lang='lat' dir='ltr'>recognoverit</span> <span class='ocrx_word' id='word_1_314' title='bbox 961 4597 1071 4659; x_wconf 90' lang='lat' dir='ltr'>libros</span> <span class='ocrx_word' id='word_1_315' title='bbox 1096 4617 1174 4660; x_wconf 89' lang='lat' dir='ltr'>esse</span> <span class='ocrx_word' id='word_1_316' title='bbox 1195 4618 1278 4660; x_wconf 90' lang='lat' dir='ltr'>suos</span> <span class='ocrx_word' id='word_1_317' title='bbox 1294 4608 1329 4659; x_wconf 91' lang='lat' dir='ltr'>et</span> <span class='ocrx_word' id='word_1_318' title='bbox 1342 4597 1377 4658; x_wconf 93' lang='lat' dir='ltr'>in</span> <span class='ocrx_word' id='word_1_319' title='bbox 1395 4595 1485 4677; x_wconf 85' lang='lat' dir='ltr'>ipsis</span> 
     </span>
     <span class='ocr_line' id='line_1_37' title="bbox 203 4701 1484 4785; baseline -0.001 -16"><span class='ocrx_word' id='word_1_320' title='bbox 203 4715 370 4769; x_wconf 88' lang='lat' dir='ltr'>contenta</span> <span class='ocrx_word' id='word_1_321' title='bbox 395 4705 480 4768; x_wconf 89' lang='lat' dir='ltr'>velit</span> <span class='ocrx_word' id='word_1_322' title='bbox 508 4704 717 4785; x_wconf 87' lang='lat' dir='ltr'>defendere,</span> <span class='ocrx_word' id='word_1_323' title='bbox 745 4724 810 4766; x_wconf 91' lang='lat' dir='ltr'>nec</span> <span class='ocrx_word' id='word_1_324' title='bbox 840 4714 1024 4766; x_wconf 87' lang='lat' dir='ltr'>recantare</span> <span class='ocrx_word' id='word_1_325' title='bbox 1053 4703 1205 4766; x_wconf 90' lang='lat' dir='ltr'>voluerit</span> <span class='ocrx_word' id='word_1_326' title='bbox 1229 4725 1319 4784; x_wconf 86' lang='lat' dir='ltr'>quae</span> <span class='ocrx_word' id='word_1_327' title='bbox 1340 4724 1362 4765; x_wconf 88' lang='lat' dir='ltr'>a</span> <span class='ocrx_word' id='word_1_328' title='bbox 1386 4701 1484 4768; x_wconf 87' lang='lat' dir='ltr'>Sede</span> 
     </span>
     <span class='ocr_line' id='line_1_38' title="bbox 205 4809 1483 4894; baseline -0.002 -19"><span class='ocrx_word' id='word_1_329' title='bbox 205 4813 413 4894; x_wconf 68' lang='lat' dir='ltr'>:lpostolica</span> <span class='ocrx_word' id='word_1_330' title='bbox 437 4825 517 4875; x_wconf 86' lang='lat' dir='ltr'>sunt</span> <span class='ocrx_word' id='word_1_331' title='bbox 543 4815 719 4892; x_wconf 86' lang='lat' dir='ltr'>damnata,</span> <span class='ocrx_word' id='word_1_332' title='bbox 746 4821 806 4873; x_wconf 83' lang='lat' dir='ltr'>aut</span> <span class='ocrx_word' id='word_1_333' title='bbox 831 4821 954 4873; x_wconf 88' lang='lat' dir='ltr'>contra</span> <span class='ocrx_word' id='word_1_334' title='bbox 978 4809 1099 4891; x_wconf 89' lang='lat' dir='ltr'>fidem,</span> <span class='ocrx_word' id='word_1_335' title='bbox 1124 4809 1300 4890; x_wconf 71' lang='lat' dir='ltr'>Concilia,</span> <span class='ocrx_word' id='word_1_336' title='bbox 1325 4811 1483 4891; x_wconf 87' lang='lat' dir='ltr'>decreta,</span> 
     </span>
    </p>
   </div>
   <div class='ocr_carea' id='block_1_6' title="bbox 0 0 1683 5580">
    <p class='ocr_par' dir='ltr' id='par_1_9' title="bbox 0 0 1683 5580">
     <span class='ocr_line' id='line_1_39' title="bbox 0 0 1683 5580; baseline 0 0"><span class='ocrx_word' id='word_1_337' title='bbox 0 0 1683 5580; x_wconf 95' lang='lat' dir='ltr'> </span> 
     </span>
    </p>
   </div>
  </div>
 </body>
</html>
