3330 5580
702 471 760 526 ΨΘ
800 474 852 528 224
893 473 950 526 ow

188 611 342 674 deducat
365 615 409 674 ad
435 627 650 696 extremum,
684 629 720 678 ut
752 618 820 680 iam
854 619 1008 681 omnium
1034 619 1259 682 consessione
1285 620 1414 682 nefarii
1439 632 1476 684 et

187 720 403 782 contumacis
439 722 585 785 heretici
610 723 754 786 Martini
789 747 854 787 nec
891 747 1017 788 nomen
1055 747 1120 787 nec
1156 726 1348 807 vestigium
1381 727 1475 815 inter

186 826 311 889 fideles
335 830 488 909 populos
512 829 546 891 in
565 830 756 894 Germania
781 834 960 912 consistat,
986 833 1020 895 in
1045 853 1115 913 quo
1140 833 1312 915 optimum
1337 843 1375 896 et
1392 856 1473 898 con·

186 935 437 998 stantissimum
462 939 635 1001 habemus
649 939 849 1019 Caesarem,
875 942 937 1002 sed
963 951 999 1002 et
1022 950 1082 1002 tua
1098 939 1292 1003 auctoritas
1314 961 1387 1003 non
1404 962 1471 1005 me·

187 1041 297 1103 diocri
322 1043 524 1106 adiumento
543 1045 755 1108 christianae
773 1047 990 1128 reipublicae
1016 1067 1094 1109 esse
1110 1056 1238 1129 potest,
1265 1057 1304 1109 ut
1327 1047 1470 1130 quidem

186 1149 255 1211 iam
280 1149 355 1228 fuit,
381 1153 475 1231 quod
500 1173 700 1233 supremum
727 1154 795 1215 iam
820 1155 854 1215 in
880 1175 986 1216 causa
1017 1156 1083 1215 hae
1108 1152 1263 1217 officium
1289 1154 1360 1217 tuis
1384 1155 1470 1237 pris-

189 1256 270 1318 tinis
305 1258 423 1320 multis
460 1268 495 1320 et
531 1260 730 1322 actionibus
767 1273 802 1323 et
837 1261 966 1323 officiis
1003 1261 1127 1322 summi
1153 1261 1267 1323 meriti
1292 1263 1471 1326 cumulum

187 1363 389 1425 adiunctum
416 1376 478 1444 est,
504 1366 594 1428 sicut
619 1387 696 1429 eum
721 1367 944 1430 fraternitate
970 1377 1030 1429 tua
1053 1367 1231 1448 copiosius
1256 1369 1370 1430 nuntii
1395 1389 1470 1431 nos·

187 1471 231 1531 tri
263 1483 384 1533 nostro
417 1473 558 1535 nomine
591 1486 716 1555 agent,
751 1474 878 1555 quibus
902 1474 1006 1538 fidem
1033 1474 1193 1537 habebis.
1241 1476 1373 1540 Datum
1399 1475 1468 1539 Ma·

187 1577 302 1639 lianae
328 1577 389 1641 IV.
414 1579 498 1640 Maii
530 1601 607 1660 ¹5²1
636 1602 729 1645 anno
755 1602 860 1646 nono.

721 2001 723 2003 ’
802 2029 854 2093 se.

465 2144 705 2224 Aloander
739 2144 1182 2237 vicecancellarii.

616 2293 758 2363 [Nuntiat.
778 2294 903 2352 German.
921 2292 952 2350 1..
970 2292 1036 2359 179.)

704 2414 755 2478 (15.
779 2415 842 2462 llaii
867 2419 952 2474 1521.)

278 2534 344 2596 Poi
368 2535 490 2598 scritta
515 2549 549 2598 et
574 2536 696 2599 chiusa
719 2537 740 2598 l’
755 2539 845 2599 altra
869 2537 938 2599 mia
962 2557 1050 2599 sono
1075 2536 1230 2599 arrivate
1254 2539 1288 2598 le
1310 2538 1355 2599 de
1372 2539 1415 2603 V.
1433 2536 1470 2603 S.

189 2643 285 2703 Rma
309 2652 344 2703 et
368 2643 402 2704 la
425 2644 523 2705 bulla
547 2644 639 2705 dove
665 2643 683 2704 ὸ
708 2644 889 2706 nominato
914 2645 989 2705 solo
1011 2640 1144 2705 Luther
1168 2653 1204 2706 et
1227 2643 1261 2706 in
1287 2664 1424 2726 genere
1447 2644 1471 2707 li

188 2748 340 2828 fautori,
375 2752 411 2812 la
434 2751 539 2830 quale
563 2751 686 2813 venira
710 2754 778 2814 ben
805 2773 825 2813 a
850 2752 1051 2834 preposite,
1086 2761 1193 2832 atque
1217 2753 1350 2814 utinam
1374 2753 1471 2816 fusse

189 2867 282 2918 stata
313 2858 479 2918 mandata
508 2860 677 2939 alquanto
709 2859 769 2940 piu
794 2870 914 2940 presto
940 2857 1071 2939 perche
1105 2856 1258 2920 l'harrei
1288 2859 1473 2939 publicata

190 2974 224 3024 et
257 2963 420 3043 quieta
445 2964 650 3047 Moguntia,
684 2988 784 3028 como
809 2966 974 3028 rechiede
1006 2966 1104 3026 detta
1127 2966 1225 3027 bulla
1255 2975 1290 3026 et
1322 2967 1366 3028 de
1392 2987 1473 3029 essa

189 3091 232 3131 ne
257 3073 507 3135 haveressemo
530 3073 618 3136 satta
634 3074 791 3135 mention
816 3072 886 3135 neli
904 3072 1060 3134 mandati
1085 3072 1180 3152 quod
1205 3093 1297 3133 nunc
1314 3093 1384 3134 non
1410 3093 1472 3154 po·

190 3186 259 3239 test
291 3177 367 3240 fieri
401 3179 533 3259 perche
567 3201 636 3243 non
672 3184 833 3259 besogna
866 3180 1029 3241 retardat
1061 3180 1110 3241 tal
1140 3199 1240 3257 cosa,
1276 3177 1305 3241 si
1338 3180 1473 3260 perche

189 3284 306 3347 subito
332 3307 438 3348 nasce
473 3288 623 3368 qualche
648 3288 716 3349 mal
742 3297 777 3349 et
801 3286 934 3368 perche
959 3285 1067 3348 Cesar
1092 3285 1264 3347 minaccia
1289 3286 1333 3346 de
1358 3286 1474 3366 partir

189 3404 310 3471 presto
336 3405 371 3455 et
395 3394 577 3457 dubitamo
602 3397 668 3457 che
694 3396 715 3455 'l
741 3404 859 3475 tempo
885 3414 954 3455 non
980 3392 1012 3454 ci
1036 3391 1186 3454 manchi.

279 3500 367 3562 Heri
393 3501 524 3563 matino
550 3511 585 3563 et
605 3500 645 3562 δ’
663 3501 800 3563 Nuncio
826 3510 861 3562 et
884 3500 918 3562 io
944 3501 1102 3581 parlamo
1127 3500 1172 3560 ad
1190 3499 1309 3576 Cesar,
1335 3500 1368 3560 el
1388 3500 1473 3579 qual

190 3607 209 3668 ὸ
235 3619 271 3669 ut
303 3628 411 3688 supra
443 3612 511 3670 ben
537 3608 697 3689 disposto
730 3619 766 3670 et
792 3610 860 3669 beu
893 3612 923 3669 si
947 3608 1038 3667 vede
1070 3605 1202 3686 perche
1234 3604 1258 3665 li
1288 3605 1473 3667 secretarii

190 3715 298 3776 molto
324 3714 353 3776 si
377 3736 465 3777 sono
490 3714 660 3778 affaticati
685 3715 720 3776 in
745 3716 867 3777 tradur
892 3715 924 3776 el
949 3714 1115 3774 mandato
1140 3713 1174 3774 in
1199 3713 1339 3774 almano
1365 3732 1474 3774 senza

190 3822 317 3883 alcuna
341 3821 609 3886 intermessione
634 3826 678 3886 de
694 3833 824 3904 tempe,
850 3825 916 3883 che
937 3821 972 3882 in
989 3842 1075 3883 vero
1093 3821 1231 3882 Sichler
1247 3829 1282 3881 et
1297 3817 1473 3899 Spieghel

190 3930 308 3990 hanno
342 3929 432 3992 fatto
466 3931 526 4012 piu
560 3931 593 3993 in
621 3952 665 3993 un
692 3929 727 3992 di
761 3940 797 3992 et
820 3950 888 3991 una
914 3938 1012 3990 notte
1048 3930 1112 3990 che
1147 3930 1236 3989 altre
1271 3914 1366 3988 volte
1400 3947 1472 3989 non

190 4038 396 4098 harebbeno
426 4038 515 4100 {atto
547 4037 582 4101 in
607 4059 651 4100 un
679 4058 784 4099 mese.
833 4036 967 4116 Questa
998 4056 1101 4097 mane
1136 4034 1169 4096 io
1194 4034 1243 4096 fui
1269 4034 1304 4095 in
1329 4054 1473 4096 camera

190 4144 235 4204 de
261 4143 368 4206 Cesar
400 4156 435 4207 et
458 4146 622 4225 procurai
649 4166 726 4207 cum
751 4144 842 4205 assai
868 4141 1040 4204 difficulta
1069 4144 1134 4204 che
1159 4142 1180 4202 'l
1206 4141 1374 4202 mandato
1400 4161 1472 4203 non

190 4250 218 4310 si
253 4259 419 4313 mettesse
453 4252 513 4332 piu
546 4253 580 4314 al
604 4253 762 4314 conselio
796 4249 928 4331 perche
962 4250 1204 4312 l'harebbeno
1237 4257 1402 4309 truncato
1437 4255 1474 4310 et

191 4368 312 4419 tenuto
337 4358 396 4419 doi
421 4358 524 4436 mesi,
549 4370 584 4421 et
608 4363 680 4421 cosl
705 4358 743 4420 lu
767 4358 931 4419 ordinato
957 4357 1021 4417 che
1047 4355 1189 4417 omnino
1214 4374 1252 4416 se
1276 4354 1472 4441 expedisca

191 4464 308 4526 subito
332 4464 472 4544 scritto,
498 4467 563 4528 che
588 4464 668 4528 sara
689 4465 810 4527 Vener
834 4463 998 4545 proximo
1023 4483 1124 4524 como
1148 4461 1182 4523 io
1207 4480 1330 4543 spero;
1357 4480 1472 4543 prego

192 4570 260 4633 Dio
277 4571 415 4634 interim
432 4574 582 4653 qualche
599 4574 690 4634 mala
708 4573 828 4652 lingua
851 4591 920 4632 non
937 4592 975 4633 se
992 4570 1232 4650 interpongha
1247 4568 1293 4628 ad
1308 4567 1471 4648 impedit.

281 4679 323 4740 El
348 4677 479 4760 Signor
510 4681 555 4740 de
580 4680 737 4742 Chevres
768 4677 828 4760 gia
853 4687 905 4740 tre
931 4676 966 4739 di
990 4679 1036 4739 ha
1060 4677 1168 4738 hauto
1201 4676 1235 4736 la
1259 4675 1361 4736 febre
1393 4695 1472 4738 cum

193 4796 428 4870 symptomata
454 4796 490 4850 et
514 4787 680 4850 continuo
706 4788 807 4850 dolor
831 4785 867 4846 di
892 4805 982 4867 capo
1007 4795 1043 4846 et
1068 4804 1137 4847 non
1161 4785 1255 4847 bone
1279 4781 1396 4857 urine3
1427 4802 1472 4847 ne
