<?xml version="1.0" encoding="UTF-8"?>
<!DOCTYPE html PUBLIC "-//W3C//DTD XHTML 1.0 Transitional//EN"
    "http://www.w3.org/TR/xhtml1/DTD/xhtml1-transitional.dtd">
<html xmlns="http://www.w3.org/1999/xhtml" xml:lang="en" lang="en">
 <head>
  <title>
</title>
<meta http-equiv="Content-Type" content="text/html;charset=utf-8" />
  <meta name='ocr-system' content='tesseract 3.04.00' />
  <meta name='ocr-capabilities' content='ocr_page ocr_carea ocr_par ocr_line ocrx_word'/>
</head>
<body>
  <div class='ocr_page' id='page_1' title='image "./monumentareform00vatigoog_0521.png"; bbox 0 0 3330 5580; ppageno 0'>
   <div class='ocr_carea' id='block_1_1' title="bbox 705 487 952 543">
    <p class='ocr_par' dir='ltr' id='par_1_1' title="bbox 705 487 952 543">
     <span class='ocr_line' id='line_1_1' title="bbox 705 487 952 543; baseline -0.004 0"><span class='ocrx_word' id='word_1_1' title='bbox 705 487 952 543; x_wconf 49' lang='grc' dir='ltr'>143480ῖρ-ο</span> 
     </span>
    </p>
   </div>
   <div class='ocr_carea' id='block_1_2' title="bbox 185 632 1481 1870">
    <p class='ocr_par' dir='ltr' id='par_1_2' title="bbox 185 632 1481 1870">
     <span class='ocr_line' id='line_1_2' title="bbox 187 632 1479 715; baseline 0.003 -22"><span class='ocrx_word' id='word_1_2' title='bbox 187 652 342 694; x_wconf 91' lang='lat' dir='ltr'>mearum</span> <span class='ocrx_word' id='word_1_3' title='bbox 360 654 429 715; x_wconf 92' lang='lat' dir='ltr'>ego</span> <span class='ocrx_word' id='word_1_4' title='bbox 447 634 598 715; x_wconf 91' lang='lat' dir='ltr'>partium</span> <span class='ocrx_word' id='word_1_5' title='bbox 615 644 712 697; x_wconf 91' lang='lat' dir='ltr'>ratus</span> <span class='ocrx_word' id='word_1_6' title='bbox 737 655 812 697; x_wconf 89' lang='lat' dir='ltr'>sum</span> <span class='ocrx_word' id='word_1_7' title='bbox 838 655 958 697; x_wconf 89' lang='lat' dir='ltr'>eorum</span> <span class='ocrx_word' id='word_1_8' title='bbox 984 634 1138 697; x_wconf 92' lang='lat' dir='ltr'>omnium</span> <span class='ocrx_word' id='word_1_9' title='bbox 1162 632 1199 698; x_wconf 80' lang='lat' dir='ltr'>S.</span> <span class='ocrx_word' id='word_1_10' title='bbox 1216 636 1257 697; x_wconf 89' lang='lat' dir='ltr'>T.</span> <span class='ocrx_word' id='word_1_11' title='bbox 1284 635 1479 697; x_wconf 84' lang='lat' dir='ltr'>certiorem</span> 
     </span>
     <span class='ocr_line' id='line_1_3' title="bbox 186 739 1481 824; baseline 0.003 -24"><span class='ocrx_word' id='word_1_12' title='bbox 186 739 338 802; x_wconf 86' lang='lat' dir='ltr'>reddere</span> <span class='ocrx_word' id='word_1_13' title='bbox 363 750 401 802; x_wconf 93' lang='lat' dir='ltr'>ut</span> <span class='ocrx_word' id='word_1_14' title='bbox 424 742 567 822; x_wconf 88' lang='lat' dir='ltr'>quando</span> <span class='ocrx_word' id='word_1_15' title='bbox 593 741 824 804; x_wconf 88' lang='lat' dir='ltr'>certissimum</span> <span class='ocrx_word' id='word_1_16' title='bbox 854 743 990 805; x_wconf 89' lang='lat' dir='ltr'>habere</span> <span class='ocrx_word' id='word_1_17' title='bbox 1020 761 1086 824; x_wconf 91' lang='lat' dir='ltr'>par</span> <span class='ocrx_word' id='word_1_18' title='bbox 1109 751 1173 821; x_wconf 89' lang='lat' dir='ltr'>est,</span> <span class='ocrx_word' id='word_1_19' title='bbox 1205 743 1274 805; x_wconf 92' lang='lat' dir='ltr'>hoc</span> <span class='ocrx_word' id='word_1_20' title='bbox 1304 741 1481 824; x_wconf 92' lang='lat' dir='ltr'>quicquid</span> 
     </span>
     <span class='ocr_line' id='line_1_4' title="bbox 186 846 1480 930; baseline 0.003 -22"><span class='ocrx_word' id='word_1_21' title='bbox 186 867 207 908; x_wconf 90' lang='lat' dir='ltr'>a</span> <span class='ocrx_word' id='word_1_22' title='bbox 231 846 335 909; x_wconf 92' lang='lat' dir='ltr'>nobis</span> <span class='ocrx_word' id='word_1_23' title='bbox 358 857 475 909; x_wconf 90' lang='lat' dir='ltr'>actum</span> <span class='ocrx_word' id='word_1_24' title='bbox 501 860 554 910; x_wconf 88' lang='lat' dir='ltr'>est</span> <span class='ocrx_word' id='word_1_25' title='bbox 578 868 649 911; x_wconf 91' lang='lat' dir='ltr'>non</span> <span class='ocrx_word' id='word_1_26' title='bbox 673 848 761 911; x_wconf 91' lang='lat' dir='ltr'>citra</span> <span class='ocrx_word' id='word_1_27' title='bbox 785 848 931 912; x_wconf 86' lang='lat' dir='ltr'>fatalem</span> <span class='ocrx_word' id='word_1_28' title='bbox 956 848 1024 911; x_wconf 89' lang='lat' dir='ltr'>Dei</span> <span class='ocrx_word' id='word_1_29' title='bbox 1047 846 1131 930; x_wconf 92' lang='lat' dir='ltr'>Opt.</span> <span class='ocrx_word' id='word_1_30' title='bbox 1156 848 1253 911; x_wconf 84' lang='lat' dir='ltr'>Max.</span> <span class='ocrx_word' id='word_1_31' title='bbox 1283 848 1480 930; x_wconf 89' lang='lat' dir='ltr'>providen-</span> 
     </span>
     <span class='ocr_line' id='line_1_5' title="bbox 185 951 1477 1039; baseline 0.004 -25"><span class='ocrx_word' id='word_1_32' title='bbox 185 951 269 1015; x_wconf 86' lang='lat' dir='ltr'><strong>tiam</strong></span> <span class='ocrx_word' id='word_1_33' title='bbox 293 954 505 1035; x_wconf 79' lang='lat' dir='ltr'>contigisse,</span> <span class='ocrx_word' id='word_1_34' title='bbox 530 955 590 1036; x_wconf 93' lang='lat' dir='ltr'>qui</span> <span class='ocrx_word' id='word_1_35' title='bbox 615 954 702 1017; x_wconf 92' lang='lat' dir='ltr'>nihil</span> <span class='ocrx_word' id='word_1_36' title='bbox 725 975 796 1017; x_wconf 91' lang='lat' dir='ltr'>non</span> <span class='ocrx_word' id='word_1_37' title='bbox 821 955 1082 1036; x_wconf 85' lang='lat' dir='ltr'>sapientissime</span> <span class='ocrx_word' id='word_1_38' title='bbox 1106 955 1280 1039; x_wconf 86' lang='lat' dir='ltr'>disponit,</span> <span class='ocrx_word' id='word_1_39' title='bbox 1303 957 1368 1020; x_wconf 90' lang='lat' dir='ltr'>det</span> <span class='ocrx_word' id='word_1_40' title='bbox 1397 976 1477 1039; x_wconf 93' lang='lat' dir='ltr'>pro-</span> 
     </span>
     <span class='ocr_line' id='line_1_6' title="bbox 188 1059 1480 1145; baseline 0.005 -26"><span class='ocrx_word' id='word_1_41' title='bbox 188 1059 270 1122; x_wconf 89' lang='lat' dir='ltr'>inde</span> <span class='ocrx_word' id='word_1_42' title='bbox 296 1080 441 1141; x_wconf 86' lang='lat' dir='ltr'>operam</span> <span class='ocrx_word' id='word_1_43' title='bbox 465 1060 505 1124; x_wconf 80' lang='lat' dir='ltr'>E.</span> <span class='ocrx_word' id='word_1_44' title='bbox 530 1062 569 1124; x_wconf 86' lang='lat' dir='ltr'>T.</span> <span class='ocrx_word' id='word_1_45' title='bbox 594 1061 635 1124; x_wconf 93' lang='lat' dir='ltr'>B.</span> <span class='ocrx_word' id='word_1_46' title='bbox 661 1071 699 1124; x_wconf 93' lang='lat' dir='ltr'>ut</span> <span class='ocrx_word' id='word_1_47' title='bbox 722 1061 1042 1143; x_wconf 85' lang='lat' dir='ltr'>supplicationibus</span> <span class='ocrx_word' id='word_1_48' title='bbox 1056 1062 1195 1145; x_wconf 82' lang='lat' dir='ltr'>piisque</span> <span class='ocrx_word' id='word_1_49' title='bbox 1219 1064 1480 1127; x_wconf 86' lang='lat' dir='ltr'>obsecrationi·</span> 
     </span>
     <span class='ocr_line' id='line_1_7' title="bbox 188 1166 1478 1251; baseline 0.004 -24"><span class='ocrx_word' id='word_1_50' title='bbox 188 1169 253 1227; x_wconf 92' lang='lat' dir='ltr'>bus</span> <span class='ocrx_word' id='word_1_51' title='bbox 278 1166 392 1229; x_wconf 89' lang='lat' dir='ltr'>Deum</span> <span class='ocrx_word' id='word_1_52' title='bbox 417 1168 535 1247; x_wconf 87' lang='lat' dir='ltr'>placet</span> <span class='ocrx_word' id='word_1_53' title='bbox 559 1167 735 1247; x_wconf 86' lang='lat' dir='ltr'>Ecclesia,</span> <span class='ocrx_word' id='word_1_54' title='bbox 766 1188 836 1249; x_wconf 92' lang='lat' dir='ltr'>quo</span> <span class='ocrx_word' id='word_1_55' title='bbox 869 1168 996 1250; x_wconf 86' lang='lat' dir='ltr'>reliqui</span> <span class='ocrx_word' id='word_1_56' title='bbox 1020 1169 1179 1231; x_wconf 89' lang='lat' dir='ltr'>eiusdem</span> <span class='ocrx_word' id='word_1_57' title='bbox 1203 1168 1374 1232; x_wconf 86' lang='lat' dir='ltr'>factionis</span> <span class='ocrx_word' id='word_1_58' title='bbox 1399 1190 1478 1251; x_wconf 89' lang='lat' dir='ltr'>per-</span> 
     </span>
     <span class='ocr_line' id='line_1_8' title="bbox 187 1273 1478 1357; baseline 0.003 -24"><span class='ocrx_word' id='word_1_59' title='bbox 187 1273 347 1335; x_wconf 89' lang='lat' dir='ltr'>ditissimi</span> <span class='ocrx_word' id='word_1_60' title='bbox 364 1273 535 1354; x_wconf 90' lang='lat' dir='ltr'>homines,</span> <span class='ocrx_word' id='word_1_61' title='bbox 552 1274 611 1356; x_wconf 92' lang='lat' dir='ltr'>qui</span> <span class='ocrx_word' id='word_1_62' title='bbox 626 1274 765 1356; x_wconf 87' lang='lat' dir='ltr'>ingenti</span> <span class='ocrx_word' id='word_1_63' title='bbox 782 1295 847 1337; x_wconf 94' lang='lat' dir='ltr'>nos</span> <span class='ocrx_word' id='word_1_64' title='bbox 865 1274 1055 1337; x_wconf 87' lang='lat' dir='ltr'>etiamnum</span> <span class='ocrx_word' id='word_1_65' title='bbox 1071 1275 1212 1357; x_wconf 84' lang='lat' dir='ltr'>agmine</span> <span class='ocrx_word' id='word_1_66' title='bbox 1230 1276 1478 1353; x_wconf 82' lang='lat' dir='ltr'>circumstant,</span> 
     </span>
     <span class='ocr_line' id='line_1_9' title="bbox 187 1380 1478 1462; baseline 0.003 -21"><span class='ocrx_word' id='word_1_67' title='bbox 187 1380 232 1442; x_wconf 90' lang='lat' dir='ltr'>ad</span> <span class='ocrx_word' id='word_1_68' title='bbox 257 1380 437 1443; x_wconf 90' lang='lat' dir='ltr'>meliorem</span> <span class='ocrx_word' id='word_1_69' title='bbox 463 1382 606 1444; x_wconf 89' lang='lat' dir='ltr'>tandem</span> <span class='ocrx_word' id='word_1_70' title='bbox 631 1382 823 1462; x_wconf 87' lang='lat' dir='ltr'>aliquando</span> <span class='ocrx_word' id='word_1_71' title='bbox 855 1390 1008 1444; x_wconf 89' lang='lat' dir='ltr'>mentem</span> <span class='ocrx_word' id='word_1_72' title='bbox 1040 1393 1282 1460; x_wconf 84' lang='lat' dir='ltr'>revertantur,</span> <span class='ocrx_word' id='word_1_73' title='bbox 1311 1383 1478 1445; x_wconf 87' lang='lat' dir='ltr'>Authore</span> 
     </span>
     <span class='ocr_line' id='line_1_10' title="bbox 188 1487 1477 1579; baseline 0.003 -31"><span class='ocrx_word' id='word_1_74' title='bbox 188 1506 240 1565; x_wconf 87' lang='lat' dir='ltr'>ee,</span> <span class='ocrx_word' id='word_1_75' title='bbox 259 1487 317 1567; x_wconf 92' lang='lat' dir='ltr'>qui</span> <span class='ocrx_word' id='word_1_76' title='bbox 332 1498 570 1569; x_wconf 74' lang='lat' dir='ltr'>perstaturum</span> <span class='ocrx_word' id='word_1_77' title='bbox 587 1488 684 1550; x_wconf 90' lang='lat' dir='ltr'>Petri</span> <span class='ocrx_word' id='word_1_78' title='bbox 709 1487 814 1551; x_wconf 89' lang='lat' dir='ltr'>fidem</span> <span class='ocrx_word' id='word_1_79' title='bbox 839 1487 922 1551; x_wconf 89' lang='lat' dir='ltr'>olim</span> <span class='ocrx_word' id='word_1_80' title='bbox 945 1488 1125 1569; x_wconf 86' lang='lat' dir='ltr'>pollicitus</span> <span class='ocrx_word' id='word_1_81' title='bbox 1149 1500 1245 1552; x_wconf 90' lang='lat' dir='ltr'>tuam</span> <span class='ocrx_word' id='word_1_82' title='bbox 1270 1489 1382 1579; x_wconf 83' lang='lat' dir='ltr'>etiarn</span> <span class='ocrx_word' id='word_1_83' title='bbox 1407 1490 1477 1552; x_wconf 57' lang='grc' dir='ltr'>ΒΜ</span> 
     </span>
     <span class='ocr_line' id='line_1_11' title="bbox 187 1593 1476 1674; baseline 0.004 -20"><span class='ocrx_word' id='word_1_84' title='bbox 187 1593 442 1674; x_wconf 78' lang='lat' dir='ltr'>componendis</span> <span class='ocrx_word' id='word_1_85' title='bbox 466 1597 572 1657; x_wconf 90' lang='lat' dir='ltr'>rebus</span> <span class='ocrx_word' id='word_1_86' title='bbox 596 1595 794 1657; x_wconf 84' lang='lat' dir='ltr'>mortalium</span> <span class='ocrx_word' id='word_1_87' title='bbox 820 1595 879 1657; x_wconf 92' lang='lat' dir='ltr'>diu</span> <span class='ocrx_word' id='word_1_88' title='bbox 904 1605 1024 1658; x_wconf 87' lang='lat' dir='ltr'>servet</span> <span class='ocrx_word' id='word_1_89' title='bbox 1047 1595 1257 1658; x_wconf 88' lang='lat' dir='ltr'>incolumen.</span> <span class='ocrx_word' id='word_1_90' title='bbox 1306 1595 1361 1658; x_wconf 84' lang='lat' dir='ltr'>Ex</span> <span class='ocrx_word' id='word_1_91' title='bbox 1381 1596 1476 1659; x_wconf 87' lang='lat' dir='ltr'>Nan-</span> 
     </span>
     <span class='ocr_line' id='line_1_12' title="bbox 187 1700 725 1781; baseline 0.004 -19"><span class='ocrx_word' id='word_1_92' title='bbox 187 1720 277 1781; x_wconf 91' lang='lat' dir='ltr'>eeyo</span> <span class='ocrx_word' id='word_1_93' title='bbox 303 1700 361 1763; x_wconf 92' lang='lat' dir='ltr'>die</span> <span class='ocrx_word' id='word_1_94' title='bbox 387 1701 437 1762; x_wconf 90' lang='lat' dir='ltr'>VI</span> <span class='ocrx_word' id='word_1_95' title='bbox 460 1701 595 1764; x_wconf 88' lang='lat' dir='ltr'>Mensis</span> <span class='ocrx_word' id='word_1_96' title='bbox 618 1701 725 1781; x_wconf 89' lang='lat' dir='ltr'>Junii.</span> 
     </span>
     <span class='ocr_line' id='line_1_13' title="bbox 276 1805 441 1870; baseline 0.006 -1"><span class='ocrx_word' id='word_1_97' title='bbox 276 1806 315 1870; x_wconf 87' lang='lat' dir='ltr'>E.</span> <span class='ocrx_word' id='word_1_98' title='bbox 341 1805 377 1870; x_wconf 87' lang='lat' dir='ltr'>S.</span> <span class='ocrx_word' id='word_1_99' title='bbox 402 1808 441 1870; x_wconf 91' lang='lat' dir='ltr'>T.</span> 
     </span>
    </p>
   </div>
   <div class='ocr_carea' id='block_1_3' title="bbox 523 1915 1423 2068">
    <p class='ocr_par' dir='ltr' id='par_1_3' title="bbox 523 1915 1423 2068">
     <span class='ocr_line' id='line_1_14' title="bbox 697 1915 1279 1980; baseline 0 -16"><span class='ocrx_word' id='word_1_100' title='bbox 697 1916 888 1965; x_wconf 88' lang='lat' dir='ltr'>Devotissimus</span> <span class='ocrx_word' id='word_1_101' title='bbox 907 1915 1190 1980; x_wconf 86' lang='lat' dir='ltr'>obedientissimusque</span> <span class='ocrx_word' id='word_1_102' title='bbox 1209 1915 1279 1964; x_wconf 89' lang='lat' dir='ltr'>lilius</span> 
     </span>
     <span class='ocr_line' id='line_1_15' title="bbox 523 1997 1423 2068; baseline -0.001 -14"><span class='ocrx_word' id='word_1_103' title='bbox 523 2005 708 2055; x_wconf 80' lang='lat' dir='ltr'>Calabriae</span> <span class='ocrx_word' id='word_1_104' title='bbox 731 1997 983 2067; x_wconf 50' lang='lat' dir='ltr'>Loth&#39;aringiae</span> <span class='ocrx_word' id='word_1_105' title='bbox 1002 2013 1035 2056; x_wconf 90' lang='lat' dir='ltr'>et</span> <span class='ocrx_word' id='word_1_106' title='bbox 1056 2007 1150 2056; x_wconf 85' lang='lat' dir='ltr'>Burri</span> <span class='ocrx_word' id='word_1_107' title='bbox 1172 2009 1229 2055; x_wconf 79' lang='lat' dir='ltr'>Dux</span> <span class='ocrx_word' id='word_1_108' title='bbox 1248 2005 1423 2068; x_wconf 63' lang='lat' dir='ltr'>unuln,</span> 
     </span>
    </p>
   </div>
   <div class='ocr_carea' id='block_1_4' title="bbox 785 2222 931 2233">
    <p class='ocr_par' dir='ltr' id='par_1_4' title="bbox 785 2222 931 2233">
     <span class='ocr_line' id='line_1_16' title="bbox 785 2222 931 2233; baseline 0.007 -1"><span class='ocrx_word' id='word_1_109' title='bbox 785 2222 794 2232; x_wconf 51' lang='grc' dir='ltr'>κ</span> <span class='ocrx_word' id='word_1_110' title='bbox 801 2224 810 2233; x_wconf 62' lang='lat' dir='ltr'>v</span> <span class='ocrx_word' id='word_1_111' title='bbox 825 2223 839 2231; x_wconf 73' lang='grc' dir='ltr'>ν-</span> <span class='ocrx_word' id='word_1_112' title='bbox 845 2222 931 2233; x_wconf 53' lang='lat' dir='ltr'>vum-w*</span> 
     </span>
    </p>
   </div>
   <div class='ocr_carea' id='block_1_5' title="bbox 339 2489 1319 2939">
    <p class='ocr_par' dir='ltr' id='par_1_5' title="bbox 339 2489 1319 2939">
     <span class='ocr_line' id='line_1_17' title="bbox 795 2489 870 2553; baseline 0.013 -1"><span class='ocrx_word' id='word_1_113' title='bbox 795 2489 870 2553; x_wconf 77' lang='lat'>222.</span> 
     </span>
     <span class='ocr_line' id='line_1_18' title="bbox 623 2603 1085 2686; baseline 0.002 -2"><span class='ocrx_word' id='word_1_114' title='bbox 623 2603 782 2684; x_wconf 75' lang='lat' dir='ltr'>Clemens</span> <span class='ocrx_word' id='word_1_115' title='bbox 809 2604 888 2684; x_wconf 82' lang='lat' dir='ltr'><strong>VII.</strong></span> <span class='ocrx_word' id='word_1_116' title='bbox 918 2603 1018 2685; x_wconf 84' lang='lat' dir='ltr'>Gurle</span> <span class='ocrx_word' id='word_1_117' title='bbox 1046 2604 1085 2686; x_wconf 82' lang='lat' dir='ltr'>V.</span> 
     </span>
     <span class='ocr_line' id='line_1_19' title="bbox 339 2751 1319 2826; baseline 0.006 -18"><span class='ocrx_word' id='word_1_118' title='bbox 339 2751 499 2820; x_wconf 68' lang='lat' dir='ltr'>(momentu</span> <span class='ocrx_word' id='word_1_119' title='bbox 517 2751 580 2810; x_wconf 83' lang='lat' dir='ltr'>vn.</span> <span class='ocrx_word' id='word_1_120' title='bbox 599 2752 687 2826; x_wconf 70' lang='lat' dir='ltr'>Epist.</span> <span class='ocrx_word' id='word_1_121' title='bbox 707 2752 744 2810; x_wconf 77' lang='lat' dir='ltr'>ad</span> <span class='ocrx_word' id='word_1_122' title='bbox 761 2753 847 2826; x_wconf 80' lang='lat' dir='ltr'>prino.</span> <span class='ocrx_word' id='word_1_123' title='bbox 867 2751 1029 2810; x_wconf 68' lang='grc'><strong>1111111111</strong></span> <span class='ocrx_word' id='word_1_124' title='bbox 1047 2753 1170 2825; x_wconf 73' lang='lat' dir='ltr'>scriptae</span> <span class='ocrx_word' id='word_1_125' title='bbox 1188 2751 1233 2810; x_wconf 80' lang='lat' dir='ltr'>iol</span> <span class='ocrx_word' id='word_1_126' title='bbox 1251 2753 1319 2815; x_wconf 77' lang='grc'><strong>157.)</strong></span> 
     </span>
     <span class='ocr_line' id='line_1_20' title="bbox 703 2870 942 2939; baseline -0.004 -18"><span class='ocrx_word' id='word_1_127' title='bbox 703 2870 738 2938; x_wconf 85' lang='lat'>(9,</span> <span class='ocrx_word' id='word_1_128' title='bbox 758 2874 831 2938; x_wconf 82' lang='lat' dir='ltr'>Junii</span> <span class='ocrx_word' id='word_1_129' title='bbox 856 2870 942 2939; x_wconf 81' lang='lat'><strong>1525.)</strong></span> 
     </span>
    </p>
   </div>
   <div class='ocr_carea' id='block_1_6' title="bbox 190 2996 1500 4901">
    <p class='ocr_par' dir='ltr' id='par_1_6' title="bbox 190 2996 1500 4901">
     <span class='ocr_line' id='line_1_21' title="bbox 279 2996 1475 3081; baseline 0.003 -22"><span class='ocrx_word' id='word_1_130' title='bbox 279 2996 466 3060; x_wconf 89' lang='lat' dir='ltr'>Carissime</span> <span class='ocrx_word' id='word_1_131' title='bbox 513 2997 580 3061; x_wconf 91' lang='lat' dir='ltr'>His</span> <span class='ocrx_word' id='word_1_132' title='bbox 604 2998 730 3061; x_wconf 91' lang='lat' dir='ltr'>diebus</span> <span class='ocrx_word' id='word_1_133' title='bbox 754 3019 830 3060; x_wconf 92' lang='lat' dir='ltr'>cum</span> <span class='ocrx_word' id='word_1_134' title='bbox 857 2999 901 3060; x_wconf 89' lang='lat' dir='ltr'>de</span> <span class='ocrx_word' id='word_1_135' title='bbox 916 2997 1124 3060; x_wconf 89' lang='lat' dir='ltr'>tumultibus</span> <span class='ocrx_word' id='word_1_136' title='bbox 1139 2997 1364 3079; x_wconf 86' lang='lat' dir='ltr'>Germaniae,</span> <span class='ocrx_word' id='word_1_137' title='bbox 1380 3021 1475 3081; x_wconf 91' lang='lat' dir='ltr'>quae</span> 
     </span>
     <span class='ocr_line' id='line_1_22' title="bbox 190 3104 1475 3188; baseline 0.002 -21"><span class='ocrx_word' id='word_1_138' title='bbox 190 3104 265 3167; x_wconf 80' lang='lat' dir='ltr'>fere</span> <span class='ocrx_word' id='word_1_139' title='bbox 290 3115 366 3167; x_wconf 91' lang='lat' dir='ltr'>tota</span> <span class='ocrx_word' id='word_1_140' title='bbox 390 3105 458 3168; x_wconf 89' lang='lat' dir='ltr'>illis</span> <span class='ocrx_word' id='word_1_141' title='bbox 482 3105 598 3187; x_wconf 90' lang='lat' dir='ltr'>impiis</span> <span class='ocrx_word' id='word_1_142' title='bbox 629 3107 837 3169; x_wconf 88' lang='lat' dir='ltr'>lutheranae</span> <span class='ocrx_word' id='word_1_143' title='bbox 870 3105 1094 3186; x_wconf 89' lang='lat' dir='ltr'>pestilentiae</span> <span class='ocrx_word' id='word_1_144' title='bbox 1119 3105 1311 3168; x_wconf 87' lang='lat' dir='ltr'>seminibus</span> <span class='ocrx_word' id='word_1_145' title='bbox 1335 3116 1475 3188; x_wconf 89' lang='lat' dir='ltr'>pertur-</span> 
     </span>
     <span class='ocr_line' id='line_1_23' title="bbox 190 3213 1476 3296; baseline 0.003 -23"><span class='ocrx_word' id='word_1_146' title='bbox 190 3214 274 3275; x_wconf 88' lang='lat' dir='ltr'>bata</span> <span class='ocrx_word' id='word_1_147' title='bbox 298 3215 343 3274; x_wconf 90' lang='lat' dir='ltr'>ad</span> <span class='ocrx_word' id='word_1_148' title='bbox 368 3213 538 3276; x_wconf 89' lang='lat' dir='ltr'>nobilium</span> <span class='ocrx_word' id='word_1_149' title='bbox 564 3231 600 3276; x_wconf 88' lang='lat' dir='ltr'>et</span> <span class='ocrx_word' id='word_1_150' title='bbox 623 3214 822 3296; x_wconf 91' lang='lat' dir='ltr'>principum</span> <span class='ocrx_word' id='word_1_151' title='bbox 848 3234 989 3276; x_wconf 91' lang='lat' dir='ltr'>suorum</span> <span class='ocrx_word' id='word_1_152' title='bbox 1007 3214 1153 3275; x_wconf 90' lang='lat' dir='ltr'>caedem</span> <span class='ocrx_word' id='word_1_153' title='bbox 1168 3213 1476 3296; x_wconf 85' lang='lat' dir='ltr'>ecclesiarumque</span> 
     </span>
     <span class='ocr_line' id='line_1_24' title="bbox 191 3318 1476 3404; baseline 0.004 -24"><span class='ocrx_word' id='word_1_154' title='bbox 191 3320 426 3403; x_wconf 89' lang='lat' dir='ltr'>direptionem</span> <span class='ocrx_word' id='word_1_155' title='bbox 448 3331 731 3402; x_wconf 87' lang='lat' dir='ltr'>consurrexerat,</span> <span class='ocrx_word' id='word_1_156' title='bbox 749 3342 879 3403; x_wconf 89' lang='lat' dir='ltr'>graves</span> <span class='ocrx_word' id='word_1_157' title='bbox 894 3321 1042 3384; x_wconf 87' lang='lat' dir='ltr'>nuncios</span> <span class='ocrx_word' id='word_1_158' title='bbox 1055 3318 1313 3398; x_wconf 87' lang='lat' dir='ltr'>habuissemus,</span> <span class='ocrx_word' id='word_1_159' title='bbox 1339 3340 1381 3382; x_wconf 88' lang='lat' dir='ltr'>ac</span> <span class='ocrx_word' id='word_1_160' title='bbox 1407 3343 1476 3404; x_wconf 93' lang='lat' dir='ltr'>pro</span> 
     </span>
     <span class='ocr_line' id='line_1_25' title="bbox 192 3426 1477 3511; baseline 0.002 -23"><span class='ocrx_word' id='word_1_161' title='bbox 192 3437 314 3490; x_wconf 89' lang='lat' dir='ltr'>nostra</span> <span class='ocrx_word' id='word_1_162' title='bbox 338 3448 472 3490; x_wconf 89' lang='lat' dir='ltr'>summa</span> <span class='ocrx_word' id='word_1_163' title='bbox 496 3449 580 3490; x_wconf 92' lang='lat' dir='ltr'>cura</span> <span class='ocrx_word' id='word_1_164' title='bbox 604 3429 759 3492; x_wconf 89' lang='lat' dir='ltr'>tuendae</span> <span class='ocrx_word' id='word_1_165' title='bbox 777 3428 906 3491; x_wconf 85' lang='lat' dir='ltr'>Christi</span> <span class='ocrx_word' id='word_1_166' title='bbox 923 3426 1106 3511; x_wconf 86' lang='lat' dir='ltr'>religionis</span> <span class='ocrx_word' id='word_1_167' title='bbox 1130 3437 1165 3489; x_wconf 88' lang='lat' dir='ltr'>et</span> <span class='ocrx_word' id='word_1_168' title='bbox 1182 3426 1365 3508; x_wconf 87' lang='lat' dir='ltr'>dignitatis</span> <span class='ocrx_word' id='word_1_169' title='bbox 1390 3437 1477 3491; x_wconf 90' lang='lat' dir='ltr'>tuae</span> 
     </span>
     <span class='ocr_line' id='line_1_26' title="bbox 191 3533 1477 3616; baseline 0.002 -21"><span class='ocrx_word' id='word_1_170' title='bbox 191 3533 251 3597; x_wconf 89' lang='lat' dir='ltr'>dil.</span> <span class='ocrx_word' id='word_1_171' title='bbox 275 3533 322 3597; x_wconf 88' lang='lat' dir='ltr'>fil.</span> <span class='ocrx_word' id='word_1_172' title='bbox 348 3535 458 3597; x_wconf 91' lang='lat' dir='ltr'>nobili</span> <span class='ocrx_word' id='word_1_173' title='bbox 482 3536 560 3598; x_wconf 93' lang='lat' dir='ltr'>viro</span> <span class='ocrx_word' id='word_1_174' title='bbox 584 3535 684 3598; x_wconf 88' lang='lat' dir='ltr'>fratri</span> <span class='ocrx_word' id='word_1_175' title='bbox 709 3547 769 3598; x_wconf 92' lang='lat' dir='ltr'>tuo</span> <span class='ocrx_word' id='word_1_176' title='bbox 794 3535 829 3597; x_wconf 91' lang='lat' dir='ltr'>id</span> <span class='ocrx_word' id='word_1_177' title='bbox 854 3556 875 3597; x_wconf 90' lang='lat' dir='ltr'>a</span> <span class='ocrx_word' id='word_1_178' title='bbox 899 3535 1001 3597; x_wconf 91' lang='lat' dir='ltr'>nobis</span> <span class='ocrx_word' id='word_1_179' title='bbox 1025 3554 1090 3616; x_wconf 84' lang='lat' dir='ltr'>per</span> <span class='ocrx_word' id='word_1_180' title='bbox 1113 3534 1249 3596; x_wconf 86' lang='lat' dir='ltr'>litteras</span> <span class='ocrx_word' id='word_1_181' title='bbox 1277 3535 1477 3615; x_wconf 88' lang='lat' dir='ltr'>postulanti</span> 
     </span>
     <span class='ocr_line' id='line_1_27' title="bbox 192 3639 1478 3723; baseline 0.001 -20"><span class='ocrx_word' id='word_1_182' title='bbox 192 3642 326 3703; x_wconf 80' lang='lat' dir='ltr'>auxilia</span> <span class='ocrx_word' id='word_1_183' title='bbox 342 3642 546 3723; x_wconf 87' lang='lat' dir='ltr'>pecuniaria</span> <span class='ocrx_word' id='word_1_184' title='bbox 563 3642 701 3705; x_wconf 90' lang='lat' dir='ltr'>mittere</span> <span class='ocrx_word' id='word_1_185' title='bbox 719 3642 998 3705; x_wconf 86' lang='lat' dir='ltr'>decrevissemus</span> <span class='ocrx_word' id='word_1_186' title='bbox 1014 3640 1047 3703; x_wconf 93' lang='lat' dir='ltr'>in</span> <span class='ocrx_word' id='word_1_187' title='bbox 1061 3641 1116 3702; x_wconf 92' lang='lat' dir='ltr'>his</span> <span class='ocrx_word' id='word_1_188' title='bbox 1132 3640 1268 3703; x_wconf 88' lang='lat' dir='ltr'>miseris</span> <span class='ocrx_word' id='word_1_189' title='bbox 1285 3651 1321 3703; x_wconf 91' lang='lat' dir='ltr'>et</span> <span class='ocrx_word' id='word_1_190' title='bbox 1330 3639 1478 3704; x_wconf 84' lang='lat' dir='ltr'>afflictis</span> 
     </span>
     <span class='ocr_line' id='line_1_28' title="bbox 191 3746 1474 3832; baseline 0.001 -22"><span class='ocrx_word' id='word_1_191' title='bbox 191 3746 296 3811; x_wconf 85' lang='lat' dir='ltr'>Sedis</span> <span class='ocrx_word' id='word_1_192' title='bbox 309 3749 539 3832; x_wconf 83' lang='lat' dir='ltr'>Apostolicae</span> <span class='ocrx_word' id='word_1_193' title='bbox 552 3749 771 3830; x_wconf 91' lang='lat' dir='ltr'>temporibus</span> <span class='ocrx_word' id='word_1_194' title='bbox 785 3768 919 3810; x_wconf 91' lang='lat' dir='ltr'>summo</span> <span class='ocrx_word' id='word_1_195' title='bbox 931 3768 1009 3810; x_wconf 91' lang='lat' dir='ltr'>cum</span> <span class='ocrx_word' id='word_1_196' title='bbox 1021 3748 1144 3809; x_wconf 86' lang='lat' dir='ltr'>labore</span> <span class='ocrx_word' id='word_1_197' title='bbox 1158 3766 1349 3827; x_wconf 89' lang='lat' dir='ltr'>expressa:</span> <span class='ocrx_word' id='word_1_198' title='bbox 1367 3748 1474 3811; x_wconf 87' lang='lat' dir='ltr'>desti-</span> 
     </span>
     <span class='ocr_line' id='line_1_29' title="bbox 191 3853 1475 3937; baseline 0.001 -20"><span class='ocrx_word' id='word_1_199' title='bbox 191 3876 277 3918; x_wconf 91' lang='lat' dir='ltr'>nare</span> <span class='ocrx_word' id='word_1_200' title='bbox 294 3855 506 3918; x_wconf 87' lang='lat' dir='ltr'>instituimus</span> <span class='ocrx_word' id='word_1_201' title='bbox 519 3856 640 3918; x_wconf 85' lang='lat' dir='ltr'>dedita</span> <span class='ocrx_word' id='word_1_202' title='bbox 654 3876 764 3937; x_wconf 90' lang='lat' dir='ltr'>opera</span> <span class='ocrx_word' id='word_1_203' title='bbox 779 3855 1001 3917; x_wconf 88' lang='lat' dir='ltr'>tabellarium</span> <span class='ocrx_word' id='word_1_204' title='bbox 1018 3855 1064 3916; x_wconf 90' lang='lat' dir='ltr'>ad</span> <span class='ocrx_word' id='word_1_205' title='bbox 1078 3854 1137 3916; x_wconf 92' lang='lat' dir='ltr'>dil.</span> <span class='ocrx_word' id='word_1_206' title='bbox 1161 3853 1202 3915; x_wconf 83' lang='lat' dir='ltr'>fr.</span> <span class='ocrx_word' id='word_1_207' title='bbox 1221 3854 1475 3918; x_wconf 87' lang='lat' dir='ltr'>Baldassarem</span> 
     </span>
     <span class='ocr_line' id='line_1_30' title="bbox 191 3958 1476 4044; baseline 0 -19"><span class='ocrx_word' id='word_1_208' title='bbox 191 3962 444 4026; x_wconf 88' lang='lat' dir='ltr'>Castilioneum</span> <span class='ocrx_word' id='word_1_209' title='bbox 469 3962 633 4025; x_wconf 90' lang='lat' dir='ltr'>nuncium</span> <span class='ocrx_word' id='word_1_210' title='bbox 659 3973 832 4041; x_wconf 91' lang='lat' dir='ltr'>nostrum,</span> <span class='ocrx_word' id='word_1_211' title='bbox 857 3963 916 4044; x_wconf 91' lang='lat' dir='ltr'>qui</span> <span class='ocrx_word' id='word_1_212' title='bbox 941 3981 1019 4024; x_wconf 91' lang='lat' dir='ltr'>cum</span> <span class='ocrx_word' id='word_1_213' title='bbox 1044 3958 1245 4024; x_wconf 88' lang='lat' dir='ltr'>Serenitate</span> <span class='ocrx_word' id='word_1_214' title='bbox 1269 3971 1330 4023; x_wconf 90' lang='lat' dir='ltr'>tua</span> <span class='ocrx_word' id='word_1_215' title='bbox 1354 3962 1476 4025; x_wconf 90' lang='lat' dir='ltr'>omnia</span> 
     </span>
     <span class='ocr_line' id='line_1_31' title="bbox 192 4068 1500 4151; baseline 0.002 -19"><span class='ocrx_word' id='word_1_216' title='bbox 192 4071 483 4143; x_wconf 88' lang='lat' dir='ltr'>communicaret;</span> <span class='ocrx_word' id='word_1_217' title='bbox 502 4071 775 4151; x_wconf 87' lang='lat' dir='ltr'>exemplumque</span> <span class='ocrx_word' id='word_1_218' title='bbox 800 4070 995 4132; x_wconf 87' lang='lat' dir='ltr'>litterarum</span> <span class='ocrx_word' id='word_1_219' title='bbox 1019 4068 1149 4149; x_wconf 78' lang='lat' dir='ltr'>prelati</span> <span class='ocrx_word' id='word_1_220' title='bbox 1175 4068 1390 4131; x_wconf 85' lang='lat' dir='ltr'>Archiducis</span> <span class='ocrx_word' id='word_1_221' title='bbox 1415 4070 1500 4135; x_wconf 83' lang='grc'><strong>1111,</strong></span> 
     </span>
     <span class='ocr_line' id='line_1_32' title="bbox 192 4175 1474 4260; baseline -0.001 -21"><span class='ocrx_word' id='word_1_222' title='bbox 192 4178 299 4241; x_wconf 92' lang='lat' dir='ltr'>simus</span> <span class='ocrx_word' id='word_1_223' title='bbox 323 4199 363 4240; x_wconf 93' lang='lat' dir='ltr'>ac</span> <span class='ocrx_word' id='word_1_224' title='bbox 389 4180 495 4260; x_wconf 90' lang='lat' dir='ltr'>plane</span> <span class='ocrx_word' id='word_1_225' title='bbox 519 4199 599 4241; x_wconf 89' lang='lat' dir='ltr'>eum</span> <span class='ocrx_word' id='word_1_226' title='bbox 623 4177 852 4241; x_wconf 83' lang='lat' dir='ltr'>instruximus</span> <span class='ocrx_word' id='word_1_227' title='bbox 872 4176 1084 4257; x_wconf 85' lang='lat' dir='ltr'>perscripta</span> <span class='ocrx_word' id='word_1_228' title='bbox 1101 4184 1223 4237; x_wconf 88' lang='lat' dir='ltr'>nostra</span> <span class='ocrx_word' id='word_1_229' title='bbox 1247 4175 1292 4237; x_wconf 91' lang='lat' dir='ltr'>de</span> <span class='ocrx_word' id='word_1_230' title='bbox 1316 4177 1474 4256; x_wconf 92' lang='lat' dir='ltr'>eoquod</span> 
     </span>
     <span class='ocr_line' id='line_1_33' title="bbox 193 4281 1474 4367; baseline -0.001 -21"><span class='ocrx_word' id='word_1_231' title='bbox 193 4288 371 4367; x_wconf 89' lang='lat' dir='ltr'>agendum</span> <span class='ocrx_word' id='word_1_232' title='bbox 401 4294 436 4349; x_wconf 88' lang='lat' dir='ltr'>et</span> <span class='ocrx_word' id='word_1_233' title='bbox 467 4286 721 4349; x_wconf 86' lang='lat' dir='ltr'>conferendum</span> <span class='ocrx_word' id='word_1_234' title='bbox 760 4305 837 4347; x_wconf 91' lang='lat' dir='ltr'>cum</span> <span class='ocrx_word' id='word_1_235' title='bbox 870 4283 1071 4346; x_wconf 80' lang='lat' dir='ltr'>Serenitate</span> <span class='ocrx_word' id='word_1_236' title='bbox 1116 4293 1177 4343; x_wconf 91' lang='lat' dir='ltr'>tua</span> <span class='ocrx_word' id='word_1_237' title='bbox 1210 4291 1313 4344; x_wconf 89' lang='lat' dir='ltr'>esset.</span> <span class='ocrx_word' id='word_1_238' title='bbox 1371 4281 1474 4345; x_wconf 88' lang='lat' dir='ltr'>Nunc</span> 
     </span>
     <span class='ocr_line' id='line_1_34' title="bbox 192 4387 1472 4473; baseline -0.002 -19"><span class='ocrx_word' id='word_1_239' title='bbox 192 4413 297 4473; x_wconf 89' lang='lat' dir='ltr'>quum</span> <span class='ocrx_word' id='word_1_240' title='bbox 321 4393 389 4455; x_wconf 90' lang='lat' dir='ltr'>iam</span> <span class='ocrx_word' id='word_1_241' title='bbox 415 4392 582 4456; x_wconf 90' lang='lat' dir='ltr'>remediis</span> <span class='ocrx_word' id='word_1_242' title='bbox 606 4391 802 4455; x_wconf 90' lang='lat' dir='ltr'>acrioribus</span> <span class='ocrx_word' id='word_1_243' title='bbox 826 4392 914 4454; x_wconf 87' lang='lat' dir='ltr'>haec</span> <span class='ocrx_word' id='word_1_244' title='bbox 939 4400 1039 4452; x_wconf 85' lang='grc'><strong>111111</strong></span> <span class='ocrx_word' id='word_1_245' title='bbox 1062 4391 1154 4451; x_wconf 84' lang='lat' dir='ltr'>mala</span> <span class='ocrx_word' id='word_1_246' title='bbox 1178 4387 1380 4470; x_wconf 88' lang='lat' dir='ltr'>indigeant,</span> <span class='ocrx_word' id='word_1_247' title='bbox 1406 4401 1472 4452; x_wconf 91' lang='lat' dir='ltr'>est·</span> 
     </span>
     <span class='ocr_line' id='line_1_35' title="bbox 193 4494 1473 4580; baseline -0.002 -19"><span class='ocrx_word' id='word_1_248' title='bbox 193 4519 262 4580; x_wconf 89' lang='lat' dir='ltr'>que</span> <span class='ocrx_word' id='word_1_249' title='bbox 300 4499 383 4563; x_wconf 91' lang='lat' dir='ltr'>fidei</span> <span class='ocrx_word' id='word_1_250' title='bbox 422 4500 635 4562; x_wconf 88' lang='lat' dir='ltr'>christianae</span> <span class='ocrx_word' id='word_1_251' title='bbox 675 4509 710 4561; x_wconf 90' lang='lat' dir='ltr'>et</span> <span class='ocrx_word' id='word_1_252' title='bbox 745 4498 933 4560; x_wconf 89' lang='lat' dir='ltr'>universae</span> <span class='ocrx_word' id='word_1_253' title='bbox 965 4494 1177 4559; x_wconf 86' lang='lat' dir='ltr'>Germaniae</span> <span class='ocrx_word' id='word_1_254' title='bbox 1214 4495 1395 4558; x_wconf 89' lang='lat' dir='ltr'>sedandae</span> <span class='ocrx_word' id='word_1_255' title='bbox 1432 4517 1473 4559; x_wconf 90' lang='lat' dir='ltr'>ac</span> 
     </span>
     <span class='ocr_line' id='line_1_36' title="bbox 193 4602 1472 4687; baseline -0.003 -18"><span class='ocrx_word' id='word_1_256' title='bbox 193 4608 462 4687; x_wconf 89' lang='lat' dir='ltr'>componendae</span> <span class='ocrx_word' id='word_1_257' title='bbox 497 4606 610 4669; x_wconf 90' lang='lat' dir='ltr'>omnis</span> <span class='ocrx_word' id='word_1_258' title='bbox 634 4606 668 4668; x_wconf 91' lang='lat' dir='ltr'>in</span> <span class='ocrx_word' id='word_1_259' title='bbox 695 4618 776 4667; x_wconf 92' lang='lat' dir='ltr'>tuae</span> <span class='ocrx_word' id='word_1_260' title='bbox 801 4602 1011 4667; x_wconf 88' lang='lat' dir='ltr'>Serenitatis</span> <span class='ocrx_word' id='word_1_261' title='bbox 1036 4603 1165 4666; x_wconf 85' lang='lat' dir='ltr'>virtute</span> <span class='ocrx_word' id='word_1_262' title='bbox 1190 4612 1297 4683; x_wconf 89' lang='lat' dir='ltr'>atque</span> <span class='ocrx_word' id='word_1_263' title='bbox 1322 4604 1472 4684; x_wconf 90' lang='lat' dir='ltr'>pruden-</span> 
     </span>
     <span class='ocr_line' id='line_1_37' title="bbox 192 4707 1471 4796; baseline -0.002 -20"><span class='ocrx_word' id='word_1_264' title='bbox 192 4715 242 4777; x_wconf 89' lang='lat' dir='ltr'>tia</span> <span class='ocrx_word' id='word_1_265' title='bbox 265 4735 347 4795; x_wconf 90' lang='lat' dir='ltr'>spes</span> <span class='ocrx_word' id='word_1_266' title='bbox 372 4713 545 4796; x_wconf 91' lang='lat' dir='ltr'>reposita,</span> <span class='ocrx_word' id='word_1_267' title='bbox 577 4715 758 4775; x_wconf 91' lang='lat' dir='ltr'>hortamur</span> <span class='ocrx_word' id='word_1_268' title='bbox 790 4712 939 4774; x_wconf 89' lang='lat' dir='ltr'>eandem</span> <span class='ocrx_word' id='word_1_269' title='bbox 972 4720 1067 4773; x_wconf 91' lang='lat' dir='ltr'>tuam</span> <span class='ocrx_word' id='word_1_270' title='bbox 1091 4707 1329 4773; x_wconf 88' lang='lat' dir='ltr'>Serenitatem</span> <span class='ocrx_word' id='word_1_271' title='bbox 1353 4710 1388 4773; x_wconf 92' lang='lat' dir='ltr'>in</span> <span class='ocrx_word' id='word_1_272' title='bbox 1414 4712 1471 4774; x_wconf 92' lang='lat' dir='ltr'>do·</span> 
     </span>
     <span class='ocr_line' id='line_1_38' title="bbox 193 4817 1473 4901; baseline -0.003 -17"><span class='ocrx_word' id='word_1_273' title='bbox 193 4822 286 4885; x_wconf 92' lang='lat' dir='ltr'>mino</span> <span class='ocrx_word' id='word_1_274' title='bbox 323 4833 361 4884; x_wconf 90' lang='lat' dir='ltr'>ut</span> <span class='ocrx_word' id='word_1_275' title='bbox 394 4823 459 4883; x_wconf 93' lang='lat' dir='ltr'>hoc</span> <span class='ocrx_word' id='word_1_276' title='bbox 500 4832 662 4901; x_wconf 89' lang='lat' dir='ltr'>tempore</span> <span class='ocrx_word' id='word_1_277' title='bbox 694 4821 834 4881; x_wconf 90' lang='lat' dir='ltr'>demum</span> <span class='ocrx_word' id='word_1_278' title='bbox 867 4819 1010 4900; x_wconf 86' lang='lat' dir='ltr'>quando</span> <span class='ocrx_word' id='word_1_279' title='bbox 1041 4819 1157 4879; x_wconf 88' lang='lat' dir='ltr'>adhuc</span> <span class='ocrx_word' id='word_1_280' title='bbox 1190 4829 1249 4878; x_wconf 92' lang='lat' dir='ltr'>tua</span> <span class='ocrx_word' id='word_1_281' title='bbox 1277 4817 1406 4880; x_wconf 88' lang='lat' dir='ltr'>lenitas</span> <span class='ocrx_word' id='word_1_282' title='bbox 1438 4827 1473 4880; x_wconf 88' lang='lat' dir='ltr'>et</span> 
     </span>
    </p>
   </div>
   <div class='ocr_carea' id='block_1_7' title="bbox 0 0 1670 5580">
    <p class='ocr_par' dir='ltr' id='par_1_7' title="bbox 0 0 1670 5580">
     <span class='ocr_line' id='line_1_39' title="bbox 0 0 1670 5580; baseline 0 0"><span class='ocrx_word' id='word_1_283' title='bbox 0 0 1670 5580; x_wconf 95' lang='lat' dir='ltr'> </span> 
     </span>
    </p>
   </div>
  </div>
 </body>
</html>
