<?xml version="1.0" encoding="UTF-8"?>
<!DOCTYPE html PUBLIC "-//W3C//DTD XHTML 1.0 Transitional//EN"
    "http://www.w3.org/TR/xhtml1/DTD/xhtml1-transitional.dtd">
<html xmlns="http://www.w3.org/1999/xhtml" xml:lang="en" lang="en">
 <head>
  <title>
</title>
<meta http-equiv="Content-Type" content="text/html;charset=utf-8" />
  <meta name='ocr-system' content='tesseract 3.04.00' />
  <meta name='ocr-capabilities' content='ocr_page ocr_carea ocr_par ocr_line ocrx_word'/>
</head>
<body>
  <div class='ocr_page' id='page_1' title='image "./monumentareform00vatigoog_0042.png"; bbox 0 0 3330 5580; ppageno 0'>
   <div class='ocr_carea' id='block_1_1' title="bbox 718 477 945 531">
    <p class='ocr_par' dir='ltr' id='par_1_1' title="bbox 718 477 945 531">
     <span class='ocr_line' id='line_1_1' title="bbox 718 477 945 531; baseline 0.004 -1"><span class='ocrx_word' id='word_1_1' title='bbox 718 478 775 529; x_wconf 60' lang='lat'>0⁴:33</span> <span class='ocrx_word' id='word_1_2' title='bbox 816 479 848 531; x_wconf 92' lang='lat' dir='ltr'>ll</span> <span class='ocrx_word' id='word_1_3' title='bbox 889 477 945 530; x_wconf 48' lang='grc' dir='ltr'>ΕΗ</span> 
     </span>
    </p>
   </div>
   <div class='ocr_carea' id='block_1_2' title="bbox 188 620 1475 3577">
    <p class='ocr_par' dir='ltr' id='par_1_2' title="bbox 188 620 1475 1882">
     <span class='ocr_line' id='line_1_2' title="bbox 189 620 1475 704; baseline -0.006 -18"><span class='ocrx_word' id='word_1_4' title='bbox 189 625 312 687; x_wconf 86' lang='lat' dir='ltr'>diente</span> <span class='ocrx_word' id='word_1_5' title='bbox 343 626 416 685; x_wconf 87' lang='lat' dir='ltr'>alla</span> <span class='ocrx_word' id='word_1_6' title='bbox 449 623 618 704; x_wconf 79' lang='lat' dir='ltr'>impresa3</span> <span class='ocrx_word' id='word_1_7' title='bbox 652 622 685 683; x_wconf 91' lang='lat' dir='ltr'>in</span> <span class='ocrx_word' id='word_1_8' title='bbox 719 643 852 686; x_wconf 89' lang='lat' dir='ltr'>somma</span> <span class='ocrx_word' id='word_1_9' title='bbox 884 622 927 684; x_wconf 77' lang='lat' dir='ltr'>ne</span> <span class='ocrx_word' id='word_1_10' title='bbox 951 624 984 683; x_wconf 92' lang='lat' dir='ltr'>al</span> <span class='ocrx_word' id='word_1_11' title='bbox 1010 622 1196 683; x_wconf 88' lang='lat' dir='ltr'>commodo</span> <span class='ocrx_word' id='word_1_12' title='bbox 1221 620 1265 681; x_wconf 73' lang='lat' dir='ltr'>ne</span> <span class='ocrx_word' id='word_1_13' title='bbox 1290 620 1346 681; x_wconf 83' lang='lat' dir='ltr'>all’</span> <span class='ocrx_word' id='word_1_14' title='bbox 1362 621 1475 680; x_wconf 86' lang='lat' dir='ltr'>honor</span> 
     </span>
     <span class='ocr_line' id='line_1_3' title="bbox 189 723 1474 812; baseline -0.005 -20"><span class='ocrx_word' id='word_1_15' title='bbox 189 742 313 794; x_wconf 86' lang='lat' dir='ltr'>vostro</span> <span class='ocrx_word' id='word_1_16' title='bbox 338 729 470 792; x_wconf 80' lang='lat' dir='ltr'>Nostro</span> <span class='ocrx_word' id='word_1_17' title='bbox 495 729 650 810; x_wconf 83' lang='lat' dir='ltr'>Signore</span> <span class='ocrx_word' id='word_1_18' title='bbox 683 729 703 792; x_wconf 74' lang='lat' dir='ltr'>e</span> <span class='ocrx_word' id='word_1_19' title='bbox 734 750 799 812; x_wconf 92' lang='lat' dir='ltr'>per</span> <span class='ocrx_word' id='word_1_20' title='bbox 829 729 1064 811; x_wconf 89' lang='lat' dir='ltr'>restringersi.</span> <span class='ocrx_word' id='word_1_21' title='bbox 1112 728 1191 789; x_wconf 81' lang='lat' dir='ltr'>Non</span> <span class='ocrx_word' id='word_1_22' title='bbox 1225 727 1248 787; x_wconf 90' lang='lat' dir='ltr'>li</span> <span class='ocrx_word' id='word_1_23' title='bbox 1273 727 1292 787; x_wconf 74' lang='lat' dir='ltr'>e</span> <span class='ocrx_word' id='word_1_24' title='bbox 1318 725 1378 808; x_wconf 87' lang='lat' dir='ltr'>gia</span> <span class='ocrx_word' id='word_1_25' title='bbox 1402 723 1474 787; x_wconf 82' lang='lat' dir='ltr'>cosi</span> 
     </span>
     <span class='ocr_line' id='line_1_4' title="bbox 188 833 1474 919; baseline -0.004 -21"><span class='ocrx_word' id='word_1_26' title='bbox 188 838 347 919; x_wconf 86' lang='lat' dir='ltr'>piaciuto</span> <span class='ocrx_word' id='word_1_27' title='bbox 380 837 566 900; x_wconf 84' lang='lat' dir='ltr'>intendere</span> <span class='ocrx_word' id='word_1_28' title='bbox 600 837 665 900; x_wconf 91' lang='lat' dir='ltr'>che</span> <span class='ocrx_word' id='word_1_29' title='bbox 700 837 757 899; x_wconf 93' lang='lat' dir='ltr'>voi</span> <span class='ocrx_word' id='word_1_30' title='bbox 790 836 825 899; x_wconf 93' lang='lat' dir='ltr'>in</span> <span class='ocrx_word' id='word_1_31' title='bbox 851 837 965 899; x_wconf 88' lang='lat' dir='ltr'>faccia</span> <span class='ocrx_word' id='word_1_32' title='bbox 989 837 1047 898; x_wconf 92' lang='lat' dir='ltr'>del</span> <span class='ocrx_word' id='word_1_33' title='bbox 1073 835 1324 896; x_wconf 88' lang='lat' dir='ltr'>Protonotario</span> <span class='ocrx_word' id='word_1_34' title='bbox 1350 833 1474 894; x_wconf 75' lang='lat' dir='ltr'>Carac-</span> 
     </span>
     <span class='ocr_line' id='line_1_5' title="bbox 189 940 1474 1025; baseline -0.005 -19"><span class='ocrx_word' id='word_1_35' title='bbox 189 945 281 1007; x_wconf 88' lang='lat' dir='ltr'>ciolo</span> <span class='ocrx_word' id='word_1_36' title='bbox 315 944 491 1025; x_wconf 89' lang='lat' dir='ltr'>principal</span> <span class='ocrx_word' id='word_1_37' title='bbox 516 943 650 1006; x_wconf 83' lang='lat' dir='ltr'>Nuntio</span> <span class='ocrx_word' id='word_1_38' title='bbox 681 943 793 1006; x_wconf 87' lang='lat' dir='ltr'>usiate</span> <span class='ocrx_word' id='word_1_39' title='bbox 822 946 855 1006; x_wconf 89' lang='lat' dir='ltr'>le</span> <span class='ocrx_word' id='word_1_40' title='bbox 879 943 1026 1019; x_wconf 60' lang='lat' dir='ltr'>facultas,</span> <span class='ocrx_word' id='word_1_41' title='bbox 1059 945 1125 1005; x_wconf 93' lang='lat' dir='ltr'>che</span> <span class='ocrx_word' id='word_1_42' title='bbox 1151 942 1224 1004; x_wconf 82' lang='lat' dir='ltr'>Sua</span> <span class='ocrx_word' id='word_1_43' title='bbox 1248 940 1474 1003; x_wconf 79' lang='lat' dir='ltr'>Beatitudine</span> 
     </span>
     <span class='ocr_line' id='line_1_6' title="bbox 189 1047 1474 1132; baseline -0.004 -21"><span class='ocrx_word' id='word_1_44' title='bbox 189 1050 223 1111; x_wconf 92' lang='lat' dir='ltr'>vi</span> <span class='ocrx_word' id='word_1_45' title='bbox 258 1051 306 1112; x_wconf 91' lang='lat' dir='ltr'>ha</span> <span class='ocrx_word' id='word_1_46' title='bbox 339 1069 528 1127; x_wconf 85' lang='lat' dir='ltr'>concesse,</span> <span class='ocrx_word' id='word_1_47' title='bbox 563 1071 632 1112; x_wconf 88' lang='lat' dir='ltr'>non</span> <span class='ocrx_word' id='word_1_48' title='bbox 658 1053 809 1113; x_wconf 87' lang='lat' dir='ltr'>essendo</span> <span class='ocrx_word' id='word_1_49' title='bbox 835 1061 927 1112; x_wconf 91' lang='lat' dir='ltr'>stato</span> <span class='ocrx_word' id='word_1_50' title='bbox 953 1060 1078 1132; x_wconf 89' lang='lat' dir='ltr'>questo</span> <span class='ocrx_word' id='word_1_51' title='bbox 1103 1048 1259 1112; x_wconf 82' lang='lat' dir='ltr'>l’animo</span> <span class='ocrx_word' id='word_1_52' title='bbox 1284 1049 1319 1109; x_wconf 89' lang='lat' dir='ltr'>di</span> <span class='ocrx_word' id='word_1_53' title='bbox 1346 1047 1474 1108; x_wconf 77' lang='lat' dir='ltr'>Nostro</span> 
     </span>
     <span class='ocr_line' id='line_1_7' title="bbox 191 1155 1474 1239; baseline -0.005 -20"><span class='ocrx_word' id='word_1_54' title='bbox 191 1157 365 1239; x_wconf 79' lang='lat' dir='ltr'>Signore;</span> <span class='ocrx_word' id='word_1_55' title='bbox 390 1156 478 1238; x_wconf 80' lang='lat' dir='ltr'>perh</span> <span class='ocrx_word' id='word_1_56' title='bbox 496 1157 529 1218; x_wconf 90' lang='lat' dir='ltr'>vi</span> <span class='ocrx_word' id='word_1_57' title='bbox 554 1158 688 1220; x_wconf 87' lang='lat' dir='ltr'>diremo</span> <span class='ocrx_word' id='word_1_58' title='bbox 712 1159 758 1219; x_wconf 91' lang='lat' dir='ltr'>da</span> <span class='ocrx_word' id='word_1_59' title='bbox 782 1178 845 1219; x_wconf 88' lang='lat' dir='ltr'>sua</span> <span class='ocrx_word' id='word_1_60' title='bbox 869 1168 970 1239; x_wconf 86' lang='lat' dir='ltr'>parte</span> <span class='ocrx_word' id='word_1_61' title='bbox 996 1158 1031 1219; x_wconf 92' lang='lat' dir='ltr'>vi</span> <span class='ocrx_word' id='word_1_62' title='bbox 1055 1156 1280 1237; x_wconf 86' lang='lat' dir='ltr'>abstegniate</span> <span class='ocrx_word' id='word_1_63' title='bbox 1306 1156 1341 1216; x_wconf 89' lang='lat' dir='ltr'>di</span> <span class='ocrx_word' id='word_1_64' title='bbox 1359 1155 1474 1216; x_wconf 75' lang='lat' dir='ltr'>usarle</span> 
     </span>
     <span class='ocr_line' id='line_1_8' title="bbox 191 1263 1474 1346; baseline -0.005 -20"><span class='ocrx_word' id='word_1_65' title='bbox 191 1285 255 1345; x_wconf 86' lang='lat' dir='ltr'>per</span> <span class='ocrx_word' id='word_1_66' title='bbox 285 1264 308 1325; x_wconf 94' lang='lat' dir='ltr'>l&#39;</span> <span class='ocrx_word' id='word_1_67' title='bbox 328 1263 474 1326; x_wconf 77' lang='lat' dir='ltr'>evenire</span> <span class='ocrx_word' id='word_1_68' title='bbox 506 1264 541 1326; x_wconf 91' lang='lat' dir='ltr'>in</span> <span class='ocrx_word' id='word_1_69' title='bbox 566 1265 748 1346; x_wconf 84' lang='lat' dir='ltr'>presentia</span> <span class='ocrx_word' id='word_1_70' title='bbox 772 1265 806 1326; x_wconf 88' lang='lat' dir='ltr'>di</span> <span class='ocrx_word' id='word_1_71' title='bbox 833 1266 930 1326; x_wconf 85' lang='lat' dir='ltr'>detto</span> <span class='ocrx_word' id='word_1_72' title='bbox 957 1263 1089 1326; x_wconf 92' lang='lat' dir='ltr'>Nuntio</span> <span class='ocrx_word' id='word_1_73' title='bbox 1124 1275 1159 1326; x_wconf 91' lang='lat' dir='ltr'>et</span> <span class='ocrx_word' id='word_1_74' title='bbox 1192 1282 1365 1344; x_wconf 86' lang='lat' dir='ltr'>appresso</span> <span class='ocrx_word' id='word_1_75' title='bbox 1400 1271 1474 1321; x_wconf 89' lang='lat' dir='ltr'>otto</span> 
     </span>
     <span class='ocr_line' id='line_1_9' title="bbox 189 1368 1474 1453; baseline -0.005 -20"><span class='ocrx_word' id='word_1_76' title='bbox 189 1372 367 1452; x_wconf 84' lang='lat' dir='ltr'>giornate,</span> <span class='ocrx_word' id='word_1_77' title='bbox 393 1391 431 1433; x_wconf 92' lang='lat' dir='ltr'>se</span> <span class='ocrx_word' id='word_1_78' title='bbox 446 1371 504 1433; x_wconf 90' lang='lat' dir='ltr'>voi</span> <span class='ocrx_word' id='word_1_79' title='bbox 529 1373 657 1433; x_wconf 87' lang='lat' dir='ltr'>havete</span> <span class='ocrx_word' id='word_1_80' title='bbox 683 1391 766 1433; x_wconf 88' lang='lat' dir='ltr'>cara</span> <span class='ocrx_word' id='word_1_81' title='bbox 790 1372 824 1433; x_wconf 88' lang='lat' dir='ltr'>la</span> <span class='ocrx_word' id='word_1_82' title='bbox 848 1370 964 1453; x_wconf 80' lang='lat' dir='ltr'>gratia</span> <span class='ocrx_word' id='word_1_83' title='bbox 989 1369 1023 1433; x_wconf 91' lang='lat' dir='ltr'>di</span> <span class='ocrx_word' id='word_1_84' title='bbox 1042 1371 1115 1432; x_wconf 80' lang='lat' dir='ltr'>Sua</span> <span class='ocrx_word' id='word_1_85' title='bbox 1131 1368 1281 1448; x_wconf 75' lang='lat' dir='ltr'>Santitt,</span> <span class='ocrx_word' id='word_1_86' title='bbox 1306 1380 1341 1431; x_wconf 90' lang='lat' dir='ltr'>et</span> <span class='ocrx_word' id='word_1_87' title='bbox 1362 1368 1474 1429; x_wconf 81' lang='lat' dir='ltr'>anche</span> 
     </span>
     <span class='ocr_line' id='line_1_10' title="bbox 188 1473 1474 1560; baseline -0.005 -20"><span class='ocrx_word' id='word_1_88' title='bbox 188 1481 222 1539; x_wconf 95' lang='lat' dir='ltr'>la</span> <span class='ocrx_word' id='word_1_89' title='bbox 257 1478 503 1540; x_wconf 88' lang='lat' dir='ltr'>benivolentia</span> <span class='ocrx_word' id='word_1_90' title='bbox 527 1489 661 1553; x_wconf 84' lang='lat' dir='ltr'>nostra,</span> <span class='ocrx_word' id='word_1_91' title='bbox 696 1478 827 1560; x_wconf 78' lang='lat' dir='ltr'>perche</span> <span class='ocrx_word' id='word_1_92' title='bbox 860 1477 896 1540; x_wconf 94' lang='lat' dir='ltr'>in</span> <span class='ocrx_word' id='word_1_93' title='bbox 928 1498 1014 1540; x_wconf 91' lang='lat' dir='ltr'>vero</span> <span class='ocrx_word' id='word_1_94' title='bbox 1047 1479 1190 1560; x_wconf 88' lang='lat' dir='ltr'>quando</span> <span class='ocrx_word' id='word_1_95' title='bbox 1223 1478 1313 1539; x_wconf 89' lang='lat' dir='ltr'>altro</span> <span class='ocrx_word' id='word_1_96' title='bbox 1339 1473 1474 1535; x_wconf 85' lang='lat' dir='ltr'>faceste</span> 
     </span>
     <span class='ocr_line' id='line_1_11' title="bbox 189 1578 1474 1668; baseline -0.006 -20"><span class='ocrx_word' id='word_1_97' title='bbox 189 1607 260 1649; x_wconf 91' lang='lat' dir='ltr'>non</span> <span class='ocrx_word' id='word_1_98' title='bbox 291 1584 327 1646; x_wconf 92' lang='lat' dir='ltr'>vi</span> <span class='ocrx_word' id='word_1_99' title='bbox 355 1585 384 1648; x_wconf 92' lang='lat' dir='ltr'>si</span> <span class='ocrx_word' id='word_1_100' title='bbox 415 1588 731 1668; x_wconf 87' lang='lat' dir='ltr'>comporterebbe‚</span> <span class='ocrx_word' id='word_1_101' title='bbox 764 1606 820 1648; x_wconf 88' lang='lat' dir='ltr'>ma</span> <span class='ocrx_word' id='word_1_102' title='bbox 853 1604 949 1647; x_wconf 90' lang='lat' dir='ltr'>semo</span> <span class='ocrx_word' id='word_1_103' title='bbox 978 1585 1066 1647; x_wconf 90' lang='lat' dir='ltr'>certi</span> <span class='ocrx_word' id='word_1_104' title='bbox 1097 1586 1163 1647; x_wconf 89' lang='lat' dir='ltr'>che</span> <span class='ocrx_word' id='word_1_105' title='bbox 1192 1603 1261 1645; x_wconf 93' lang='lat' dir='ltr'>non</span> <span class='ocrx_word' id='word_1_106' title='bbox 1289 1578 1474 1643; x_wconf 88' lang='lat' dir='ltr'>usciretei</span> 
     </span>
     <span class='ocr_line' id='line_1_12' title="bbox 188 1687 1474 1769; baseline -0.008 -13"><span class='ocrx_word' id='word_1_107' title='bbox 188 1693 331 1756; x_wconf 83' lang='lat' dir='ltr'>termini</span> <span class='ocrx_word' id='word_1_108' title='bbox 356 1693 451 1755; x_wconf 90' lang='lat' dir='ltr'>della</span> <span class='ocrx_word' id='word_1_109' title='bbox 475 1692 579 1755; x_wconf 88' lang='lat' dir='ltr'>solita</span> <span class='ocrx_word' id='word_1_110' title='bbox 603 1691 777 1754; x_wconf 85' lang='lat' dir='ltr'>modestia</span> <span class='ocrx_word' id='word_1_111' title='bbox 801 1702 922 1754; x_wconf 86' lang='lat' dir='ltr'>vostra</span> <span class='ocrx_word' id='word_1_112' title='bbox 946 1701 982 1754; x_wconf 91' lang='lat' dir='ltr'>et</span> <span class='ocrx_word' id='word_1_113' title='bbox 1006 1690 1078 1754; x_wconf 93' lang='lat' dir='ltr'>cosi</span> <span class='ocrx_word' id='word_1_114' title='bbox 1103 1690 1136 1755; x_wconf 93' lang='lat' dir='ltr'>ci</span> <span class='ocrx_word' id='word_1_115' title='bbox 1159 1699 1276 1753; x_wconf 86' lang='lat' dir='ltr'>saretc</span> <span class='ocrx_word' id='word_1_116' title='bbox 1301 1687 1385 1769; x_wconf 83' lang='lat' dir='ltr'>ogni</span> <span class='ocrx_word' id='word_1_117' title='bbox 1409 1689 1474 1747; x_wconf 86' lang='lat' dir='ltr'>hor</span> 
     </span>
     <span class='ocr_line' id='line_1_13' title="bbox 190 1799 911 1882; baseline 0.003 -22"><span class='ocrx_word' id='word_1_118' title='bbox 190 1799 250 1882; x_wconf 80' lang='lat' dir='ltr'>piu</span> <span class='ocrx_word' id='word_1_119' title='bbox 275 1809 428 1880; x_wconf 85' lang='lat' dir='ltr'>accett0,</span> <span class='ocrx_word' id='word_1_120' title='bbox 454 1820 554 1863; x_wconf 90' lang='lat' dir='ltr'>come</span> <span class='ocrx_word' id='word_1_121' title='bbox 579 1800 638 1862; x_wconf 90' lang='lat' dir='ltr'>noi</span> <span class='ocrx_word' id='word_1_122' title='bbox 663 1800 911 1862; x_wconf 85' lang='lat' dir='ltr'>desideriamo.</span> 
     </span>
    </p>

    <p class='ocr_par' dir='ltr' id='par_1_3' title="bbox 189 1904 1475 3490">
     <span class='ocr_line' id='line_1_14' title="bbox 281 1904 1471 1988; baseline -0.005 -20"><span class='ocrx_word' id='word_1_123' title='bbox 281 1907 333 1969; x_wconf 87' lang='lat' dir='ltr'>La</span> <span class='ocrx_word' id='word_1_124' title='bbox 357 1907 461 1968; x_wconf 86' lang='lat' dir='ltr'>Bolia</span> <span class='ocrx_word' id='word_1_125' title='bbox 494 1926 601 1987; x_wconf 83' lang='lat' dir='ltr'>sopra</span> <span class='ocrx_word' id='word_1_126' title='bbox 632 1907 655 1968; x_wconf 95' lang='lat' dir='ltr'>il</span> <span class='ocrx_word' id='word_1_127' title='bbox 693 1907 839 1988; x_wconf 86' lang='lat' dir='ltr'>negotio</span> <span class='ocrx_word' id='word_1_128' title='bbox 864 1907 1033 1970; x_wconf 87' lang='lat' dir='ltr'>Hallense</span> <span class='ocrx_word' id='word_1_129' title='bbox 1066 1907 1217 1969; x_wconf 86' lang='lat' dir='ltr'>essendo</span> <span class='ocrx_word' id='word_1_130' title='bbox 1242 1904 1266 1966; x_wconf 93' lang='lat' dir='ltr'>il</span> <span class='ocrx_word' id='word_1_131' title='bbox 1291 1904 1471 1965; x_wconf 81' lang='lat' dir='ltr'>Reveren-</span> 
     </span>
     <span class='ocr_line' id='line_1_15' title="bbox 189 2006 1475 2095; baseline -0.003 -22"><span class='ocrx_word' id='word_1_132' title='bbox 189 2012 337 2075; x_wconf 85' lang='lat' dir='ltr'>dissimo</span> <span class='ocrx_word' id='word_1_133' title='bbox 361 2012 573 2095; x_wconf 84' lang='lat' dir='ltr'>Monsignor</span> <span class='ocrx_word' id='word_1_134' title='bbox 599 2013 807 2094; x_wconf 82' lang='lat' dir='ltr'>llagontino</span> <span class='ocrx_word' id='word_1_135' title='bbox 833 2023 933 2076; x_wconf 88' lang='lat' dir='ltr'>tanto</span> <span class='ocrx_word' id='word_1_136' title='bbox 959 2015 1089 2076; x_wconf 88' lang='lat' dir='ltr'>devoto</span> <span class='ocrx_word' id='word_1_137' title='bbox 1115 2012 1150 2074; x_wconf 94' lang='lat' dir='ltr'>di</span> <span class='ocrx_word' id='word_1_138' title='bbox 1175 2012 1305 2074; x_wconf 85' lang='lat' dir='ltr'>Nostro</span> <span class='ocrx_word' id='word_1_139' title='bbox 1322 2006 1475 2089; x_wconf 78' lang='lat' dir='ltr'>Signore</span> 
     </span>
     <span class='ocr_line' id='line_1_16' title="bbox 190 2114 1474 2201; baseline -0.004 -20"><span class='ocrx_word' id='word_1_140' title='bbox 190 2129 225 2181; x_wconf 88' lang='lat' dir='ltr'>et</span> <span class='ocrx_word' id='word_1_141' title='bbox 251 2119 346 2181; x_wconf 83' lang='lat' dir='ltr'>della</span> <span class='ocrx_word' id='word_1_142' title='bbox 372 2118 467 2182; x_wconf 81' lang='lat' dir='ltr'>Sede</span> <span class='ocrx_word' id='word_1_143' title='bbox 493 2120 713 2201; x_wconf 88' lang='lat' dir='ltr'>Apostolica,</span> <span class='ocrx_word' id='word_1_144' title='bbox 739 2142 839 2184; x_wconf 90' lang='lat' dir='ltr'>come</span> <span class='ocrx_word' id='word_1_145' title='bbox 866 2121 890 2183; x_wconf 93' lang='lat' dir='ltr'>il</span> <span class='ocrx_word' id='word_1_146' title='bbox 912 2121 1117 2183; x_wconf 82' lang='lat' dir='ltr'>Caracciolo</span> <span class='ocrx_word' id='word_1_147' title='bbox 1143 2130 1178 2181; x_wconf 89' lang='lat' dir='ltr'>et</span> <span class='ocrx_word' id='word_1_148' title='bbox 1202 2116 1259 2180; x_wconf 91' lang='lat' dir='ltr'>voi</span> <span class='ocrx_word' id='word_1_149' title='bbox 1283 2116 1357 2178; x_wconf 86' lang='lat' dir='ltr'>fate</span> <span class='ocrx_word' id='word_1_150' title='bbox 1381 2114 1474 2191; x_wconf 87' lang='lat' dir='ltr'>sede,</span> 
     </span>
     <span class='ocr_line' id='line_1_17' title="bbox 190 2221 1472 2310; baseline -0.005 -22"><span class='ocrx_word' id='word_1_151' title='bbox 190 2237 225 2288; x_wconf 86' lang='lat' dir='ltr'>et</span> <span class='ocrx_word' id='word_1_152' title='bbox 250 2225 310 2289; x_wconf 92' lang='lat' dir='ltr'>noi</span> <span class='ocrx_word' id='word_1_153' title='bbox 336 2246 400 2307; x_wconf 88' lang='lat' dir='ltr'>per</span> <span class='ocrx_word' id='word_1_154' title='bbox 425 2229 534 2310; x_wconf 84' lang='lat' dir='ltr'>longa</span> <span class='ocrx_word' id='word_1_155' title='bbox 559 2229 773 2310; x_wconf 86' lang='lat' dir='ltr'>esperientia</span> <span class='ocrx_word' id='word_1_156' title='bbox 798 2231 949 2292; x_wconf 80' lang='lat' dir='ltr'>havemo</span> <span class='ocrx_word' id='word_1_157' title='bbox 974 2228 1033 2307; x_wconf 67' lang='lat' dir='ltr'>gie</span> <span class='ocrx_word' id='word_1_158' title='bbox 1058 2226 1263 2290; x_wconf 86' lang='lat' dir='ltr'>conosciuto</span> <span class='ocrx_word' id='word_1_159' title='bbox 1292 2235 1328 2286; x_wconf 88' lang='lat' dir='ltr'>et</span> <span class='ocrx_word' id='word_1_160' title='bbox 1360 2221 1472 2303; x_wconf 89' lang='lat' dir='ltr'>predi-</span> 
     </span>
     <span class='ocr_line' id='line_1_18' title="bbox 190 2332 1474 2419; baseline -0.005 -24"><span class='ocrx_word' id='word_1_161' title='bbox 190 2335 308 2396; x_wconf 90' lang='lat' dir='ltr'>catolo</span> <span class='ocrx_word' id='word_1_162' title='bbox 341 2354 482 2415; x_wconf 85' lang='lat' dir='ltr'>sempre</span> <span class='ocrx_word' id='word_1_163' title='bbox 507 2356 528 2397; x_wconf 88' lang='lat' dir='ltr'>a</span> <span class='ocrx_word' id='word_1_164' title='bbox 553 2336 682 2399; x_wconf 76' lang='lat' dir='ltr'>Nostro</span> <span class='ocrx_word' id='word_1_165' title='bbox 712 2335 884 2419; x_wconf 82' lang='lat' dir='ltr'>Signore,</span> <span class='ocrx_word' id='word_1_166' title='bbox 919 2358 981 2398; x_wconf 83' lang='lat' dir='ltr'>sua</span> <span class='ocrx_word' id='word_1_167' title='bbox 1012 2333 1151 2397; x_wconf 84' lang='lat' dir='ltr'>Santita</span> <span class='ocrx_word' id='word_1_168' title='bbox 1183 2332 1202 2394; x_wconf 76' lang='grc' dir='ltr'>ὲ</span> <span class='ocrx_word' id='word_1_169' title='bbox 1235 2341 1404 2395; x_wconf 87' lang='lat' dir='ltr'>contenta</span> <span class='ocrx_word' id='word_1_170' title='bbox 1436 2349 1474 2390; x_wconf 78' lang='lat' dir='ltr'>se</span> 
     </span>
     <span class='ocr_line' id='line_1_19' title="bbox 190 2440 1475 2520; baseline -0.004 -20"><span class='ocrx_word' id='word_1_171' title='bbox 190 2440 239 2520; x_wconf 83' lang='lat' dir='ltr'>gli</span> <span class='ocrx_word' id='word_1_172' title='bbox 257 2440 328 2518; x_wconf 91' lang='lat' dir='ltr'>dia,</span> <span class='ocrx_word' id='word_1_173' title='bbox 353 2451 389 2502; x_wconf 91' lang='lat' dir='ltr'>et</span> <span class='ocrx_word' id='word_1_174' title='bbox 406 2440 477 2503; x_wconf 85' lang='lat' dir='ltr'>cosi</span> <span class='ocrx_word' id='word_1_175' title='bbox 503 2443 561 2503; x_wconf 90' lang='lat' dir='ltr'>voi</span> <span class='ocrx_word' id='word_1_176' title='bbox 586 2444 652 2505; x_wconf 88' lang='lat' dir='ltr'>che</span> <span class='ocrx_word' id='word_1_177' title='bbox 675 2444 836 2506; x_wconf 88' lang='lat' dir='ltr'>l&#39;havete</span> <span class='ocrx_word' id='word_1_178' title='bbox 861 2444 895 2505; x_wconf 91' lang='lat' dir='ltr'>in</span> <span class='ocrx_word' id='word_1_179' title='bbox 920 2464 1024 2506; x_wconf 89' lang='lat' dir='ltr'>mano</span> <span class='ocrx_word' id='word_1_180' title='bbox 1049 2445 1083 2503; x_wconf 88' lang='lat' dir='ltr'>la</span> <span class='ocrx_word' id='word_1_181' title='bbox 1108 2440 1357 2520; x_wconf 82' lang='lat' dir='ltr'>consignarete</span> <span class='ocrx_word' id='word_1_182' title='bbox 1375 2456 1475 2497; x_wconf 83' lang='lat' dir='ltr'>asna</span> 
     </span>
     <span class='ocr_line' id='line_1_20' title="bbox 191 2544 1473 2629; baseline -0.005 -20"><span class='ocrx_word' id='word_1_183' title='bbox 191 2547 509 2610; x_wconf 80' lang='lat' dir='ltr'>Reverendissima</span> <span class='ocrx_word' id='word_1_184' title='bbox 533 2547 718 2629; x_wconf 79' lang='lat' dir='ltr'>Signoria,</span> <span class='ocrx_word' id='word_1_185' title='bbox 752 2551 930 2613; x_wconf 88' lang='lat' dir='ltr'>dicendoli</span> <span class='ocrx_word' id='word_1_186' title='bbox 956 2550 1086 2612; x_wconf 77' lang='lat' dir='ltr'>Nostro</span> <span class='ocrx_word' id='word_1_187' title='bbox 1112 2547 1265 2628; x_wconf 86' lang='lat' dir='ltr'>Signore</span> <span class='ocrx_word' id='word_1_188' title='bbox 1294 2544 1473 2606; x_wconf 88' lang='lat' dir='ltr'>rimettere</span> 
     </span>
     <span class='ocr_line' id='line_1_21' title="bbox 191 2649 1474 2739; baseline -0.003 -25"><span class='ocrx_word' id='word_1_189' title='bbox 191 2653 213 2714; x_wconf 95' lang='lat' dir='ltr'>il</span> <span class='ocrx_word' id='word_1_190' title='bbox 244 2664 337 2715; x_wconf 90' lang='lat' dir='ltr'>tutto</span> <span class='ocrx_word' id='word_1_191' title='bbox 368 2655 438 2716; x_wconf 85' lang='lat' dir='ltr'>alla</span> <span class='ocrx_word' id='word_1_192' title='bbox 463 2677 526 2718; x_wconf 91' lang='lat' dir='ltr'>sua</span> <span class='ocrx_word' id='word_1_193' title='bbox 551 2657 769 2719; x_wconf 88' lang='lat' dir='ltr'>conscientia</span> <span class='ocrx_word' id='word_1_194' title='bbox 794 2659 888 2720; x_wconf 86' lang='lat' dir='ltr'>nella</span> <span class='ocrx_word' id='word_1_195' title='bbox 913 2660 1017 2739; x_wconf 88' lang='lat' dir='ltr'>quale</span> <span class='ocrx_word' id='word_1_196' title='bbox 1042 2656 1132 2718; x_wconf 82' lang='lat' dir='ltr'>assai</span> <span class='ocrx_word' id='word_1_197' title='bbox 1159 2653 1299 2718; x_wconf 77' lang='lat' dir='ltr'>confide</span> <span class='ocrx_word' id='word_1_198' title='bbox 1323 2662 1359 2713; x_wconf 92' lang='lat' dir='ltr'>et</span> <span class='ocrx_word' id='word_1_199' title='bbox 1382 2671 1404 2712; x_wconf 90' lang='lat' dir='ltr'>a</span> <span class='ocrx_word' id='word_1_200' title='bbox 1428 2649 1474 2711; x_wconf 89' lang='lat' dir='ltr'>lei</span> 
     </span>
     <span class='ocr_line' id='line_1_22' title="bbox 194 2755 1472 2843; baseline -0.004 -21"><span class='ocrx_word' id='word_1_201' title='bbox 194 2761 225 2822; x_wconf 90' lang='lat' dir='ltr'>di</span> <span class='ocrx_word' id='word_1_202' title='bbox 249 2763 348 2823; x_wconf 90' lang='lat' dir='ltr'>buon</span> <span class='ocrx_word' id='word_1_203' title='bbox 374 2782 483 2825; x_wconf 84' lang='lat' dir='ltr'>cuore</span> <span class='ocrx_word' id='word_1_204' title='bbox 507 2777 542 2825; x_wconf 90' lang='lat' dir='ltr'>et</span> <span class='ocrx_word' id='word_1_205' title='bbox 557 2763 750 2828; x_wconf 85' lang='lat' dir='ltr'>humillime</span> <span class='ocrx_word' id='word_1_206' title='bbox 767 2785 812 2828; x_wconf 88' lang='lat' dir='ltr'>ne</span> <span class='ocrx_word' id='word_1_207' title='bbox 829 2765 1155 2843; x_wconf 86' lang='lat' dir='ltr'>raecomandarete‚</span> <span class='ocrx_word' id='word_1_208' title='bbox 1180 2757 1419 2823; x_wconf 88' lang='lat' dir='ltr'>offerendocci</span> <span class='ocrx_word' id='word_1_209' title='bbox 1439 2755 1472 2817; x_wconf 94' lang='lat' dir='ltr'>in</span> 
     </span>
     <span class='ocr_line' id='line_1_23' title="bbox 193 2865 1473 2953; baseline -0.004 -23"><span class='ocrx_word' id='word_1_210' title='bbox 193 2877 280 2930; x_wconf 90' lang='lat' dir='ltr'>tutto</span> <span class='ocrx_word' id='word_1_211' title='bbox 306 2879 343 2930; x_wconf 88' lang='lat' dir='ltr'>et</span> <span class='ocrx_word' id='word_1_212' title='bbox 368 2888 433 2950; x_wconf 88' lang='lat' dir='ltr'>per</span> <span class='ocrx_word' id='word_1_213' title='bbox 463 2879 570 2948; x_wconf 86' lang='lat' dir='ltr'>tutto,</span> <span class='ocrx_word' id='word_1_214' title='bbox 603 2881 638 2932; x_wconf 90' lang='lat' dir='ltr'>et</span> <span class='ocrx_word' id='word_1_215' title='bbox 665 2871 723 2934; x_wconf 89' lang='lat' dir='ltr'>voi</span> <span class='ocrx_word' id='word_1_216' title='bbox 748 2871 821 2934; x_wconf 90' lang='lat' dir='ltr'>cosi</span> <span class='ocrx_word' id='word_1_217' title='bbox 845 2871 880 2933; x_wconf 91' lang='lat' dir='ltr'>di</span> <span class='ocrx_word' id='word_1_218' title='bbox 905 2882 1032 2953; x_wconf 88' lang='lat' dir='ltr'>questo</span> <span class='ocrx_word' id='word_1_219' title='bbox 1057 2890 1157 2933; x_wconf 89' lang='lat' dir='ltr'>come</span> <span class='ocrx_word' id='word_1_220' title='bbox 1182 2869 1276 2930; x_wconf 91' lang='lat' dir='ltr'>della</span> <span class='ocrx_word' id='word_1_221' title='bbox 1300 2865 1473 2947; x_wconf 85' lang='lat' dir='ltr'>principal</span> 
     </span>
     <span class='ocr_line' id='line_1_24' title="bbox 193 2972 1474 3060; baseline -0.002 -25"><span class='ocrx_word' id='word_1_222' title='bbox 193 2986 311 3038; x_wconf 87' lang='lat' dir='ltr'>vostra</span> <span class='ocrx_word' id='word_1_223' title='bbox 337 2976 491 3058; x_wconf 85' lang='lat' dir='ltr'>impresa</span> <span class='ocrx_word' id='word_1_224' title='bbox 516 2998 561 3040; x_wconf 91' lang='lat' dir='ltr'>ne</span> <span class='ocrx_word' id='word_1_225' title='bbox 582 2988 712 3041; x_wconf 88' lang='lat' dir='ltr'>terrete</span> <span class='ocrx_word' id='word_1_226' title='bbox 737 2979 863 3041; x_wconf 86' lang='lat' dir='ltr'>avisati</span> <span class='ocrx_word' id='word_1_227' title='bbox 888 2999 1024 3060; x_wconf 86' lang='lat' dir='ltr'>spesso,</span> <span class='ocrx_word' id='word_1_228' title='bbox 1056 2989 1091 3040; x_wconf 89' lang='lat' dir='ltr'>et</span> <span class='ocrx_word' id='word_1_229' title='bbox 1115 2974 1295 3039; x_wconf 86' lang='lat' dir='ltr'>basteravi</span> <span class='ocrx_word' id='word_1_230' title='bbox 1319 2972 1474 3035; x_wconf 85' lang='lat' dir='ltr'>scrivere</span> 
     </span>
     <span class='ocr_line' id='line_1_25' title="bbox 193 3080 1473 3161; baseline -0.004 -17"><span class='ocrx_word' id='word_1_231' title='bbox 193 3082 294 3146; x_wconf 79' lang='lat' dir='ltr'>aNoi</span> <span class='ocrx_word' id='word_1_232' title='bbox 319 3103 428 3145; x_wconf 89' lang='lat' dir='ltr'>sanza</span> <span class='ocrx_word' id='word_1_233' title='bbox 452 3084 486 3146; x_wconf 92' lang='lat' dir='ltr'>vi</span> <span class='ocrx_word' id='word_1_234' title='bbox 510 3084 728 3148; x_wconf 84' lang='lat' dir='ltr'>affatichiate</span> <span class='ocrx_word' id='word_1_235' title='bbox 752 3087 788 3148; x_wconf 92' lang='lat' dir='ltr'>in</span> <span class='ocrx_word' id='word_1_236' title='bbox 812 3086 968 3149; x_wconf 90' lang='lat' dir='ltr'>scrivere</span> <span class='ocrx_word' id='word_1_237' title='bbox 993 3087 1107 3148; x_wconf 86' lang='lat' dir='ltr'>anche</span> <span class='ocrx_word' id='word_1_238' title='bbox 1124 3106 1145 3146; x_wconf 92' lang='lat' dir='ltr'>a</span> <span class='ocrx_word' id='word_1_239' title='bbox 1163 3083 1293 3146; x_wconf 80' lang='lat' dir='ltr'>Nostro</span> <span class='ocrx_word' id='word_1_240' title='bbox 1310 3080 1473 3161; x_wconf 81' lang='lat' dir='ltr'>Signore,</span> 
     </span>
     <span class='ocr_line' id='line_1_26' title="bbox 193 3187 1473 3271; baseline -0.003 -21"><span class='ocrx_word' id='word_1_241' title='bbox 193 3191 259 3251; x_wconf 88' lang='lat' dir='ltr'>alla</span> <span class='ocrx_word' id='word_1_242' title='bbox 293 3190 350 3250; x_wconf 92' lang='lat' dir='ltr'>cui</span> <span class='ocrx_word' id='word_1_243' title='bbox 380 3189 520 3253; x_wconf 74' lang='lat' dir='ltr'>Santita</span> <span class='ocrx_word' id='word_1_244' title='bbox 551 3193 867 3256; x_wconf 88' lang='lat' dir='ltr'>communichiamo</span> <span class='ocrx_word' id='word_1_245' title='bbox 900 3204 935 3255; x_wconf 90' lang='lat' dir='ltr'>et</span> <span class='ocrx_word' id='word_1_246' title='bbox 967 3195 1071 3255; x_wconf 89' lang='lat' dir='ltr'>damo</span> <span class='ocrx_word' id='word_1_247' title='bbox 1096 3213 1117 3254; x_wconf 87' lang='lat' dir='ltr'>a</span> <span class='ocrx_word' id='word_1_248' title='bbox 1141 3193 1288 3271; x_wconf 80' lang='lat' dir='ltr'>leggere</span> <span class='ocrx_word' id='word_1_249' title='bbox 1319 3196 1409 3248; x_wconf 85' lang='lat' dir='ltr'>tutte</span> <span class='ocrx_word' id='word_1_250' title='bbox 1441 3187 1473 3246; x_wconf 88' lang='lat' dir='ltr'>le</span> 
     </span>
     <span class='ocr_line' id='line_1_27' title="bbox 193 3295 1472 3379; baseline -0.003 -22"><span class='ocrx_word' id='word_1_251' title='bbox 193 3307 323 3359; x_wconf 89' lang='lat' dir='ltr'>vostre.</span> <span class='ocrx_word' id='word_1_252' title='bbox 372 3296 472 3361; x_wconf 78' lang='lat' dir='ltr'>State</span> <span class='ocrx_word' id='word_1_253' title='bbox 505 3320 592 3362; x_wconf 89' lang='lat' dir='ltr'>sano</span> <span class='ocrx_word' id='word_1_254' title='bbox 624 3310 659 3362; x_wconf 89' lang='lat' dir='ltr'>et</span> <span class='ocrx_word' id='word_1_255' title='bbox 690 3300 863 3362; x_wconf 85' lang='lat' dir='ltr'>tenetecci</span> <span class='ocrx_word' id='word_1_256' title='bbox 887 3299 922 3362; x_wconf 91' lang='lat' dir='ltr'>in</span> <span class='ocrx_word' id='word_1_257' title='bbox 948 3303 1043 3363; x_wconf 88' lang='lat' dir='ltr'>bona</span> <span class='ocrx_word' id='word_1_258' title='bbox 1068 3298 1184 3379; x_wconf 86' lang='lat' dir='ltr'>gratia</span> <span class='ocrx_word' id='word_1_259' title='bbox 1208 3298 1265 3358; x_wconf 83' lang='lat' dir='ltr'>del</span> <span class='ocrx_word' id='word_1_260' title='bbox 1291 3295 1472 3356; x_wconf 82' lang='lat' dir='ltr'>Reveren-</span> 
     </span>
     <span class='ocr_line' id='line_1_28' title="bbox 194 3403 795 3490; baseline 0.008 -25"><span class='ocrx_word' id='word_1_261' title='bbox 194 3403 337 3466; x_wconf 89' lang='lat' dir='ltr'>dissimo</span> <span class='ocrx_word' id='word_1_262' title='bbox 362 3403 573 3487; x_wconf 81' lang='lat' dir='ltr'>Monsignor</span> <span class='ocrx_word' id='word_1_263' title='bbox 598 3406 632 3467; x_wconf 91' lang='lat' dir='ltr'>di</span> <span class='ocrx_word' id='word_1_264' title='bbox 658 3407 795 3490; x_wconf 85' lang='lat' dir='ltr'>Lieggi.</span> 
     </span>
    </p>

    <p class='ocr_par' dir='ltr' id='par_1_4' title="bbox 282 3511 1125 3577">
     <span class='ocr_line' id='line_1_29' title="bbox 282 3511 1125 3577; baseline 0.001 -3"><span class='ocrx_word' id='word_1_265' title='bbox 282 3512 339 3574; x_wconf 87' lang='lat' dir='ltr'>Da</span> <span class='ocrx_word' id='word_1_266' title='bbox 364 3511 481 3573; x_wconf 89' lang='lat' dir='ltr'>Roma</span> <span class='ocrx_word' id='word_1_267' title='bbox 506 3513 565 3574; x_wconf 89' lang='lat' dir='ltr'>alli</span> <span class='ocrx_word' id='word_1_268' title='bbox 591 3513 650 3577; x_wconf 90' lang='lat'>111.</span> <span class='ocrx_word' id='word_1_269' title='bbox 677 3513 712 3575; x_wconf 91' lang='lat' dir='ltr'>di</span> <span class='ocrx_word' id='word_1_270' title='bbox 737 3515 936 3577; x_wconf 87' lang='lat' dir='ltr'>Decembre</span> <span class='ocrx_word' id='word_1_271' title='bbox 961 3513 1125 3575; x_wconf 78' lang='lat' dir='ltr'>MDXX.</span> 
     </span>
    </p>
   </div>
   <div class='ocr_carea' id='block_1_3' title="bbox 976 3632 1438 3699">
    <p class='ocr_par' dir='ltr' id='par_1_5' title="bbox 976 3632 1438 3699">
     <span class='ocr_line' id='line_1_30' title="bbox 976 3632 1438 3699; baseline -0.013 -1"><span class='ocrx_word' id='word_1_272' title='bbox 976 3637 1021 3699; x_wconf 88' lang='lat' dir='ltr'>llll</span> <span class='ocrx_word' id='word_1_273' title='bbox 1040 3637 1130 3699; x_wconf 75' lang='lat' dir='ltr'>trater</span> <span class='ocrx_word' id='word_1_274' title='bbox 1148 3636 1215 3698; x_wconf 73' lang='lat' dir='ltr'>lle</span> <span class='ocrx_word' id='word_1_275' title='bbox 1235 3632 1438 3696; x_wconf 67' lang='lat' dir='ltr'>vercellinus.</span> 
     </span>
    </p>
   </div>
   <div class='ocr_carea' id='block_1_4' title="bbox 459 3964 1197 4247">
    <p class='ocr_par' dir='ltr' id='par_1_6' title="bbox 459 3964 1197 4247">
     <span class='ocr_line' id='line_1_31' title="bbox 820 3964 850 4025; baseline 0.067 -2"><span class='ocrx_word' id='word_1_276' title='bbox 820 3964 850 4025; x_wconf 76' lang='lat' dir='ltr'>li.</span> 
     </span>
     <span class='ocr_line' id='line_1_32' title="bbox 459 4065 1197 4148; baseline 0.001 -4"><span class='ocrx_word' id='word_1_277' title='bbox 459 4065 669 4146; x_wconf 82' lang='lat' dir='ltr'>Pretestatin</span> <span class='ocrx_word' id='word_1_278' title='bbox 699 4067 952 4148; x_wconf 81' lang='lat' dir='ltr'>universitatis</span> <span class='ocrx_word' id='word_1_279' title='bbox 980 4066 1197 4147; x_wconf 80' lang='lat' dir='ltr'>viennensis.</span> 
     </span>
     <span class='ocr_line' id='line_1_33' title="bbox 594 4187 1076 4247; baseline 0.008 -6"><span class='ocrx_word' id='word_1_280' title='bbox 594 4189 704 4247; x_wconf 68' lang='lat' dir='ltr'>lecta</span> <span class='ocrx_word' id='word_1_281' title='bbox 730 4187 908 4247; x_wconf 74' lang='lat' dir='ltr'>Wormac.</span> <span class='ocrx_word' id='word_1_282' title='bbox 936 4188 998 4247; x_wconf 78' lang='lat' dir='ltr'>fol</span> <span class='ocrx_word' id='word_1_283' title='bbox 1026 4188 1076 4247; x_wconf 67' lang='lat' dir='ltr'>lon</span> 
     </span>
    </p>
   </div>
   <div class='ocr_carea' id='block_1_5' title="bbox 191 4280 1473 4891">
    <p class='ocr_par' dir='ltr' id='par_1_7' title="bbox 191 4280 1473 4891">
     <span class='ocr_line' id='line_1_34' title="bbox 638 4280 1029 4347; baseline 0.003 -18"><span class='ocrx_word' id='word_1_284' title='bbox 638 4280 770 4345; x_wconf 76' lang='lat' dir='ltr'>(Viennae</span> <span class='ocrx_word' id='word_1_285' title='bbox 794 4294 833 4332; x_wconf 83' lang='grc' dir='ltr'>ιο.</span> <span class='ocrx_word' id='word_1_286' title='bbox 854 4285 917 4331; x_wconf 91' lang='lat' dir='ltr'>Dec.</span> <span class='ocrx_word' id='word_1_287' title='bbox 944 4281 1029 4347; x_wconf 76' lang='lat'>1520.)</span> 
     </span>
     <span class='ocr_line' id='line_1_35' title="bbox 390 4375 1271 4443; baseline 0.003 -5"><span class='ocrx_word' id='word_1_288' title='bbox 390 4375 527 4438; x_wconf 91' lang='lat' dir='ltr'>Rector</span> <span class='ocrx_word' id='word_1_289' title='bbox 552 4393 587 4439; x_wconf 88' lang='lat' dir='ltr'>et</span> <span class='ocrx_word' id='word_1_290' title='bbox 612 4379 836 4442; x_wconf 86' lang='lat' dir='ltr'>Universitas</span> <span class='ocrx_word' id='word_1_291' title='bbox 862 4380 1023 4443; x_wconf 84' lang='lat' dir='ltr'>Viennae</span> <span class='ocrx_word' id='word_1_292' title='bbox 1049 4381 1271 4443; x_wconf 84' lang='lat' dir='ltr'>Austriacae.</span> 
     </span>
     <span class='ocr_line' id='line_1_36' title="bbox 281 4483 1469 4571; baseline 0.004 -27"><span class='ocrx_word' id='word_1_293' title='bbox 281 4483 539 4547; x_wconf 85' lang='lat' dir='ltr'>Devotissimas</span> <span class='ocrx_word' id='word_1_294' title='bbox 572 4487 617 4547; x_wconf 90' lang='lat' dir='ltr'>ad</span> <span class='ocrx_word' id='word_1_295' title='bbox 643 4487 756 4549; x_wconf 91' lang='lat' dir='ltr'>Deum</span> <span class='ocrx_word' id='word_1_296' title='bbox 791 4487 960 4568; x_wconf 89' lang='lat' dir='ltr'>optimum</span> <span class='ocrx_word' id='word_1_297' title='bbox 995 4489 1183 4550; x_wconf 88' lang='lat' dir='ltr'>maximum</span> <span class='ocrx_word' id='word_1_298' title='bbox 1218 4509 1345 4571; x_wconf 85' lang='lat' dir='ltr'>preces</span> <span class='ocrx_word' id='word_1_299' title='bbox 1373 4509 1469 4569; x_wconf 87' lang='lat' dir='ltr'>para-</span> 
     </span>
     <span class='ocr_line' id='line_1_37' title="bbox 193 4591 1473 4677; baseline 0.004 -25"><span class='ocrx_word' id='word_1_300' title='bbox 193 4591 436 4672; x_wconf 83' lang='lat' dir='ltr'>tissimumque</span> <span class='ocrx_word' id='word_1_301' title='bbox 460 4604 497 4655; x_wconf 87' lang='lat' dir='ltr'>et</span> <span class='ocrx_word' id='word_1_302' title='bbox 520 4592 749 4655; x_wconf 90' lang='lat' dir='ltr'>humillimum</span> <span class='ocrx_word' id='word_1_303' title='bbox 775 4595 994 4675; x_wconf 86' lang='lat' dir='ltr'>obsequendi</span> <span class='ocrx_word' id='word_1_304' title='bbox 1027 4597 1189 4672; x_wconf 79' lang='lat' dir='ltr'>animum,</span> <span class='ocrx_word' id='word_1_305' title='bbox 1220 4595 1473 4677; x_wconf 84' lang='lat' dir='ltr'>gloriosissime</span> 
     </span>
     <span class='ocr_line' id='line_1_38' title="bbox 193 4697 1471 4784; baseline 0.004 -23"><span class='ocrx_word' id='word_1_306' title='bbox 193 4710 228 4761; x_wconf 87' lang='lat' dir='ltr'>et</span> <span class='ocrx_word' id='word_1_307' title='bbox 251 4697 482 4761; x_wconf 89' lang='lat' dir='ltr'>invictissime</span> <span class='ocrx_word' id='word_1_308' title='bbox 508 4699 639 4762; x_wconf 86' lang='lat' dir='ltr'>Caesar</span> <span class='ocrx_word' id='word_1_309' title='bbox 663 4699 830 4782; x_wconf 88' lang='lat' dir='ltr'>princeps</span> <span class='ocrx_word' id='word_1_310' title='bbox 855 4711 891 4763; x_wconf 90' lang='lat' dir='ltr'>et</span> <span class='ocrx_word' id='word_1_311' title='bbox 914 4702 1066 4765; x_wconf 88' lang='lat' dir='ltr'>Domine</span> <span class='ocrx_word' id='word_1_312' title='bbox 1090 4702 1242 4765; x_wconf 89' lang='lat' dir='ltr'>Domine</span> <span class='ocrx_word' id='word_1_313' title='bbox 1267 4703 1370 4765; x_wconf 87' lang='lat' dir='ltr'>nobis</span> <span class='ocrx_word' id='word_1_314' title='bbox 1394 4723 1471 4784; x_wconf 85' lang='lat' dir='ltr'>gra·</span> 
     </span>
     <span class='ocr_line' id='line_1_39' title="bbox 191 4804 1472 4891; baseline 0.005 -23"><span class='ocrx_word' id='word_1_315' title='bbox 191 4804 399 4876; x_wconf 84' lang='lat' dir='ltr'>tiosissime;</span> <span class='ocrx_word' id='word_1_316' title='bbox 441 4806 526 4869; x_wconf 86' lang='lat' dir='ltr'>Cum</span> <span class='ocrx_word' id='word_1_317' title='bbox 558 4806 800 4888; x_wconf 89' lang='lat' dir='ltr'>superioribus</span> <span class='ocrx_word' id='word_1_318' title='bbox 833 4808 959 4870; x_wconf 88' lang='lat' dir='ltr'>diebus</span> <span class='ocrx_word' id='word_1_319' title='bbox 990 4830 1055 4891; x_wconf 87' lang='lat' dir='ltr'>per</span> <span class='ocrx_word' id='word_1_320' title='bbox 1079 4811 1254 4890; x_wconf 88' lang='lat' dir='ltr'>quendam</span> <span class='ocrx_word' id='word_1_321' title='bbox 1279 4811 1472 4875; x_wconf 90' lang='lat' dir='ltr'>Doctorem</span> 
     </span>
    </p>
   </div>
   <div class='ocr_carea' id='block_1_6' title="bbox 0 0 1670 5580">
    <p class='ocr_par' dir='ltr' id='par_1_8' title="bbox 0 0 1670 5580">
     <span class='ocr_line' id='line_1_40' title="bbox 0 0 1670 5580; baseline 0 0"><span class='ocrx_word' id='word_1_322' title='bbox 0 0 1670 5580; x_wconf 95' lang='lat' dir='ltr'> </span> 
     </span>
    </p>
   </div>
  </div>
 </body>
</html>
