3330 5580
782 874 847 937 234

369 999 618 1080 Ferdinaudus
646 1000 750 1080 Arch.
780 1001 947 1079 austriae
976 997 1148 1079 1111111111
1175 996 1253 1076 VII.

636 1147 735 1220 (Epist.
753 1147 842 1206 Prino.
860 1146 912 1205 111.
930 1145 1001 1218 200.)

693 1267 747 1331 (20.
767 1268 833 1332 Julii
857 1264 943 1334 1525·)

268 1392 457 1455 Enimvero
481 1400 581 1453 tanto
605 1391 756 1453 maiores
781 1394 908 1472 babeo,
933 1402 968 1455 et
993 1391 1097 1455 etiam
1122 1409 1279 1471 agnosco
1304 1408 1360 1449 me
1375 1386 1457 1447 olim

177 1500 312 1564 referre
337 1501 470 1562 debere
499 1499 633 1580 gratias
658 1500 873 1562 Beatitudini
899 1500 1069 1577 Vestrae,
1105 1497 1200 1578 quod
1226 1495 1308 1557 licet
1333 1495 1457 1556 eadem

178 1607 295 1670 multis
328 1605 597 1668 difficultatibus
634 1606 793 1669 involuta
827 1608 974 1685 existat,
1010 1605 1137 1687 quibus
1171 1623 1318 1665 necesse
1351 1603 1459 1663 habet

178 1713 381 1791 subvenire,
397 1734 565 1775 summam
583 1713 711 1794 viginti
727 1714 875 1776 Millium
892 1733 1089 1790 aureorum,
1115 1732 1219 1793 quam
1244 1729 1356 1790 nuper
1381 1729 1456 1790 pro-

179 1821 323 1884 miserat
353 1819 597 1883 subsidiariam
632 1821 714 1883 mihi
738 1821 806 1884 iarn
832 1821 1069 1903 assignaverit
1098 1819 1132 1881 in
1160 1819 1258 1881 Urbe
1282 1816 1460 1898 Fuggaris

178 1928 282 1991 isthic
307 1927 539 2007 degentibus,
568 1948 769 2008 quanquam
795 1928 829 1989 id
855 1929 904 1990 sic
929 1928 1006 1991 fore
1037 1948 1108 1990 non
1133 1927 1350 1990 dubitabam.
1397 1924 1460 1986 Est

180 2036 273 2099 enirn
298 2033 529 2116 Apostolicae
554 2034 658 2097 Sedis
690 2035 795 2114 (sicut
829 2035 980 2097 maxime
1014 2036 1059 2097 ad
1085 2034 1234 2096 eandem
1260 2041 1398 2113 spectat
1432 2029 1459 2092 si

178 2162 270 2225 quae
294 2139 377 2227 alia)
400 2139 489 2204 fides
508 2142 702 2223 praecipua
719 2154 755 2205 et
770 2152 907 2216 sancta;
933 2154 1050 2205 tamea
1068 2162 1122 2203 me
1147 2160 1215 2201 non
1242 2138 1327 2201 nihil
1353 2158 1459 2200 curae

181 2249 317 2331 coepit,
352 2251 447 2330 quod
471 2248 631 2331 Fuggari
657 2249 842 2330 Augustae
868 2270 945 2312 earn
980 2268 1147 2310 summam
1188 2247 1223 2307 11
1250 2247 1342 2307 hunc
1368 2244 1460 2307 diem

181 2376 292 2438 usque
316 2356 361 2419 ad
385 2376 509 2417 manus
526 2376 623 2418 meas
647 2357 803 2418 nondum
829 2358 1080 2438 deposuerunt,
1104 2375 1172 2435 qua
1197 2353 1225 2415 si
1251 2355 1296 2414 ab
1322 2352 1373 2414 eis
1389 2364 1460 2413 tam

182 2464 365 2534 commode
397 2463 432 2524 in
466 2483 566 2526 usum
599 2484 713 2525 meum
740 2474 888 2545 erogata
921 2463 1064 2541 fuisset,
1099 2483 1204 2543 quarn
1238 2480 1416 2543 propense
1440 2481 1461 2522 a

181 2569 407 2633 Beatitudiae
444 2569 574 2632 Vestra
609 2571 823 2633 demandata
860 2571 925 2633 fuit
969 2571 1050 2633 mihi
1098 2570 1337 2651 persolvenda
1372 2587 1462 2646 esse,

182 2687 279 2740 certe
314 2696 384 2739 non
421 2696 545 2758 parum
583 2679 671 2740 haec
709 2679 921 2740 acceleratio
956 2677 1158 2760 profuisset.
1207 2675 1309 2738 Nunc
1344 2685 1461 2737 autem

181 2783 302 2847 nescio
327 2784 492 2846 demirari
517 2785 619 2863 satis,
653 2785 747 2865 quod
773 2785 947 2867 tantisper
977 2784 1105 2846 solutio
1130 2785 1190 2846 illa
1223 2785 1462 2866 protrahatur,

183 2912 288 2974 quum
304 2892 481 2974 Fuggaris
506 2895 550 2955 de
568 2892 764 2973 quantitate
785 2893 908 2954 harum
925 2894 1155 2974 pecuniarum
1172 2891 1303 2973 optime
1321 2901 1461 2953 cautum

183 2999 289 3062 iuerit
330 2999 426 3061 illam
463 3020 523 3062 eos
547 3000 582 3062 in
608 3001 700 3061 alma
724 3002 811 3061 urbe
835 3011 1127 3082 recuperaturos,
1163 3000 1229 3062 nisi
1254 3000 1346 3062 forte
1371 3020 1461 3080 quae

183 3106 354 3170 eiusmodi
379 3105 497 3168 cautio
521 3107 565 3168 ad
590 3127 646 3168 me
671 3107 875 3168 transmissa
900 3128 969 3169 non
995 3107 1049 3181 sit,
1073 3108 1108 3170 11
1134 3128 1202 3188 qua
1226 3128 1264 3169 re
1284 3107 1460 3169 desidera-

180 3234 257 3276 mus
281 3211 479 3276 Consiliarii
503 3213 613 3275 nostri
637 3214 731 3294 apud
756 3214 1017 3278 Beatitudinem
1040 3215 1082 3277 V.
1109 3214 1273 3294 degentis
1299 3213 1461 3296 Magistri

184 3321 281 3384 Petri
305 3322 349 3382 de
375 3320 587 3382 Salamanca
612 3321 829 3383 exactiorem
855 3322 1084 3402 diligentiam.
1131 3321 1307 3402 Quicquid
1344 3335 1460 3383 tamen

183 3448 310 3490 causae
334 3428 426 3488 hanc
451 3446 585 3488 moram
610 3427 737 3503 attulit,
762 3428 901 3491 tametsi
917 3448 982 3510 per
999 3449 1077 3491 eam
1093 3429 1390 3491 incommodatum
1417 3427 1461 3488 sit

183 3533 285 3597 nobis
300 3555 369 3597 aon
386 3554 456 3595 uno
474 3532 614 3595 nomine
628 3543 662 3595 et
676 3548 839 3615 respectu
867 3555 978 3617 cogor
994 3535 1089 3598 illam
1109 3535 1214 3597 immo
1233 3534 1349 3595 debeo
1369 3532 1460 3594 sicut

185 3642 352 3704 admonet
391 3639 571 3702 Sanctitas
595 3639 726 3702 Vestra
751 3641 953 3703 domesticis
987 3641 1062 3703 eius
1093 3641 1260 3703 oneribus
1290 3640 1463 3720 imputare

185 3758 221 3810 et
245 3746 530 3827 necessitatibus,
556 3747 706 3809 maxime
740 3749 835 3828 quod
873 3769 937 3829 per
969 3750 1049 3811 illas
1088 3748 1177 3810 sicut
1210 3748 1243 3809 in
1275 3745 1463 3828 posteriori

186 3855 304 3931 Brevi,
329 3875 400 3936 quo
425 3855 621 3916 declaravit
644 3854 894 3935 responsiones
918 3877 990 3927 eas,
1015 3876 1106 3936 quae
1131 3877 1151 3917 a
1175 3876 1231 3918 me
1255 3854 1461 3916 tumultuan-

187 3962 279 4024 tibus
305 3962 544 4043 Popularibus
568 3962 656 4024 meis
681 3961 737 4024 hic
762 3963 845 4026 data
870 3975 959 4039 sunt,
984 3963 1112 4044 dignas
1135 3962 1202 4023 sibi
1226 3960 1335 4023 fuisse
1362 3960 1464 4023 visas.

189 4066 364 4132 Sanctitas
390 4068 520 4132 Vestra
545 4069 670 4149 recipit
695 4068 800 4132 fidem
818 4091 914 4133 suam
931 4091 1001 4132 non
1019 4090 1096 4133 esse
1112 4080 1335 4149 moraturam,
1360 4088 1464 4149 quam

188 4177 292 4255 omni,
318 4196 388 4257 quo
413 4177 528 4238 debeo
553 4187 588 4237 et
612 4197 755 4257 possum
780 4175 878 4239 filiali
903 4177 1018 4239 studio
1036 4190 1071 4237 et
1087 4175 1314 4238 observantia
1338 4175 1464 4237 iterum

187 4294 293 4363 atque
318 4283 443 4346 iterum
469 4304 569 4364 rogo,
594 4296 631 4345 ut
656 4284 854 4364 praefatam
877 4304 1060 4363 summam,
1085 4284 1114 4345 si
1138 4282 1213 4345 fieri
1238 4282 1368 4363 possit,
1393 4281 1463 4342 uni-

189 4410 325 4453 versam
350 4411 416 4471 per
439 4390 627 4471 Fuggaros
654 4391 837 4473 Augustae
864 4390 1113 4473 assignandam
1146 4390 1229 4452 mihi
1261 4391 1378 4452 denuo
1407 4389 1464 4451 de·

189 4500 339 4561 mandet.
380 4497 423 4559 Et
440 4497 468 4559 si
485 4518 577 4578 quae
592 4497 709 4579 portio
723 4506 841 4575 restat,
867 4497 1015 4560 celerius
1032 4497 1100 4560 iam
1118 4496 1335 4577 assignatam
1360 4494 1465 4556 etiam

188 4603 353 4667 universa
377 4614 554 4685 sequatur,
580 4615 617 4666 ut
633 4603 756 4665 maiori
772 4623 850 4665 cum
865 4603 980 4665 fructu
998 4604 1064 4665 hoc
1083 4601 1286 4665 benefitium
1308 4600 1463 4663 Beatitu·

190 4710 280 4773 dinis
317 4711 467 4774 Vestrae
497 4711 679 4792 accipiam.
738 4709 911 4789 Equidem
944 4731 1013 4773 non
1053 4709 1175 4772 dubito
1211 4708 1294 4790 quin
1332 4705 1465 4769 Sancta

190 4817 304 4881 Sedes
328 4818 406 4897 ista
446 4819 475 4882 si
500 4839 618 4882 coram
643 4818 694 4880 illi
723 4817 845 4880 liceret
869 4819 1090 4900 perspicere,
1122 4838 1212 4899 quae
1242 4815 1465 4879 incommoda
