3330 5580
711 461 957 520 ΗΒῊΟΣῊ

192 620 268 674 trae
293 613 388 693 quod
412 611 492 674 lieri
517 611 604 675 velit
628 632 706 676 cum
731 612 858 675 misero
883 612 1025 676 homine
1049 612 1085 676 in
1103 634 1165 676 sua
1180 614 1383 696 pertinacia
1399 636 1473 697 per·

193 730 392 784 severante.

283 826 469 889 Caeterum
507 828 589 909 quia
624 830 750 890 eadem
783 838 947 890 creatura
980 837 1099 890 vestra
1133 837 1269 890 certum
1293 829 1408 892 habet
1432 828 1476 891 ad

192 933 346 995 schisma
370 943 405 995 et
429 934 665 997 defectionem
691 936 900 997 movendam
925 936 1131 997 mandatum
1155 955 1234 997 esse
1251 955 1476 1016 consensum,

192 1039 392 1121 partimque
424 1040 501 1103 fieri
534 1041 781 1104 conventicula
815 1042 1114 1123 conspirationes,
1148 1051 1287 1105 mutuas
1312 1044 1476 1106 cohorta-

192 1145 317 1226 tiones,
341 1149 387 1209 ad
410 1168 485 1210 rem
508 1158 581 1211 tam
604 1150 828 1227 horrendam,
853 1148 989 1212 diutina
1008 1148 1273 1213 consultatione
1298 1170 1380 1214 cum
1404 1150 1477 1213 suis

191 1253 323 1332 habita,
348 1255 484 1318 invenit
507 1275 639 1337 operae
663 1255 821 1338 precium
846 1277 924 1319 esse
948 1266 986 1317 ut
1009 1256 1287 1326 Illustrissimum
1312 1257 1476 1336 Joachim

191 1360 434 1424 Marchionem
451 1373 486 1424 et
503 1364 693 1424 electorem
712 1363 1072 1444 Brandeburgensem
1088 1363 1260 1443 Fratrem,
1285 1364 1475 1444 electores,

193 1477 228 1530 et
251 1468 432 1549 principes
456 1469 564 1550 alios,
588 1470 762 1552 requirat,
799 1470 974 1553 principio
999 1470 1084 1552 quid
1108 1470 1215 1532 animi
1239 1490 1328 1551 erga
1353 1471 1474 1534 Eccle-

192 1575 279 1638 siam
318 1577 491 1658 habeant,
531 1587 635 1640 etan
661 1577 772 1640 velint
801 1599 879 1640 esse
911 1576 1090 1660 praesidio
1115 1577 1357 1640 labefactatae
1381 1579 1474 1660 paci.

192 1682 331 1745 Deinde
356 1684 482 1765 quibus
514 1685 710 1748 rationibus
727 1685 827 1773 ipsis
858 1685 1022 1748 videatur
1045 1672 1303 1748 occurrendum
1328 1685 1473 1749 nimium

192 1793 339 1853 robusto
373 1791 454 1884 huic
487 1794 599 1872 ma10,
630 1801 666 1855 et
698 1792 734 1855 in
767 1813 809 1856 eo
833 1792 901 1855 iam
927 1802 1021 1855 totus
1046 1802 1099 1855 est
1123 1802 1161 1854 ut
1185 1792 1265 1854 illos
1289 1792 1474 1874 sigillatim

192 1917 256 1978 per
280 1896 428 1961 idoneos
453 1909 488 1961 et
512 1899 652 1962 intimos
676 1899 883 1962 consiliares
907 1901 1081 1982 exploret,
1107 1921 1147 1962 ac
1165 1899 1325 1962 invocet:
1352 1901 1472 1963 Prete-

191 2025 253 2066 rea
284 2025 362 2066 cum
395 2004 589 2068 Comitibus
612 2006 786 2069 Nassallis
813 2006 906 2069 idem
937 2005 1098 2068 tentabit.
1145 2005 1236 2068 Nam
1268 2006 1375 2069 altius
1405 2009 1473 2070 hoc

193 2112 321 2174 malum
345 2093 484 2174 radices
509 2112 652 2193 defixit,
689 2134 793 2195 quam
825 2113 921 2194 quod
954 2134 975 2175 a
1006 2115 1082 2175 sola
1113 2122 1276 2175 creatura
1308 2112 1474 2194 predicta

191 2219 298 2280 avelli
321 2220 435 2301 possit
458 2220 650 2284 amicorum
674 2219 838 2302 presidiis
863 2219 1041 2282 destituta.

281 2325 467 2406 Quendam
491 2326 720 2389 abmandavit
743 2328 790 2389 ad
815 2325 1026 2389 Caesaream
1046 2326 1269 2408 Majestatem
1295 2325 1355 2408 qui
1380 2347 1473 2390 com·

191 2453 295 2495 mune
320 2433 507 2516 negocium
524 2434 712 2497 Romanae
730 2433 912 2496 Ecclesiae
927 2432 1172 2514 potentissime
1188 2442 1283 2515 aget,
1309 2443 1344 2495 et
1368 2433 1473 2497 huius

191 2542 360 2603 tumultus
384 2542 541 2603 remedia
565 2542 660 2623 apud
686 2540 896 2603 Caesaream
914 2540 1138 2602 Maiestatem
1156 2550 1314 2620 venetur,
1341 2541 1473 2623 quique

191 2646 367 2710 Caesarea
392 2649 558 2711 mandata
583 2649 755 2710 adversus
780 2669 857 2710 eam
881 2657 1013 2709 sectam
1037 2647 1253 2729 impediente
1275 2649 1372 2711 bello
1389 2647 1472 2712 Gal·

191 2753 257 2816 lico
282 2756 453 2817 hactenus
477 2754 657 2836 plerisque
688 2755 724 2817 in
755 2754 842 2816 locis
873 2774 944 2816 non
969 2752 1165 2837 publicata,
1189 2755 1366 2836 publicari
1391 2777 1472 2819 exe-

190 2861 393 2943 cutionique
418 2862 625 2924 demandari
649 2872 758 2925 curet.

278 2968 323 3031 Et
346 2969 477 3050 quique
500 2990 559 3032 res
575 2990 689 3052 prope
708 2969 864 3034 ,hominis
882 2978 1024 3052 captum
1049 2979 1084 3032 et
1101 2970 1194 3033 vires
1218 2970 1399 3033 excedere
1423 2969 1471 3033 vi-

190 3077 293 3137 detur
324 3086 362 3138 ut
393 3076 551 3158 alioquin
576 3076 733 3139 divinum
763 3076 933 3138 auxilium
957 3075 992 3138 in
1017 3075 1180 3139 omnibus
1205 3087 1258 3139 est
1281 3074 1471 3158 imploran-

190 3183 283 3261 dum,
308 3181 512 3264 impetravit
536 3185 668 3246 devota
691 3193 854 3246 creatura
877 3193 997 3246 vestra
1022 3204 1087 3265 per
1108 3205 1190 3246 suas
1207 3183 1370 3246 dioceses
1395 3183 1472 3248 fieri

188 3289 350 3370 publicas
374 3290 652 3372 supplicationes
668 3291 927 3372 processiones
952 3290 1124 3353 lectiones
1141 3289 1353 3370 litaniarum,
1378 3292 1471 3373 psal-

189 3417 323 3458 morum
349 3408 385 3459 et
407 3397 443 3459 id
468 3417 582 3478 genus
605 3399 733 3479 quibus
758 3408 878 3478 sperat
902 3400 1181 3478 promovendum
1213 3396 1380 3459 affectum
1412 3417 1472 3478 po-

188 3503 363 3585 pularium
387 3506 433 3567 ad
457 3505 733 3568 misericordiam
758 3504 825 3567 Dei
851 3504 1131 3585 suscipiendam,
1157 3514 1191 3567 et
1218 3505 1263 3565 ad
1287 3502 1473 3567 iustiorem

189 3611 374 3692 magisque
400 3611 636 3675 Christianam
661 3612 863 3694 opinionem
887 3610 1113 3674 induendam.

278 3716 369 3780 Sunt
392 3719 519 3800 quibus
542 3719 761 3802 provinciale
777 3718 973 3781 Concilium
995 3719 1193 3799 expediens
1216 3716 1410 3800 videretur,
1437 3728 1474 3781 et

188 3827 284 3905 quod
309 3823 488 3888 Sanctitas
513 3835 632 3888 vestra
656 3827 889 3895 demandaret
913 3824 1215 3907 Archiepiscopis,
1241 3835 1279 3887 ut
1309 3825 1473 3889 collectis

188 3931 341 3995 Prelatis
356 3953 498 3995 suarum
514 3933 775 4014 provinciarum
790 3932 826 3995 in
842 3951 1026 3994 commune
1040 3933 1282 3994 consultarent
1295 3933 1340 3993 de
1354 3933 1474 3995 causis

189 4049 224 4102 et
245 4040 412 4102 remediis
434 4039 523 4102 tanti
537 4040 629 4105 mali
652 4061 729 4102 cum
753 4039 1001 4102 testificatione
1025 4039 1119 4120 quod
1140 4035 1328 4101 Sanctitati
1350 4049 1474 4103 vestre

188 4146 272 4209 nihil
305 4147 440 4228 gratius
472 4147 659 4230 obtingere
690 4148 803 4229 possit
834 4167 939 4228 quam
970 4166 1057 4208 vera
1086 4166 1159 4227 pax
1189 4144 1474 4211 Christianorum

188 4256 354 4336 quodque
377 4257 423 4317 ad
448 4276 525 4318 eam
549 4255 836 4337 reintegrandam
861 4274 926 4335 pro
948 4263 1099 4335 paterna
1122 4252 1256 4334 pietate
1280 4273 1321 4315 ac
1339 4251 1474 4317 affectu

188 4381 254 4442 pro
279 4361 413 4425 viribus
437 4371 609 4425 conatura
633 4370 736 4425 esset.
776 4361 911 4423 Verum
935 4381 978 4423 ea
994 4381 1051 4422 res
1075 4359 1303 4441 provincialis
1320 4357 1475 4424 Concilii

188 4468 339 4530 coeundi
355 4467 484 4531 dietam
500 4466 707 4532 Sanctitatis
731 4478 850 4531 vestre
875 4477 1072 4530 creaturam
1098 4466 1285 4530 sollicitam
1309 4474 1420 4530 tenet.

277 4574 401 4656 Neque
426 4586 558 4639 temere
584 4596 705 4639 eorum
729 4576 788 4657 qui
812 4576 861 4638 ita
886 4574 1042 4638 sentiunt
1065 4576 1299 4657 amplectetur
1329 4583 1472 4638 senten·

189 4680 271 4744 tiam
296 4682 362 4744 nisi
387 4691 561 4764 quatenus
591 4683 627 4745 id
652 4681 833 4746 Sanctitas
865 4690 985 4744 vestra
1009 4691 1148 4765 gratum
1174 4701 1253 4744 esse
1276 4699 1319 4743 ac
1342 4682 1390 4743 ab
1415 4701 1471 4744 ea-

189 4790 269 4863 dem
294 4788 439 4879 probari
464 4789 685 4871 cognoverit.
