3330 5580
715 470 961 530 &milti-0

187 627 257 681 aut
293 617 415 682 verbis
447 617 581 682 referre
612 641 815 703 possumus,
850 619 1021 682 maximas
1050 619 1212 700 quidem,
1246 629 1281 682 et
1305 632 1479 702 perpetuo

189 727 310 789 acturi
342 747 478 798 sumus;
509 727 544 789 id
578 748 686 809 supra
723 727 841 789 omnia
875 727 1121 803 desiderantes
1154 735 1192 788 ut
1221 726 1340 808 aliqua
1372 749 1409 790 se
1442 749 1480 790 se

191 833 301 896 nobis
326 832 454 896 offerat
478 834 628 915 occasio,
653 844 691 896 ut
706 835 790 916 quid
808 836 853 898 de
870 845 931 897 tua
949 835 1120 916 singulari
1137 843 1263 897 natura
1288 836 1481 898 sentiamus

194 953 417 1023 quantumve
435 951 496 1002 tua
512 962 618 1003 causa
642 941 836 1023 cupiamus,
852 942 1027 1023 possimus
1043 942 1107 1004 tibi
1125 943 1344 1004 memorabili
1362 943 1480 1023 aliquo

193 1048 295 1111 facto
321 1048 522 1118 declarare;
548 1050 643 1129 quod
667 1059 784 1111 tamen
810 1050 888 1112 Deo
913 1050 1057 1132 auspice
1081 1049 1236 1111 futurum
1261 1049 1479 1111 confidimus.

195 1156 272 1216 Sed
308 1168 343 1216 et
376 1155 421 1215 de
453 1153 507 1215 his
540 1155 703 1217 omnibus
737 1165 772 1216 et
803 1176 909 1237 quum
943 1166 1106 1236 optemus
1130 1156 1352 1218 Maiestatem
1384 1166 1479 1218 tuam

196 1282 292 1343 quae
317 1265 410 1323 bene
435 1271 539 1342 cepta
564 1271 645 1324 sunt
669 1264 716 1324 ad
739 1265 929 1326 salutarem
952 1262 1058 1325 finem
1083 1264 1271 1340 deducere,
1296 1263 1481 1326 scribimus

195 1369 332 1431 nuntiis
356 1368 487 1430 nostris
510 1378 548 1429 ut
572 1389 651 1432 curn
674 1370 863 1432 Maiestate
888 1380 948 1432 tua
972 1381 1095 1432 nostro
1120 1370 1259 1432 nomine
1292 1370 1479 1432 communi·

195 1488 290 1552 cent,
331 1475 461 1556 quibus
493 1475 553 1537 illa
593 1475 698 1539 fidem
736 1480 870 1540 habere
909 1477 1124 1559 dignabitur.
1173 1479 1253 1539 Dat.
1301 1478 1479 1540 Malianae

198 1581 256 1644 die
281 1582 333 1643 IV
359 1581 445 1643 Maii
475 1603 552 1659 ¹52¹
581 1603 675 1645 armo
701 1605 806 1647 nono.

286 1690 325 1768 (Ι)
351 1686 495 1751 Gratias
530 1689 594 1751 tibi
630 1710 719 1771 quas
752 1712 939 1774 possumus
972 1693 1162 1770 habemus,
1198 1692 1480 1773 Redemptorem

199 1807 355 1858 nostrum
379 1795 560 1858 humiliter
583 1798 818 1878 deprecantes
849 1798 913 1861 tibi
938 1801 1112 1861 concedat
1136 1819 1309 1880 prospera
1342 1809 1479 1879 cuncta,

201 1903 346 1984 impleat
378 1913 503 1965 sancta
542 1904 737 1984 desideria,
772 1884 974 1987 tribuatque
1003 1906 1183 1968 Maiestati
1217 1914 1299 1967 tuae
1332 1905 1479 1967 similem

202 2031 340 2092 semper
364 2011 519 2073 animum
544 2021 579 2071 et
603 2031 725 2092 parem
750 2012 926 2076 virtutem.

813 2476 866 2539 85.

302 2590 498 2691 Exemplar
526 2591 651 2671 Brevis
678 2592 755 2670 iem
783 2591 887 2671 missi
916 2591 961 2670 etl
990 2590 1080 2672 offic.
1110 2591 1370 2674 Treverensem.

651 2729 793 2797 (limitat.
813 2730 902 2788 Germ.
922 2730 952 2787 1..
973 2730 1025 2801 59.)

610 2848 688 2915 (Cum
708 2849 802 2897 litteris
832 2862 870 2913 14.
892 2851 957 2898 Maii
981 2851 1067 2914 1521.)

287 2973 355 3037 Dil.
371 2973 449 3037 Fili.
496 2973 552 3036 Ex
576 2973 704 3037 litteris
728 2984 929 3037 nostrorum
954 2985 989 3037 et
1013 2984 1202 3056 praeterea
1217 2978 1404 3039 multorum
1421 2977 1478 3038 ist·

196 3077 278 3142 hinc
303 3081 441 3145 nunciis
465 3082 698 3162 cognovimus
723 3102 793 3163 qua
819 3093 879 3144 tua
904 3082 1047 3144 devotio
1065 3082 1207 3161 virtute,
1232 3103 1302 3164 qua
1318 3095 1478 3146 constan-

192 3186 257 3267 tia,
279 3185 435 3269 Spiritus
460 3197 557 3251 certe
575 3189 689 3251 sancti
714 3189 838 3251 afflata
855 3191 991 3269 ardore,
1013 3189 1155 3270 impiam
1172 3189 1315 3252 Martini
1333 3191 1479 3253 Lutheri

193 3303 236 3354 et
264 3306 417 3357 mentem
454 3304 490 3357 et
524 3295 735 3358 sententiam
775 3295 1013 3358 confutaverit
1048 3296 1234 3377 ipsumque
1269 3307 1306 3359 et
1339 3309 1478 3378 patrum

194 3400 439 3482 maiorumque
464 3410 663 3465 nostrorum
695 3414 730 3465 et
754 3402 1034 3465 sanctisimorum
1066 3404 1373 3467 oecumenicorum
1398 3426 1477 3467 con-

195 3507 357 3572 ciliorum
382 3509 547 3590 decretiS,
568 3510 820 3589 sanctionibus,
846 3509 1015 3572 institutis
1030 3510 1253 3591 impudenter
1278 3530 1319 3572 ac
1343 3520 1478 3573 temere

194 3615 432 3698 derogantem
456 3617 550 3699 aptis
582 3627 617 3680 et
648 3616 825 3698 expeditis
858 3617 1198 3697 interrogationibus
1231 3619 1280 3679 ita
1311 3617 1478 3680 irretierit

195 3733 237 3786 ut
252 3724 318 3787 iam
335 3726 500 3788 omnibus
516 3745 693 3807 apparere
708 3723 855 3805 incipiat
870 3724 1068 3805 manifesto,
1084 3745 1162 3787 cum
1177 3725 1349 3787 innovare
1363 3725 1479 3788 omnia

195 3832 369 3895 voluisset
392 3853 464 3895 non
488 3842 526 3893 ut
551 3832 747 3912 corrigeret
771 3833 833 3893 sed
859 3840 896 3892 ut
925 3835 1152 3912 perturbaret
1175 3834 1345 3914 populum
1370 3831 1477 3894 Sanc·

196 3947 268 4002 tum
292 3940 362 4003 Dei
387 3950 424 4002 et
447 3950 615 4021 tanquam
639 3937 797 4000 minister
821 3935 1003 4000 Sathanae
1036 3950 1170 4000 rectum
1205 3941 1335 4018 dogma
1361 3941 1477 4002 catho-

197 4045 286 4110 licae
326 4047 576 4109 observantiae
616 4046 660 4107 ad
701 4044 888 4126 pernitiem
927 4044 1119 4108 animarum
1160 4056 1195 4108 et
1235 4067 1333 4108 suam
1376 4047 1478 4108 nimis

200 4154 332 4234 gloriae
357 4154 588 4234 cupiditatem
612 4161 853 4233 perverteret;
879 4172 970 4233 quae
994 4173 1052 4213 res
1076 4162 1200 4233 utpote
1226 4163 1324 4214 tanta
1348 4153 1477 4215 virtute

200 4269 235 4322 et
255 4261 390 4342 pietate
414 4271 517 4341 gesta
541 4269 709 4341 quantum
734 4260 860 4320 horum
876 4267 1073 4339 temporum
1100 4260 1259 4339 gravitas
1276 4270 1311 4322 et
1328 4281 1477 4322 comune

203 4369 416 4450 reipublicae
451 4368 645 4449 periculum
683 4368 903 4448 postulabat,
939 4367 1005 4428 etsi
1048 4368 1160 4428 Deum
1198 4366 1477 4447 omnipotentem

204 4484 236 4537 et
270 4478 493 4540 laudatorem
530 4475 631 4537 simul
667 4485 701 4536 et
734 4484 1034 4537 remuneratorem
1069 4472 1233 4535 habitura
1265 4485 1336 4554 est,
1374 4474 1477 4535 nobis

206 4592 313 4647 tamen
339 4585 389 4646 ita
413 4594 517 4665 grata
540 4582 681 4665 accidit,
705 4591 806 4643 tanta
829 4600 907 4642 eam
932 4602 1010 4642 cum
1036 4580 1171 4641 laetitia
1195 4581 1415 4650 audivimus,
1439 4592 1477 4643 ut

233 4813 253 4883 ¹)
270 4817 344 4880 Quae
363 4822 508 4879 sequuntur
526 4821 586 4862 sunt
605 4813 684 4861 verba
703 4813 801 4877 scripta
820 4829 898 4861 manu
918 4813 1026 4876 propria
1046 4812 1143 4860 Leonis
1162 4814 1198 4860 X.
