3344 5564
725 489 782 552 aa,
821 482 970 552 iisd*

209 629 419 704 executione
444 637 489 705 de
514 642 621 725 quelli
637 643 906 706 venenosissimi
931 653 966 705 et
985 639 1262 724 pestilentissimi
1286 636 1379 705 libri.
1417 635 1484 703 Dio

209 748 335 828 guardi
366 749 390 812 li
421 750 521 833 corpi
546 751 655 814 nostri
689 752 734 814 da
757 772 862 814 mano
887 753 931 812 de
955 749 1085 813 inimici
1119 751 1184 811 che
1208 770 1246 811 se
1271 747 1485 811 sforzaremo

209 875 278 917 non
304 856 358 918 far
382 859 473 938 male
498 860 615 938 quello
652 860 717 920 che
742 870 850 937 resta,
888 858 948 939 poi
972 858 1037 920 che
1061 877 1128 920 con
1152 857 1273 918 adiuto
1304 856 1349 917 de
1374 854 1485 918 Dine

208 960 298 1024 fatto
330 961 358 1025 si
382 966 475 1026 bene
500 966 618 1047 quello
650 967 716 1028 che
740 966 855 1028 havea
883 964 918 1027 in
943 985 981 1026 se
1006 984 1140 1026 summa
1164 961 1346 1025 difficulta.
1394 959 1485 1024 Scri·

208 1069 294 1131 vero
319 1071 377 1132 del
402 1082 497 1135 resto
522 1072 567 1134 de
584 1092 678 1135 novo
703 1093 767 1155 per
786 1072 810 1134 11
831 1072 945 1154 primo
969 1091 1070 1152 oper
1087 1080 1222 1152 quest0‚
1248 1090 1285 1131 se
1302 1070 1336 1131 el
1353 1068 1487 1131 corrier

207 1197 277 1238 non
301 1189 404 1258 parte
428 1188 554 1259 questa
578 1188 686 1241 notte.
735 1179 775 1240 Li
792 1178 943 1261 principi
967 1179 1130 1241 haveano
1155 1175 1354 1239 deliberato
1375 1174 1489 1257 partir

207 1283 342 1346 Lunedi
376 1284 537 1368 proximo
546 1334 555 1366 ,
591 1295 707 1349 tamen
733 1285 864 1349 Caesar
897 1285 921 1347 11
946 1287 992 1348 ha
1022 1284 1163 1366 pregati
1187 1282 1319 1347 restino
1353 1301 1486 1344 ancora

206 1400 347 1471 quattro
372 1392 489 1473 giorni
513 1413 577 1474 per
604 1413 796 1475 componet
825 1395 951 1456 alcune
975 1400 1110 1455 cosette
1135 1392 1200 1453 che
1224 1399 1368 1452 restano
1393 1388 1486 1451 intra

205 1498 292 1563 loro.
340 1498 545 1580 L’Imperio
577 1501 706 1562 manda
729 1499 750 1562 1’
763 1498 895 1562 official
926 1501 970 1561 de
1000 1497 1138 1561 Treviri
1169 1496 1315 1559 insieme
1348 1497 1393 1557 ad
1425 1494 1482 1557 doi

205 1604 382 1667 consilieri
418 1608 451 1668 al
481 1606 539 1668 Re
575 1606 865 1670 christianissimo
901 1628 921 1668 a
957 1616 1104 1669 trattare
1140 1614 1176 1667 et
1210 1603 1416 1667 confortare
1450 1603 1481 1663 la

204 1732 293 1793 pace
332 1722 387 1774 tra
418 1713 532 1794 questi
572 1713 630 1776 doi
662 1713 897 1795 potentissimi
930 1712 1080 1795 principi
1112 1711 1221 1774 Cesar
1259 1720 1296 1772 et
1328 1710 1388 1773 lui.
1436 1708 1480 1770 Se

203 1827 328 1899 questo
368 1840 437 1881 non
479 1840 516 1883 se
552 1820 645 1900 fara,
688 1822 709 1883 1’
724 1820 877 1902 Imperio
920 1824 966 1882 ha
1003 1818 1238 1882 determinato
1276 1837 1348 1879 non
1385 1818 1480 1878 voler

202 1927 314 1987 lassat
346 1924 423 1988 fare
455 1927 664 2008 despiacere
696 1929 730 1989 al
755 1948 818 1990 suo
843 1928 1074 2009 imperatore,
1111 1946 1181 1988 non
1213 1926 1326 1987 solum
1360 1933 1479 1986 contra

202 2032 309 2094 alium
334 2053 533 2113 quenquam
558 2054 614 2096 ma
638 2055 770 2096 ancora
794 2044 918 2096 contro
942 2034 966 2096 11
983 2032 1128 2098 Svizari.
1176 2032 1214 2094 Io
1238 2031 1299 2113 piu
1316 2032 1414 2093 volte
1435 2032 1478 2093 ho

202 2139 322 2201 scritto
339 2139 469 2201 Cesare
494 2160 591 2201 esser
606 2140 748 2222 miglior
764 2143 870 2203 homo
895 2143 959 2203 che
984 2140 1066 2202 viva
1091 2137 1259 2225 (excepto
1277 2136 1478 2214 Pontifice);

201 2248 328 2308 adesso
362 2245 552 2309 habbiamo
586 2248 816 2311 connosciuto
850 2258 886 2310 et
908 2249 1054 2329 palpato
1088 2267 1153 2328 per
1177 2245 1275 2308 molti
1306 2244 1410 2326 segni
1443 2243 1477 2325 (li

200 2352 296 2433 quali
326 2373 432 2434 spero
465 2354 614 2417 narrarli
647 2356 780 2436 coram)
818 2357 882 2417 che
919 2375 957 2416 se
982 2375 1051 2417 non
1077 2355 1095 2416 e
1128 2356 1160 2416 el
1196 2353 1254 2434 piu
1280 2352 1399 2431 savio,
1435 2353 1478 2412 ha

200 2459 326 2542 pocchi
351 2461 409 2541 piu
436 2462 602 2542 prudenti
628 2473 662 2524 et
686 2463 818 2526 accorti
843 2464 908 2525 che
933 2462 981 2525 lui
1006 2463 1040 2524 in
1066 2471 1192 2543 questa
1213 2458 1304 2522 cossi
1320 2457 1476 2541 giovanil

199 2566 267 2645 eti,
292 2568 358 2629 che
375 2567 443 2629 Dio
469 2570 502 2630 el
526 2569 733 2650 mantenghi
757 2591 777 2631 a
802 2571 835 2631 la
860 2568 1060 2650 prosperita
1086 2570 1129 2630 de
1154 2570 1188 2630 la
1206 2565 1476 2630 catholicafede

198 2673 345 2735 insieme
378 2694 444 2737 con
470 2677 503 2737 61
528 2674 593 2738 8¹⁰⁰
627 2687 662 2739 et
687 2677 730 2740 V.
756 2675 791 2742 S.
817 2677 939 2739 Rev¹¹¹⁸
971 2697 1119 2758 quorum
1148 2675 1259 2756 pedes
1294 2683 1330 2736 et
1354 2693 1475 2735 manus

165 2754 169 2763 .
199 2782 395 2843 deosculor.
442 2780 664 2846 Wormatiae
690 2783 804 2846 XXV
828 2782 914 2845 Maii
940 2782 1122 2845 MDXXI.

732 2979 937 2991 xww.mr1s,>srvw.
955 2974 956 2977 ’

809 3227 862 3291 et.

528 3350 737 3431 Alcander
769 3351 1140 3432 vicecancellario.

592 3488 763 3558 (Nuntiat
783 3490 986 3548 (1611161111.
1006 3490 1083 3562 156.)

710 3596 763 3668 (26.
783 3602 849 3650 Maii
871 3599 958 3669 1521.)

284 3735 322 3797 Io
356 3736 461 3797 volea
491 3734 592 3815 quasi
617 3733 807 3797 cominciar
832 3756 852 3796 a
878 3747 1000 3798 cantat
1024 3736 1048 3798 11
1073 3736 1167 3798 versi
1192 3735 1228 3798 di
1253 3734 1384 3798 Ovidio
1409 3737 1475 3797 che

195 3842 343 3923 imparai
370 3845 416 3904 da
440 3851 551 3923 putto,
599 3841 715 3904 Dicite
739 3840 773 3904 io
798 3863 912 3923 paean
947 3853 982 3905 et
1005 3843 1039 3906 io
1063 3845 1118 3906 bis
1134 3843 1240 3906 dicite
1256 3863 1391 3924 poean;
1417 3844 1476 3906 de·

194 3949 280 4012 cidit
312 3949 345 4011 in
382 3970 500 4012 casses
531 3949 667 4031 praeda
698 3949 810 4030 petita
843 3971 958 4022 meos;
993 3972 1048 4012 ma
1083 3950 1375 4031 recordandomi,
1408 3952 1479 4015 che

193 4057 215 4118 1²
240 4077 352 4137 opera
384 4056 503 4118 chesi
531 4064 640 4119 tratta
670 4055 883 4136 ereligiosa
919 4067 953 4119 et
978 4058 1037 4139 pia
1060 4060 1222 4139 besogna
1251 4078 1409 4121 evacuat
1432 4077 1480 4121 ea

194 4183 285 4244 quae
309 4172 390 4225 sunt
414 4163 563 4244 parvuli,
589 4173 623 4224 et
649 4162 702 4225 dir
727 4184 804 4225 cum
828 4165 863 4225 la
887 4163 1056 4225 celebrita
1072 4164 1106 4226 di
1122 4146 1248 4246 hoggi:
1273 4164 1478 4227 Benedicta

194 4269 238 4332 sit
263 4279 385 4332 sancta
410 4269 574 4345 Trinitas,
599 4281 705 4351 atque
730 4269 882 4332 indivisa
897 4270 1023 4350 unitas,
1049 4270 1296 4334 confitebimur
1320 4270 1365 4351 ei,
1390 4272 1478 4354 quia

192 4375 278 4438 fecit
302 4375 486 4438 nobiscum
511 4375 787 4438 misericordiam
813 4397 919 4439 suam.
969 4377 1054 4439 Heri
1071 4397 1118 4458 po
1135 4378 1252 4460 megio
1268 4379 1303 4440 di
1320 4380 1367 4441 ad
1384 4380 1472 4442 hore

194 4492 247 4545 tre
272 4503 334 4545 era
358 4484 442 4544 dato
469 4483 613 4563 ordene,
639 4484 703 4544 che
728 4505 765 4545 se
782 4484 1013 4546 concludesse
1031 4487 1065 4547 la
1080 4485 1185 4563 dieta,
1210 4478 1322 4568 perhd
1340 4491 1472 4550 abona

192 4591 281 4651 hora
316 4591 348 4651 el
374 4586 506 4669 Signor
532 4589 805 4651 Prothonotario
842 4600 877 4652 et
912 4590 946 4652 io
971 4611 1015 4653 ne
1040 4601 1239 4655 attrovamo
1263 4614 1284 4655 a
1308 4592 1467 4672 Palazzo,

193 4706 228 4758 et
251 4695 438 4757 facessimo
462 4695 628 4758 instantia
653 4717 731 4757 cum
756 4696 882 4775 Cesar,
914 4699 979 4759 che
1010 4699 1167 4761 horamai
1200 4710 1368 4764 mettesse
1399 4701 1467 4765 fine

193 4803 262 4864 aila
287 4823 370 4864 cosa
394 4813 528 4881 nostra,
560 4804 690 4883 perche
724 4802 845 4883 partiti
878 4806 980 4868 dela
1006 4806 1101 4870 dieta
1126 4811 1278 4871 sarebbe
1302 4809 1338 4871 la
1362 4829 1464 4890 expe·
