3330 5580
793 462 1040 519 0-4ἳὸἳῖοπ

277 604 444 667 tholicum
469 626 555 667 vero
580 606 646 667 Dei
672 609 803 671 cultum
830 608 913 671 nihil
939 631 1009 672 non
1034 611 1250 675 immutando
1274 615 1331 675 vel
1362 613 1473 677 etiam
1504 618 1565 678 ab·

275 712 437 792 rogando
469 713 612 775 audere.
669 714 913 778 Exturbantur
945 738 986 778 ac
1016 718 1222 781 desolantur
1246 721 1479 802 monasteria,
1506 724 1565 786 de·

275 818 465 880 moliuntur
490 819 666 902 sacrilega
689 842 794 883 manu
819 843 941 886 sacrae
966 827 1090 905 aedes,
1121 845 1248 889 census
1277 826 1306 889 si
1330 829 1392 910 qui
1417 838 1505 892 sunt
1530 840 1566 893 et

275 928 382 987 annui
407 926 566 989 redditus
591 938 697 1009 atque
729 929 807 1010 ipsa
840 930 993 1012 denique
1018 942 1220 996 sanctorum
1244 954 1286 996 ac
1312 933 1445 999 Christi
1474 957 1564 1018 pau·

277 1052 401 1113 perum
433 1035 630 1096 substantia
661 1057 682 1097 a
710 1038 856 1117 prelatis
877 1037 1045 1119 'ipsisque
1076 1040 1317 1115 ecclesiarum,
1339 1044 1564 1125 praepositis

275 1139 446 1201 violentia
477 1139 682 1223 Principum
708 1146 752 1205 ad
778 1143 897 1207 nescio
923 1165 1026 1225 quem
1051 1166 1151 1209 usum
1174 1147 1385 1231 preripitur‚
1419 1150 1566 1214 exulari

275 1256 451 1328 coguntur
476 1258 621 1311 sanctae
646 1250 878 1330 professionis
902 1252 1093 1333 promiscui
1118 1275 1224 1316 sexus
1246 1255 1422 1337 homineS,
1451 1261 1563 1321 abne·

276 1373 363 1435 gare
388 1355 671 1418 commendatum
704 1358 770 1419 sibi
805 1368 994 1440 tantopere
1025 1362 1082 1422 vel
1106 1361 1224 1442 prisca
1247 1361 1326 1444 ipsa
1351 1374 1562 1428 sanctorum

276 1463 420 1524 Patrum
431 1461 628 1527 humilitate
639 1465 869 1528 monasticum
878 1465 1047 1545 habitum,
1058 1468 1216 1531 maritari
1228 1490 1359 1533 uxores
1368 1471 1563 1552 ducuntur,

276 1589 318 1630 ac
343 1568 429 1631 nihil
455 1589 524 1631 non
551 1569 705 1633 civilium
729 1592 770 1633 ac
795 1573 1006 1635 secularium
1030 1572 1196 1637 fluctuum
1221 1575 1339 1638 subire
1369 1580 1430 1641 vel
1455 1578 1564 1642 inviti

275 1677 309 1738 in
336 1697 469 1739 summa
493 1697 579 1739 vero
605 1679 699 1741 circa
724 1680 909 1762 Priucipes
933 1702 974 1743 ac
1005 1682 1231 1763 magistratus
1255 1682 1352 1765 ipsos
1376 1686 1500 1749 omnia
1526 1688 1562 1749 in

275 1783 389 1845 isthac
404 1783 548 1865 pietatis
571 1805 688 1865 causa,
704 1808 766 1849 seu
782 1807 847 1868 per
862 1787 1086 1870 tyrannidem
1101 1809 1233 1852 meram
1258 1790 1334 1854 sive
1357 1795 1559 1858 secundum

276 1891 478 1952 teterrimae
505 1894 676 1960 avaritiae
693 1893 804 1976 pestis
820 1894 996 1957 dictamen
1012 1897 1130 1977 palam
1154 1896 1292 1959 actitari
1316 1899 1443 1960 solent.
1482 1900 1560 1964 Iam

275 2019 361 2062 vero
387 2003 449 2065 tali
472 2005 554 2068 huic
578 2023 620 2066 ac
645 2011 743 2065 tanto
768 2005 860 2064 malo
885 2022 989 2065 nemo
1012 2002 1090 2066 fere
1114 2013 1177 2082 est,
1202 2002 1261 2084 qui
1278 2005 1336 2066 vel
1357 2007 1560 2089 medeatur,

275 2109 333 2170 vel
357 2130 427 2190 quo
443 2115 568 2176 saltem
584 2119 691 2194 pacto
715 2109 937 2191 aliquatenus
953 2110 1163 2172 medendum
1188 2111 1243 2191 sit,
1268 2122 1428 2192 querant.
1467 2113 1559 2177 Cum

276 2217 494 2283 eruditorum
518 2222 613 2282 bona
638 2238 722 2300 pars
746 2217 974 2300 improbitate
999 2216 1159 2280 nimirum
1184 2217 1278 2280 vitae
1303 2232 1388 2281 suae
1414 2219 1563 2284 deflexa

275 2323 310 2386 in
338 2345 441 2389 omne
466 2326 502 2389 id
527 2347 641 2409 genus
665 2323 830 2406 stupendi
855 2334 962 2405 atque
987 2323 1181 2386 execrandi
1204 2324 1323 2405 potius
1348 2325 1431 2387 novi
1457 2327 1562 2391 Chri·

275 2431 445 2495 stianismi
474 2431 706 2514 conspirarit,
738 2430 788 2493 ita
818 2439 857 2492 ut
887 2428 1024 2511 perrari
1056 2432 1162 2512 plane
1196 2430 1283 2510 sint,
1320 2430 1379 2511 qui
1419 2432 1562 2513 pietate

277 2539 447 2620 magistra
472 2541 505 2603 in
531 2537 805 2623 periclitantium
825 2547 878 2599 tot
894 2537 1087 2599 animarum
1104 2538 1254 2599 salutem
1271 2537 1366 2599 dicto
1382 2540 1442 2600 vel
1458 2539 1562 2604 facto

277 2668 295 2708 e
320 2648 500 2711 contrario
525 2646 707 2730 quippiam
732 2645 908 2708 excudere
932 2646 989 2706 vel
1013 2643 1162 2726 possint,
1186 2646 1244 2707 vel
1259 2645 1426 2711 audeant.
1464 2647 1562 2711 Nam

276 2754 417 2835 scriptis
441 2755 676 2837 nequicquam
701 2753 735 2815 in
761 2772 804 2814 eo
824 2751 907 2814 mali
929 2751 1132 2814 consulitur.
1181 2751 1297 2815 Recte
1322 2751 1415 2814 enim
1440 2752 1563 2818 indies

210 2886 215 2893 ·
278 2862 390 2943 magis
415 2883 456 2924 ac
480 2861 595 2943 magis
618 2860 764 2923 invento
789 2880 853 2921 suo
878 2857 1026 2939 disperit
1049 2857 1177 2922 infelix
1198 2878 1371 2940 germana
1395 2861 1561 2943 solertia,

276 2979 376 3031 tanta
399 2968 613 3052 inprimendi
638 2976 714 3029 arte
746 2965 1051 3047 spurcissimorum
1084 2965 1176 3027 illius
1208 2965 1319 3046 partis
1352 2966 1562 3033 libellorum

276 3076 505 3138 tumultuaria
540 3078 668 3138 obruta
700 3073 934 3136 multitudine.
997 3073 1056 3135 Ad
1090 3081 1285 3135 extremum
1317 3094 1404 3137 vero
1441 3075 1477 3138 in
1517 3098 1562 3141 eo

278 3204 406 3246 causae
431 3186 487 3246 vel
514 3184 591 3265 ipsa
615 3203 755 3264 quoque
780 3180 969 3263 pastoralis
985 3180 1243 3262 Episcoporum
1263 3181 1388 3263 virgae
1405 3202 1563 3248 censura

279 3302 313 3351 et
337 3289 440 3352 nimis
465 3291 624 3372 segniter
656 3309 764 3371 agere
794 3299 828 3351 et
861 3308 984 3370 parurn
1016 3287 1176 3351 officiose
1199 3287 1349 3351 videtur.
1399 3289 1562 3355 Proinde

283 3396 316 3457 in
343 3398 518 3460 communi
543 3397 656 3460 isthoc
682 3416 851 3478 coporum
882 3415 995 3476 aeque
1026 3405 1133 3476 atque
1164 3395 1358 3458 animarum
1392 3407 1562 3462 extremo

278 3523 364 3566 sane
389 3504 578 3586 dispendio
604 3506 648 3566 de
665 3502 901 3565 Beatitudinis
917 3511 1070 3583 vestrae,
1094 3502 1158 3565 sed
1176 3512 1212 3565 et
1228 3500 1442 3566 Sanctorum
1458 3504 1564 3569 Petri

280 3631 321 3672 ac
346 3611 450 3673 Pauli
474 3612 588 3693 magis
612 3611 823 3674 auctoritate
847 3608 1010 3690 confisus,
1035 3630 1106 3672 non
1126 3609 1340 3691 pigritabor,
1366 3611 1563 3678 dummodo

279 3716 459 3781 Sanctitas
483 3719 614 3781 Vestra
639 3718 772 3797 iubeat,
797 3737 867 3799 ego
898 3717 982 3780 licet
1015 3726 1185 3779 uxoratus
1209 3713 1310 3778 Sacri
1345 3717 1564 3783 diaconatus

277 3824 431 3888 officium
446 3826 576 3906 subire,
588 3846 653 3888 nec
667 3824 805 3906 pigebit
815 3823 999 3905 professae
1015 3823 1050 3885 in
1065 3822 1242 3887 Christum
1255 3823 1562 3906 catholicaefidei,

277 3931 487 4013 iamiamque
498 3932 743 3995 intercidentis
751 3931 1008 4014 propemodum
1017 3930 1202 4012 religionis
1212 3950 1331 3993 amore
1345 3952 1424 3994 cum
1434 3935 1561 4016 vulpe·

276 4038 363 4100 culis
388 4039 456 4101 illis
480 4039 620 4102 vineam
645 4039 856 4101 dominicam
880 4046 1068 4118 tantopere
1093 4036 1366 4100 demolientibus
1381 4038 1418 4100 in
1435 4059 1562 4104 earum

277 4148 468 4227 capheram
493 4167 616 4208 manus
641 4165 851 4215 conserere;
877 4164 941 4206 nec
966 4145 1105 4206 demum
1130 4153 1299 4224 quantum
1322 4142 1400 4225 ipse
1417 4146 1562 4209 dederit

279 4253 450 4315 Dominus
475 4254 589 4315 sancti
619 4273 660 4316 ac
693 4253 803 4315 divini
834 4252 936 4314 verbi
966 4250 1019 4313 sui
1051 4252 1129 4332 (nec
1162 4250 1266 4313 aliter
1295 4260 1414 4314 tamen
1450 4273 1560 4334 quam

277 4360 469 4423 secundum
493 4362 663 4423 hactenus
686 4369 787 4422 tanto
811 4379 901 4422 aevo
929 4359 1163 4440 approbatam
1188 4358 1468 4439 theophororum
1491 4360 1560 4424 Pa-

277 4478 367 4529 trum
393 4468 601 4529 catholicam
628 4467 721 4529 illam
747 4477 854 4548 atque
882 4465 1167 4547 irrefragabilem
1195 4464 1376 4528 Ecclesiae
1407 4466 1560 4529 auctori-

276 4575 396 4651 tatem)
420 4595 485 4655 per
509 4595 564 4636 me
588 4573 714 4636 fiendis
739 4572 1063 4656 praedicationibus
1079 4581 1114 4634 et
1129 4592 1174 4633 ex
1190 4573 1343 4634 adverso
1359 4573 1560 4636 ascendere

277 4693 312 4742 et
336 4701 401 4761 pro
425 4681 503 4762 ipso
528 4691 651 4743 sancto
676 4679 819 4742 Domini
843 4679 977 4741 Israhel
1003 4698 1138 4741 murum
1162 4698 1362 4760 opponere,
1393 4678 1557 4762 diffugio,
1641 4716 1645 4725 ·

276 4789 396 4869 Atque
421 4788 469 4849 ita
494 4789 623 4850 demun
649 4809 726 4849 cum
757 4807 871 4849 meum
895 4785 1103 4868 obsequium
1128 4794 1200 4847 tum
1224 4788 1418 4848 communis
1442 4786 1558 4869 magis
