3330 5580
705 451 952 512 eattae-³

189 605 256 669 cile
281 614 355 687 est,
391 606 487 687 quod
520 625 642 667 omnes
670 603 800 685 passim
826 613 953 683 parent
989 609 1025 664 et
1056 605 1305 684 obsequuntur
1340 605 1387 666 ad
1410 605 1471 667 has

188 713 331 795 rapinas
345 712 626 793 committendas,
642 711 737 773 nulla
754 709 790 771 in
803 707 889 790 ipsis
902 708 937 770 vi
950 707 1060 789 illata,
1074 729 1140 773 nec
1156 709 1347 774 coactione
1363 711 1470 786 facta;

188 840 259 901 quo
288 818 338 898 fit,
362 829 400 881 ut
425 818 627 901 superiores
652 827 688 880 et
711 816 843 879 domini
868 816 1063 879 remedium
1087 826 1251 898 prestare
1281 828 1471 900 nequeant,

189 926 217 989 si
243 926 386 1008 quidem
418 924 550 988 subditi
580 945 644 1006 per
676 943 765 1004 quos
793 922 959 985 resistere
988 922 1138 1004 quisque
1167 923 1338 1005 deberet,
1371 923 1472 1006 primi

188 1043 312 1096 contra
341 1031 503 1095 dominos
532 1030 736 1112 insurgunt,
775 1029 835 1110 qui
865 1029 915 1091 sic
949 1049 970 1091 a
1001 1028 1073 1092 suis
1106 1029 1285 1112 destituti,
1316 1031 1389 1095 alio
1417 1032 1473 1096 mi·

188 1161 294 1223 grare
323 1140 597 1221 compelluntur;
631 1138 698 1199 hoc
734 1135 774 1198 fit
803 1147 842 1198 ut
865 1156 981 1217 neque
1006 1156 1062 1199 me
1086 1136 1171 1200 satis
1194 1146 1310 1200 tutum
1335 1159 1417 1202 esse
1439 1139 1473 1204 in

188 1247 359 1310 Tridento
389 1244 604 1327 putaverim,
637 1244 700 1307 sed
734 1242 840 1306 ilhinc
885 1243 1088 1306 abeundum
1131 1243 1314 1323 duxerim,
1346 1265 1472 1328 meque

188 1355 223 1416 in
248 1356 340 1417 hanc
374 1373 492 1416 arcem
523 1352 646 1434 Rippe
671 1350 885 1432 receperim,
914 1350 975 1413 ubi
1010 1352 1119 1433 paulo
1154 1350 1315 1414 securius
1350 1352 1474 1416 vivere

189 1460 274 1523 mihi
298 1460 423 1523 videor
446 1468 482 1522 et
505 1478 615 1539 agere
638 1477 756 1540 posse.

279 1566 431 1630 Accedit
458 1566 528 1647 his,
555 1564 742 1646 quodiam
767 1584 838 1626 non
863 1563 950 1626 nulli
974 1584 1021 1626 ex
1051 1564 1254 1627 hominibus
1278 1563 1473 1648 Episcopa-

190 1690 246 1737 tus
271 1673 339 1737 mei
369 1673 464 1736 dieto
499 1673 625 1734 horum
654 1670 840 1733 audientes
875 1680 957 1732 sunt
988 1678 1024 1732 et
1057 1669 1117 1733 alii
1151 1671 1197 1732 ad
1233 1671 1474 1736 defectionem

190 1781 433 1846 sollicitantur.
475 1778 514 1842 Si
535 1778 613 1860 quis
628 1778 748 1859 itaque
765 1778 831 1839 hos
855 1796 1067 1859 progressus
1092 1774 1299 1859 diligentius
1315 1778 1405 1842 velit
1428 1778 1475 1843 in·

190 1887 293 1967 tueri,
324 1896 360 1950 et
393 1886 492 1949 initia
515 1886 593 1968 ipsa
617 1884 853 1967 perscrutari,
882 1893 918 1946 et
941 1904 1030 1966 quas
1054 1883 1149 1947 vires
1172 1885 1362 1967 conquirat
1386 1887 1476 1950 haec

193 1994 320 2057 seditio
345 2014 465 2057 secum
488 1992 606 2055 animo
635 1994 801 2072 volvere,
839 1991 943 2054 fateri
976 2011 1122 2054 necesse
1146 2002 1218 2072 est,
1253 2001 1289 2056 et
1323 1994 1477 2057 maxime

193 2101 386 2162 verendum
412 2120 456 2162 ne
486 2100 594 2182 (quod
619 2095 725 2180 absit)
750 2119 861 2181 usque
885 2098 921 2161 in
950 2098 1063 2180 ipsam
1087 2097 1224 2161 Italiam
1244 2112 1478 2182 pervagetur,

193 2218 228 2269 et
252 2209 352 2270 labes
375 2208 441 2269 hec
465 2206 676 2269 universalis
701 2226 780 2269 esse
804 2206 950 2287 feratur,
971 2205 1007 2267 id
1022 2206 1119 2292 quod
1133 2205 1288 2269 futurum
1306 2206 1475 2271 Vestram

193 2312 427 2377 Sanctitatem
463 2314 654 2396 aliquando
688 2312 775 2376 meis
807 2313 988 2393 admonui,
1024 2320 1059 2376 et
1090 2314 1136 2375 ad
1160 2312 1248 2377 alios
1280 2316 1477 2396 plerosque

193 2420 329 2502 scripsi.
377 2421 477 2483 Haec
502 2420 599 2483 volui
623 2419 775 2482 Vestrae
800 2419 1018 2482 Beatitudini
1049 2440 1236 2483 recensere
1265 2431 1303 2482 ut
1338 2421 1367 2484 si
1405 2443 1476 2504 quo

194 2528 299 2590 modo
337 2536 456 2608 potest
491 2529 598 2589 rebus
629 2526 832 2589 labentibus
863 2546 1086 2607 succurrere,
1123 2527 1158 2590 id
1192 2548 1258 2610 pro
1293 2547 1361 2590 sua
1396 2549 1478 2612 pru·

194 2634 315 2697 dentia
339 2632 459 2696 facere
484 2633 661 2717 dignetur,
687 2633 742 2697 cui
766 2655 822 2696 me
845 2633 1038 2697 humillime
1063 2637 1283 2700 commende.

285 2759 340 2820 Ex
365 2758 461 2821 Arce
485 2757 608 2841 Rippe
638 2761 686 2821 18.
710 2758 784 2820 Mai
814 2778 907 2836 1525·

283 2884 343 2946 Me
371 2892 489 2946 autem
514 2882 548 2944 in
574 2871 694 2964 specie
718 2882 943 2964 persequitur
965 2882 1021 2945 hic
1046 2881 1156 2965 furor,
1181 2885 1276 2964 quod
1300 2905 1366 2947 suo
1392 2898 1476 2949 tem·

194 3011 282 3073 pore
306 2990 459 3052 Vestrae
484 2989 703 3052 Beatitudini
727 2988 914 3052 constabit.

284 3096 322 3159 E.
350 3096 501 3159 Vestrae
531 3096 778 3160 Beatitudinis

1017 3206 1097 3252 Hum.
1117 3204 1243 3252 Creatura

959 3291 988 3352 lt.
1007 3290 1101 3364 spise.
1120 3290 1313 3354 tridentinus.

738 3436 841 3448 ΜΝαΛΛΛν
846 3438 862 3448 r.
870 3441 873 3447 .
881 3437 924 3447 »κν-ν.
933 3439 939 3447 ι

800 3631 875 3697 210.

489 3745 648 3825 Glemens
676 3746 754 3824 llll.
782 3746 977 3826 Archiduci
1004 3747 1182 3827 lustriae.

460 3894 586 3968 (Epistol
604 3894 641 3952 ad
659 3895 800 3968 Principes
817 3910 868 3968 per
886 3894 1050 3954 dedolatum
1068 3896 1112 3954 iol
1131 3896 1198 3969 itt)

710 4003 764 4074 (19.
784 4006 849 4055 Maii
872 4003 959 4073 1525.)

284 4129 423 4193 Dilecte
447 4129 524 4194 Fili.
581 4128 668 4192 Cum
703 4129 855 4213 primunr
896 4131 940 4192 ad
973 4151 1037 4193 nos
1067 4130 1135 4193 fuit
1166 4132 1312 4194 allatum
1349 4135 1395 4196 de
1426 4134 1476 4198 eis

194 4236 402 4300 tumultibus
426 4235 485 4317 qui
515 4257 580 4318 per
603 4239 796 4318 populares
832 4250 867 4300 et
896 4237 1046 4301 rusticos
1076 4237 1110 4300 in
1137 4237 1330 4302 Germania
1363 4241 1474 4303 conci-

194 4342 259 4407 tati
284 4341 437 4405 omnium
469 4341 621 4406 fortunis
657 4354 692 4405 et
716 4343 949 4426 dignitatibus
974 4344 1207 4423 minarentur,
1244 4345 1312 4408 etsi
1335 4368 1393 4410 res
1416 4347 1475 4411 illa

194 4450 298 4513 nobis
332 4448 454 4511 auditu
486 4449 553 4512 fuit
586 4449 850 4527 molestissima,
884 4451 943 4533 qui
975 4451 1288 4515 innumerabilibus
1317 4454 1412 4517 curis
1440 4466 1475 4518 et

195 4556 369 4639 angustiis
399 4557 620 4621 circumsessi
645 4559 691 4620 ad
715 4578 838 4620 omnes
862 4558 923 4620 vix
947 4559 1065 4623 animo
1089 4558 1253 4622 sufficere
1277 4580 1474 4642 possumus,

194 4675 312 4726 tamen
330 4684 471 4745 semper
488 4665 707 4745 speravimus
724 4664 945 4727 nobilitatem
970 4676 1065 4728 tuam
1089 4687 1152 4728 sua
1176 4667 1329 4747 quadam
1355 4670 1473 4732 dexte·

193 4769 299 4833 ritate
323 4780 359 4833 et
383 4771 573 4853 prudentia
596 4792 666 4834 non
692 4769 885 4835 difficiliter
908 4771 978 4835 illis
997 4772 1165 4856 periculis
1188 4793 1416 4839 occursuram
1439 4784 1473 4838 et
