3330 5580
708 453 766 514 043
807 449 954 516 1541Ἢ

191 606 249 690 001
274 630 337 690 per
362 607 396 670 la
420 603 505 669 citta
529 626 570 669 ce
593 626 853 688 amazzassero,
876 608 979 688 quoti
997 607 1094 669 Deus
1118 603 1168 669 ita
1191 603 1298 670 facile
1322 612 1481 687 avertat,

191 728 229 778 ut
258 715 463 778 facillimum
494 723 589 776 esset
618 733 683 795 per
707 712 731 776 11
763 713 822 776 (101
846 714 948 775 1)003
973 711 1135 791 Saxone,
1167 723 1203 776 et
1233 714 1315 777 altri
1343 713 1480 776 inimici

191 834 226 885 et
250 821 445 885 adversarii
470 822 536 883 che
561 841 649 882 sono
674 820 709 882 in
734 831 858 900 questa
882 820 989 883 dieta.

281 929 390 992 Cesar
415 939 451 990 et
475 928 499 989 li
523 928 599 990 suoi
625 948 714 989 sono
737 927 861 989 restati
887 928 996 990 molto
1018 927 1158 989 attoniti
1183 927 1218 989 di
1235 938 1361 1010 questa
1378 947 1478 1005 cosa,

191 1037 218 1100 si
251 1058 315 1120 per
339 1039 373 1099 la
397 1034 573 1116 indignita
606 1043 642 1097 et
666 1034 840 1096 enormita
865 1034 899 1095 di
924 1055 1022 1114 essa,
1056 1055 1157 1098 come
1182 1056 1247 1117 per
1271 1056 1342 1098 non
1366 1055 1478 1118 saper

191 1165 291 1207 come
315 1143 493 1205 remediar
514 1142 645 1223 perche
660 1142 812 1204 essendo
837 1142 861 1204 11
876 1143 987 1213 dever
1003 1142 1198 1206 andassero
1215 1152 1351 1206 armata
1367 1163 1477 1206 manu

191 1273 211 1312 a
235 1250 365 1332 pigliar
390 1259 516 1330 questo
540 1248 697 1327 ribaldo,
734 1268 803 1310 non
828 1250 948 1311 hanno
973 1249 1016 1310 ne
1041 1260 1150 1329 gente
1181 1249 1224 1312 ne
1248 1249 1273 1310 il
1297 1249 1405 1312 modo
1431 1248 1475 1312 ηὲ

191 1360 222 1419 el
247 1368 384 1438 tempo:
416 1358 503 1437 pero
534 1354 650 1417 statim
675 1375 854 1436 pensorno
886 1355 1067 1418 mandarci
1092 1355 1309 1419 Armestorff
1334 1356 1475 1438 grande

190 1466 303 1528 amico
334 1464 370 1524 di
394 1463 530 1525 Hutten
562 1474 597 1524 et
621 1462 768 1525 insieme
799 1463 823 1524 il
848 1462 1049 1536 confessor;
1086 1484 1143 1525 ma
1172 1462 1310 1526 riferito
1345 1474 1475 1544 questo

190 1574 223 1635 al
248 1570 440 1651 Conseglio
465 1589 611 1631 cesareo
637 1568 673 1630 di
697 1568 906 1650 Germania,
940 1569 977 1632 fu
1002 1571 1101 1632 detto
1126 1572 1191 1632 che
1216 1590 1278 1633 era
1302 1590 1373 1635 una
1397 1591 1474 1632 ver·

189 1698 311 1760 gogna
335 1675 516 1739 mandarci
548 1677 673 1739 alcuno
698 1677 894 1741 mediatore
926 1687 962 1740 et
992 1679 1058 1739 che
1082 1697 1152 1740 non
1179 1688 1256 1740 erat
1288 1698 1335 1739 ex
1359 1677 1474 1759 digni·

189 1795 264 1848 tate
288 1783 522 1865 imperatoris,
548 1784 660 1866 (come
685 1784 703 1846 ὲ
728 1783 752 1845 11
767 1785 876 1866 vero).
917 1785 1223 1847 Domandassemo
1247 1784 1306 1849 noi
1331 1805 1370 1846 se
1395 1786 1474 1847 loro

190 1914 297 1955 erano
320 1893 357 1954 in
375 1891 498 1953 ordine
522 1910 587 1971 per
603 1890 784 1953 mandarci
809 1899 918 1970 gente
943 1891 975 1951 d’
989 1912 1096 1970 arma,
1122 1913 1221 1954 come
1237 1894 1473 1972 cegnavano?

190 2001 327 2063 Alhora
351 2008 512 2062 restorno
536 1996 623 2059 muti
647 2006 682 2060 et
706 1999 848 2060 tandem
874 2019 944 2060 non
969 2000 1130 2079 sapendo
1159 2009 1280 2062 trovar
1304 2001 1397 2062 altro
1423 2019 1472 2063 re·

190 2106 317 2185 medio,
342 2107 461 2168 hanno
478 2106 644 2167 mandato
670 2105 756 2187 oggi
772 2105 794 2166 il
812 2105 995 2168 confessor
1020 2115 1056 2167 et
1071 2104 1287 2168 Armestorff
1300 2126 1322 2167 a
1337 2106 1472 2168 Ebern·

189 2218 283 2295 burg
306 2214 453 2276 castello
478 2211 513 2273 di
538 2211 737 2275 Francesco
763 2210 956 2295 Sichingen
982 2213 1074 2274 dove
1100 2212 1119 2273 ὲ
1143 2213 1277 2274 Hutten
1309 2213 1359 2292 (ut
1383 2211 1474 2275 alias

190 2321 336 2402 scripsi).
385 2319 475 2400 Quel
500 2319 639 2381 ribaldo
665 2319 688 2381 li
713 2321 879 2400 allegava
903 2320 1021 2382 tasoni
1046 2319 1091 2380 de
1116 2321 1150 2381 13
1170 2317 1281 2382 Sacra
1298 2316 1474 2382 Scrittura

190 2434 256 2493 che
290 2433 498 2511 besognava
523 2426 680 2508 castigar
703 2426 727 2488 11
755 2426 867 2507 preti,
900 2437 936 2489 et
967 2424 1184 2489 Armestorff
1214 2447 1284 2488 non
1309 2425 1332 2488 11
1361 2447 1473 2508 sapea

188 2539 423 2618 respondere:
458 2536 545 2617 pero
570 2536 616 2596 ha
640 2536 711 2595 ben
734 2534 856 2595 voluto
882 2553 1002 2596 menar
1035 2535 1068 2596 01
1092 2532 1285 2597 confessor.
1334 2533 1394 2596 Ma
1419 2556 1470 2598 re·

190 2666 274 2708 vera
292 2641 509 2706 Armestorff
528 2644 575 2703 ha
598 2639 822 2703 commission
848 2639 883 2700 di
907 2641 1127 2720 prometterli
1152 2640 1281 2720 salario
1302 2643 1358 2703 all’
1376 2663 1472 2705 anno

190 2752 224 2813 di
257 2757 363 2813 cccc¹0
390 2748 506 2811 fiorini
537 2749 569 2810 d'
585 2768 648 2810 oro
681 2749 747 2819 che
771 2747 792 2807 ’l
825 2746 868 2808 sii
901 2747 944 2808 ad
978 2746 1146 2829 stipendii
1178 2748 1212 2810 di
1244 2747 1369 2830 Cesar,
1405 2770 1472 2832 per

189 2860 280 2922 farlo
305 2869 403 2920 tacer
427 2857 460 2918 in
487 2856 642 2918 futurum
668 2863 703 2914 et
728 2874 897 2935 correger
922 2855 955 2915 01
971 2855 1167 2936 proposito.
1208 2854 1472 2938 Oimprudenti

190 2969 255 3028 che
287 2984 375 3027 sono
406 2962 486 3025 stati
521 2972 651 3045 troppo
683 2983 704 3023 a
728 2960 916 3022 advedersi
949 2960 984 3022 di
1015 2963 1079 3023 dar
1103 2964 1261 3027 remedio
1293 2986 1314 3027 a
1345 2976 1471 3047 questa

189 3094 289 3151 cosa,
327 3082 362 3133 et
393 3074 458 3133 che
482 3091 552 3132 non
577 3071 729 3131 voleano
760 3069 885 3131 creder
919 3070 1061 3148 quando
1095 3071 1151 3133 noi
1184 3071 1368 3135 dicevamo
1394 3077 1471 3138 loro

190 3183 255 3242 che
287 3181 428 3241 davano
452 3189 582 3258 troppa
607 3174 774 3238 auttorita
798 3195 819 3236 a
844 3174 958 3255 questi
982 3176 1159 3240 'sodeschi
1188 3190 1223 3241 et
1247 3182 1313 3242 che
1338 3201 1377 3242 se
1401 3191 1467 3244 tro·

189 3289 397 3350 varebbeno
422 3283 620 3367 aggabbati
645 3293 680 3344 et
702 3282 738 3343 in
762 3290 888 3363 questa
905 3303 989 3344 cosa
1006 3283 1041 3346 di
1059 3284 1192 3347 Luther
1217 3296 1252 3348 et
1268 3287 1302 3349 in
1319 3290 1352 3349 le
1368 3290 1470 3366 altre,

190 3395 258 3456 3110
283 3392 378 3474 00311
403 3392 427 3454 11
452 3390 633 3454 Cesariani
658 3409 858 3470 speravano
883 3388 986 3452 indur
1010 3403 1135 3471 questa
1160 3393 1314 3457 natione.

279 3499 353 3562 Che
385 3499 539 3560 credeno
572 3499 638 3559 che
669 3497 787 3576 quello
819 3497 975 3559 cervello
1007 3498 1042 3559 di
1067 3498 1202 3561 Hutten
1235 3501 1263 3563 si
1294 3503 1405 3584 voglii
1437 3506 1470 3566 31

190 3614 357 3686 presente
377 3615 491 3667 mutar
510 3623 575 3684 per
591 3608 698 3665 0000ῐο
712 3602 828 3665 fiorini
847 3603 904 3664 aii'
919 3624 1023 3684 anno,
1049 3607 1081 3667 01
1101 3609 1183 3686 0031
1201 3629 1270 3671 non
1288 3609 1470 3690 00010113-

190 3714 301 3774 rebbe
316 3711 418 3773 IVM.
458 3710 536 3789 Jam
558 3708 722 3791 concepit
739 3708 805 3770 sibi
825 3708 1100 3774 immutationem
1123 3713 1230 3777 totius
1246 3714 1470 3798 Germaniae,

190 3818 258 3882 iam
283 3817 473 3880 dominium
498 3818 532 3879 in
559 3819 702 3896 clerum,
727 3817 794 3878 iam
816 3816 956 3880 inanem
981 3820 1158 3899 quandam
1183 3823 1332 3903 gloriam
1351 3828 1471 3908 magni

188 3925 323 3997 herois;
348 3934 383 3987 et
398 3924 533 4006 peggio
556 3925 574 3987 ὸ
594 3926 659 3986 che
677 3924 791 4004 questi
809 3924 935 4005 prelati
957 3946 1023 4006 per
1037 3927 1071 3988 13
1087 3926 1161 3990 vita
1184 3930 1260 3994 loro
1277 3934 1348 3995 tale
1365 3937 1472 4015 quale

189 4034 223 4095 lo
248 4041 401 4112 temen0,
426 4053 497 4094 non
521 4052 625 4093 meno
649 4051 714 4112 per
739 4051 845 4120 causa
870 4030 918 4094 dil
944 4032 1024 4094 stilo
1049 4035 1115 4096 che
1140 4038 1233 4098 (10110
1253 4059 1362 4121 arma,
1387 4051 1423 4104 et
1447 4043 1470 4106 11

188 4137 459 4221 gentilhuomini
484 4137 560 4200 suoi
584 4136 748 4219 complici
773 4137 806 4199 10
831 4139 989 4201 adorano
1015 4151 1050 4202 et
1078 4144 1125 4204 ha
1149 4143 1279 4208 fautori
1304 4148 1370 4210 che
1388 4149 1409 4211 'l
1434 4149 1473 4213 fa

190 4245 266 4307 fare
291 4254 381 4307 tutte
406 4252 530 4325 queste
555 4265 648 4309 cose.

279 4351 398 4413 Primo
429 4351 453 4413 11
484 4351 575 4412 (1003
606 4349 750 4412 Saxone
782 4351 949 4434 elatiore,
985 4353 1007 4415 il
1044 4358 1126 4437 0031
1158 4363 1306 4424 absente
1337 4362 1471 4427 Cesare

188 4458 324 4528 restara
355 4460 581 4521 locotenente
613 4458 670 4520 del
693 4457 847 4538 Imperio
878 4458 912 4520 in
944 4469 1033 4523 tutta
1058 4462 1248 4530 Germania
1279 4469 1315 4531 di
1345 4468 1379 4532 la
1411 4472 1470 4535 dal

188 4565 337 4638 Rheno:
374 4564 416 4626 El
440 4563 604 4626 Palatino
638 4565 787 4627 elettore
818 4566 1045 4631 locotenente
1076 4572 1121 4635 de
1152 4595 1223 4655 qua
1254 4578 1313 4638 (131
1337 4577 1470 4653 Rheno

188 4692 293 4734 verso
325 4673 360 4734 la
384 4669 518 4751 Gallia,
555 4691 624 4733 non
658 4671 681 4733 11
706 4670 786 4733 sara
819 4675 1015 4758 contrario,
1048 4683 1179 4760 perche
1213 4684 1312 4746 crido
1345 4697 1471 4750 contra

188 4779 307 4841 Roma
330 4777 367 4841 in
392 4779 426 4840 la
441 4779 549 4840 Dieta
574 4788 608 4840 et
632 4777 802 4859 muggiva
827 4783 908 4860 0001
932 4783 1058 4863 giorno
1081 4808 1180 4850 come
1197 4790 1233 4850 X
1259 4793 1337 4870 tori,
1362 4813 1468 4877 quum
