3330 5580
714 450 961 508 &bodie-⁶

198 590 440 674 Altenburg0,
475 604 511 657 et
543 592 654 674 Rern,
687 596 843 659 dominio
877 598 1048 663 Friderici
1079 598 1249 682 Saxonis,
1282 613 1406 665 tamen
1442 622 1488 666 eo

197 701 278 762 vivo
303 722 386 762 mox
410 701 553 763 fuerunt
576 704 728 783 repressi

284 807 542 869 Intellexerunt
565 807 671 870 iidem
697 810 881 893 Principes
898 833 944 874 ex
962 813 1146 897 Mintzero,
1170 826 1206 878 et
1222 815 1301 878 aliis
1318 816 1490 896 captivis,

198 912 423 994 Capitaneos,
449 925 485 976 et
509 914 705 977 directores
730 917 832 978 huius
857 921 997 1000 negocii
1029 942 1109 985 esse
1140 921 1177 984 in
1208 922 1344 1003 oppido
1370 922 1489 1004 Impe-

194 1021 281 1082 riale
315 1021 544 1101 Molhausen,
576 1022 703 1103 quibus
739 1025 921 1087 decretum
946 1026 1094 1108 iuerat,
1127 1048 1250 1091 omnes
1282 1028 1428 1092 nobiles
1452 1042 1490 1090 et

195 1128 377 1208 principes
403 1127 583 1200 occidere;
610 1129 734 1210 ltaque
760 1130 875 1192 XXII
899 1132 983 1195 Maii
1015 1134 1129 1197 tribus
1161 1155 1208 1198 ex
1231 1135 1398 1216 partibus
1424 1155 1487 1217 op·

195 1235 316 1317 pidum
341 1235 516 1298 obsident.
564 1236 662 1298 Deus
687 1257 748 1299 eos
772 1237 940 1303 fortunet.

283 1351 418 1413 Eodem
442 1350 538 1413 Maio
563 1351 704 1414 Rustici
728 1352 764 1414 in
788 1348 972 1413 Burhonia
995 1348 1206 1412 seditionem
1241 1357 1408 1430 movent,
1447 1360 1486 1412 et

194 1462 288 1520 bona
319 1458 527 1520 Monasterii
551 1458 739 1521 Fuldensis
762 1459 954 1520 invadunt:
993 1456 1138 1518 advolat
1162 1455 1351 1538 Philippus
1377 1455 1486 1518 Lant-

194 1566 338 1647 gravius
358 1565 517 1643 Hassiae,
542 1574 577 1627 et
602 1565 785 1628 seditionis
810 1567 977 1628 authores
1001 1563 1118 1644 capite
1143 1564 1286 1643 plectit;
1311 1562 1352 1624 fit
1368 1562 1488 1626 maior

194 1693 385 1735 concursus
421 1671 651 1751 rusticorum,
688 1685 722 1734 et
759 1671 1014 1753 Lantgravium
1052 1669 1234 1742 obsident;
1271 1672 1368 1750 quod
1405 1669 1486 1732 eius

194 1780 418 1842 Maschalcus
443 1779 602 1858 audiens,
627 1781 779 1842 collecta
804 1779 974 1842 nobilium
998 1797 1102 1840 manu
1127 1777 1278 1839 rusticos
1302 1776 1411 1852 fudit,
1448 1787 1485 1839 et

194 1887 383 1949 Dominum
418 1886 563 1959 liberat;
601 1886 794 1948 desiderati
826 1898 907 1949 sunt
936 1885 971 1947 in
1008 1905 1050 1946 ea
1080 1886 1166 1946 sede
1195 1884 1331 1965 aliquot
1355 1884 1484 1945 rustici

193 2015 300 2075 supra
325 1996 394 2055 duo
420 1992 536 2056 millia.
563 2030 606 2038 ——
637 1993 787 2074 Aliquos
820 1994 907 2056 alios
937 1991 1149 2055 seditionem
1180 1993 1368 2053 molientes
1400 1995 1482 2052 abs-

192 2123 260 2182 que
286 2100 437 2181 negocio
462 2099 625 2162 confecit.

282 2208 361 2271 Non
387 2209 556 2289 quievere
588 2228 653 2290 per
688 2208 820 2271 Maium
852 2206 993 2270 Rustici
1018 2218 1080 2287 qut
1109 2217 1191 2269 sunt
1214 2206 1307 2268 inter
1330 2205 1483 2268 Memin-

109 2379 112 2388 ,
192 2337 284 2398 gen,
310 2328 345 2377 et
371 2316 588 2394 Augustam,
621 2317 802 2397 praelatos
835 2326 869 2377 et
899 2313 1037 2377 nobiles
1069 2313 1288 2392 invadendo„
1323 2333 1407 2375 nam
1446 2326 1485 2376 et

192 2442 309 2483 arcem
335 2421 489 2483 nobilem
515 2419 654 2483 Stetten
680 2421 848 2504 Episcopi
874 2420 1074 2503 Augustani
1107 2431 1336 2500 exusserunt,
1368 2419 1484 2505 (dam-

192 2550 273 2590 num
311 2528 494 2590 estimatur
526 2529 569 2589 ad
600 2549 686 2606 qooo
721 2527 809 2610 flor.)
843 2528 1013 2591 Similiter
1043 2548 1144 2590 arces
1179 2528 1254 2589 eius
1285 2525 1482 2590 Schonech

194 2646 229 2697 et
253 2636 541 2697 Pfassenhausen
567 2647 796 2714 exusserunt,
822 2635 1012 2697 Chunrado
1042 2635 1086 2696 de
1111 2633 1289 2697 Nietheim
1312 2633 1482 2698 Castrum

193 2744 424 2822 Angelherch
448 2742 520 2822 (ubi
545 2741 810 2804 Maximilianus
837 2743 1031 2823 Imperator
1055 2761 1164 2822 saepe
1188 2743 1328 2804 solebat
1361 2743 1481 2805 diver·

191 2846 281 2933 tere)
307 2869 384 2910 cum
410 2868 480 2909 uno
506 2848 576 2910 alio
611 2859 728 2911 castro
753 2868 836 2928 suo,
873 2859 908 2909 et
938 2848 1052 2930 ipsum
1085 2857 1245 2930 captum,
1276 2858 1313 2911 et
1347 2849 1483 2913 misere

190 2965 378 3016 tractatum
403 2954 526 3016 solutis
551 2975 638 3032 4000
661 2953 805 3016 florenis
829 2955 927 3017 abire
952 2955 1197 3036 permiserunt.

284 3061 526 3123 incenderunt
557 3061 663 3124 etiam
697 3072 850 3123 castrum
874 3061 1159 3124 Minsterhausen
1184 3062 1327 3125 Domini
1360 3062 1480 3126 Chun-

191 3168 268 3231 radi
293 3170 348 3230 De
373 3168 475 3249 Rott,
501 3180 536 3231 et
552 3169 808 3231 Monasterium
824 3168 1042 3250 Wispergen
1066 3169 1232 3232 incendio
1248 3172 1481 3251 absumptum

191 3285 255 3338 est.
306 3275 536 3355 Invaserunt‚
573 3286 609 3338 et
644 3276 841 3357 spoliarunt
875 3285 1028 3338 castrum
1065 3275 1281 3359 Siversperg
1315 3277 1481 3360 Philippi

192 3383 403 3462 Philingers,
417 3404 534 3445 arcem
553 3383 749 3464 Ronsperg
767 3384 870 3445 Adae
887 3384 931 3446 de
949 3382 1059 3462 Stein,
1086 3405 1202 3446 arcem
1219 3384 1331 3463 Stein,
1356 3405 1482 3449 arcem

223 3539 263 3554 ..
312 3502 347 3552 et
392 3489 656 3553 famatissimam
702 3510 819 3552 arcem
865 3490 1088 3553 Leibenthan
1135 3489 1289 3552 Abbatis
1336 3489 1479 3574 Campi-

190 3596 356 3659 donensis
382 3595 590 3677 spoliarunt,
616 3609 652 3659 et
676 3597 804 3659 deinde
828 3597 911 3677 igne
936 3600 1221 3678 absumpserunt:
1247 3599 1480 3679 monasteria,

191 3702 425 3781 Sacerdotes,
459 3704 624 3783 Nobiles,
657 3715 692 3766 et
722 3704 868 3767 ditiores
892 3704 1014 3767 rustici
1038 3705 1146 3766 multa
1172 3705 1414 3786 deposuerant
1439 3707 1477 3770 in

191 3832 232 3872 ea
256 3832 350 3889 arce,
375 3832 467 3892 quae
493 3811 610 3873 omnia
633 3820 806 3873 venerunt
830 3810 865 3872 in
891 3831 1014 3873 manus
1038 3812 1266 3889 rusticorum,
1299 3811 1477 3874 extimata

189 3929 242 3980 est
266 3919 391 3998 rapina
415 3919 460 3979 ad
490 3939 598 3995 40000
628 3917 704 3981 flor.
735 3918 932 3999 Diepoldus
964 3920 1008 3981 de
1041 3917 1143 3981 Stein
1174 3919 1234 3999 qui
1261 3918 1297 3981 in
1326 3918 1476 3983 confini·

187 4027 254 4086 bus
278 4028 436 4087 habebat
461 4036 639 4088 trecentos
664 4025 820 4106 equites,
846 4035 881 4087 et
905 4025 1120 4107 quingentos
1144 4025 1284 4106 pedites
1309 4026 1476 4090 defendit

189 4131 424 4194 Wissenhorn
449 4135 495 4193 ab
520 4132 715 4213 irruptione
740 4131 966 4210 rusticorum,
1000 4143 1035 4194 et
1067 4132 1269 4195 successivo
1299 4133 1476 4214 plurimos

188 4239 337 4301 rusticos
373 4238 527 4301 confecit
563 4239 606 4301 ad
649 4259 750 4319 1500,
787 4238 889 4300 villas
930 4238 1066 4319 aliquas
1102 4239 1260 4302 incendit
1296 4240 1332 4302 in
1365 4240 1474 4304 Valle

189 4345 281 4424 Rot‚
322 4345 480 4408 similiter
519 4345 711 4408 Castellum
751 4343 1027 4408 Semetzhausen
1066 4356 1101 4408 et
1136 4367 1301 4429 magnam
1338 4347 1474 4412 Villam

188 4453 434 4532 Baltshausen,
461 4452 724 4534 cumpluribus
749 4451 836 4515 aliis.

277 4560 412 4622 Eodem
436 4559 532 4620 Maio
558 4561 775 4621 rebellarunt
798 4559 939 4621 Rustici
964 4560 1057 4622 circa
1081 4560 1263 4641 Athesim,
1298 4571 1333 4624 et
1363 4563 1472 4627 Isack

187 4666 221 4728 in
247 4665 423 4727 Comitatu
447 4665 588 4747 Tyrolis
612 4666 818 4728 invaserunt
834 4665 1028 4747 Brixinam,
1054 4677 1088 4729 et
1105 4667 1244 4731 Clerum
1260 4669 1470 4752 spoliarunt,

189 4786 223 4838 et
256 4775 391 4855 aliquot
421 4773 639 4835 Monasteria
672 4772 905 4854 Nevenstifft,
938 4772 1167 4858 Sthlanders,
1212 4773 1248 4838 S.
1282 4777 1470 4845 Michaelis
