3330 5580
724 480 952 534 aava&

190 624 336 687 fratello
362 645 431 687 non
458 625 477 687 e
502 624 620 687 niente
644 626 873 700 contentoqdi
897 626 1027 703 Roma,
1057 623 1209 686 dicendo
1235 621 1387 703 publice,
1412 621 1477 682 che

190 732 267 795 suoi
299 732 435 795 fratelli
464 734 583 795 hanno
615 753 722 814 perso
748 735 781 795 el
805 734 881 796 loro
905 743 1025 814 tempo
1051 752 1072 792 a
1095 731 1224 809 Roma,
1250 739 1285 791 et
1310 727 1404 790 mille
1429 726 1475 788 vi-

190 839 325 902 lissime
349 859 503 921 persone
527 840 646 903 hanno
671 840 704 903 le
729 839 863 922 legioni
887 840 922 902 di
945 837 1172 920 propositure
1190 847 1226 899 et
1241 834 1417 913 beneficii,
1442 844 1478 896 et

192 955 364 1028 quantum
388 945 549 1027 intelligo
575 967 619 1008 ne
642 946 680 1009 fa
704 955 802 1009 tanto
827 945 956 1027 cridor,
981 946 1048 1007 che
1072 945 1180 1006 molto
1206 943 1238 1004 ci
1252 943 1299 1004 ha
1316 941 1476 1004 nociuto:

193 1053 283 1116 Pero
301 1062 397 1116 sotto
414 1052 607 1117 correttion
631 1053 805 1134 perlando
830 1055 900 1115 ben
925 1053 1077 1115 sarebbe
1102 1052 1201 1113 levat
1217 1051 1314 1111 dette
1333 1069 1476 1111 reserve

193 1161 256 1221 che
280 1159 480 1222 intriccano
504 1158 593 1222 certi
615 1158 837 1240 beneficioti,
870 1169 905 1221 et
928 1158 1037 1220 fanno
1062 1157 1117 1220 far
1142 1159 1290 1220 tumulto
1316 1154 1400 1223 delli
1425 1175 1476 1217 or·

191 1265 319 1328 dinarii
337 1287 444 1329 senza
461 1265 545 1328 utile
563 1265 599 1327 di
616 1266 703 1329 detti
722 1265 910 1340 Marchesi‚
931 1264 975 1326 Et
990 1264 1132 1346 quando
1150 1283 1239 1326 vaca
1256 1264 1383 1325 alcuna
1400 1282 1477 1342 pre-

190 1374 350 1455 positura
369 1374 619 1454 d'Alemagna,
636 1376 670 1435 le
687 1373 783 1455 quali
799 1374 906 1454 pleno
919 1374 997 1454 jure
1015 1380 1177 1455 spectant
1190 1373 1235 1432 ad
1254 1369 1477 1433 collationem

190 1480 379 1544 Pontificis
388 1528 397 1561 ,
421 1477 494 1543 Sua
511 1478 649 1543 Santita
671 1481 847 1561 potrebbe
866 1482 936 1543 ben
958 1479 1147 1542 conferirle
1163 1500 1184 1540 a
1200 1478 1288 1540 detti
1300 1475 1477 1540 Marchesi

188 1589 333 1651 avendo
358 1609 427 1651 una
451 1587 532 1650 lista
556 1607 729 1669 appresso
753 1586 789 1650 di
813 1587 862 1666 se,
887 1597 922 1649 et
943 1587 1001 1649 del
1019 1585 1151 1667 Signor
1171 1584 1309 1647 datario
1327 1584 1362 1646 di
1380 1586 1476 1646 dette

189 1695 435 1778 prepositure,
467 1694 496 1756 si
521 1715 620 1757 come
644 1694 790 1757 intendo
814 1695 881 1756 che
905 1693 955 1758 fe:
989 1715 1043 1756 re:
1068 1713 1164 1775 papa
1187 1693 1280 1772 Julio
1305 1692 1416 1754 facea.

280 1800 563 1886 Saltzburgense
588 1813 670 1864 ante
695 1801 812 1865 omnia
835 1803 883 1864 ha
905 1822 950 1863 ne
975 1801 1171 1864 dichiarato
1197 1801 1276 1862 chel
1292 1820 1356 1861 suo
1372 1820 1477 1881 parer

188 1930 260 1972 non
287 1910 308 1972 ὸ
333 1911 400 1972 che
424 1909 578 1972 Martino
603 1908 753 1989 venisse,
787 1928 843 1970 ma
868 1910 933 1970 che
957 1907 1037 1970 tutti
1062 1909 1086 1969 li
1110 1906 1269 1988 Principi
1295 1917 1330 1969 et
1354 1907 1476 1988 populi

189 2018 224 2079 lo
242 2017 444 2098 chiamano‚
469 2016 551 2080 nee
575 2015 746 2098 possibile
772 2017 981 2078 altramente
1005 2013 1061 2075 far
1084 2033 1169 2076 cosa
1192 2016 1316 2076 buona
1353 2022 1387 2076 et
1411 2017 1476 2076 che

189 2127 260 2186 ben
294 2125 400 2186 volea
430 2143 558 2205 sapere
592 2124 625 2184 el
657 2124 757 2184 voler
785 2130 917 2184 nostro.
966 2120 1034 2183 Noi
1058 2122 1375 2202 respondessemo,
1410 2122 1476 2182 che

188 2251 260 2294 non
277 2241 445 2313 poteamo
461 2231 506 2294 ne
530 2231 703 2293 deveamo
727 2237 930 2311 permetter,
956 2236 1124 2309 quantum
1149 2228 1185 2289 in
1210 2227 1312 2290 nobis
1330 2239 1393 2308 est,
1410 2230 1475 2290 che

189 2358 227 2400 se
253 2338 458 2420 disputasse
482 2337 711 2415 auscultasse,
736 2355 757 2398 0
781 2335 1022 2416 interrogasse
1047 2333 1083 2396 in
1107 2355 1191 2397 cosa
1216 2336 1308 2397 dove
1330 2335 1475 2415 antiqua

189 2443 344 2507 concilia
369 2453 405 2505 et
428 2443 560 2506 Nostro
585 2441 738 2526 Signore
763 2443 924 2506 medemo
950 2443 1103 2504 tulerant
1136 2442 1364 2514 sententiam;
1399 2462 1474 2522 pre-

188 2562 290 2614 terea
322 2551 347 2613 li
379 2550 540 2613 diceamo
571 2549 595 2611 il
620 2551 807 2626 scandam,
842 2551 907 2612 che
931 2552 1108 2631 potrebbe
1132 2551 1285 2613 accader
1308 2549 1391 2612 nelli
1415 2570 1474 2632 po-

189 2659 263 2740 puli
287 2679 356 2740 per
380 2660 414 2720 la
437 2665 569 2720 venuta
593 2655 628 2718 di
652 2656 824 2736 Martino,
856 2666 893 2719 et
916 2659 1023 2720 molte
1047 2655 1201 2737 ragioni,
1234 2659 1299 2720 che
1323 2660 1475 2719 sarebbe

190 2767 300 2847 longo
327 2786 348 2827 a
372 2764 537 2846 ripetter;
569 2785 626 2827 ma
657 2766 721 2826 che
755 2765 788 2826 el
812 2764 922 2827 dever
947 2764 983 2825 di
1007 2763 1116 2826 Cesar
1140 2766 1309 2843 sarebbe,
1334 2784 1379 2827 ex
1404 2784 1475 2845 quo

190 2872 289 2935 videt
323 2893 344 2933 a
368 2870 542 2934 Pontifice
575 2873 699 2934 harum
726 2890 844 2934 rerum
867 2870 993 2949 Judice
1017 2872 1093 2933 solo
1118 2880 1154 2933 et
1176 2891 1264 2934 vero
1289 2872 1475 2933 damnatos

189 2978 301 3042 libros
327 2978 482 3059 Martini,
515 2989 551 3041 et
575 2980 640 3040 che
665 2998 703 3040 re
727 2997 814 3039 vera
837 2976 917 3038 tutti
943 2977 1073 3040 dicono
1098 2997 1196 3039 esser
1219 2977 1374 3059 pessimi,
1409 2979 1474 3040 che

188 3085 213 3148 li
236 3085 379 3148 facesse
404 3085 567 3166 publicar
590 3105 654 3167 per
678 3083 845 3164 damnati,
879 3094 914 3146 et
938 3083 1135 3166 prohibirli,
1161 3093 1196 3146 et
1221 3083 1473 3165 exterminarli,

190 3204 225 3255 et
255 3193 302 3255 de
327 3191 482 3255 Martino
516 3191 654 3255 facesse
688 3191 787 3255 iuxta
818 3191 968 3254 formam
996 3191 1099 3273 juriS,
1136 3200 1172 3254 et
1202 3211 1241 3253 se
1266 3201 1417 3254 temesse
1441 3192 1474 3254 el

190 3300 344 3382 populo,
374 3309 536 3362 trovasse
561 3301 594 3361 el
618 3297 742 3361 melior
767 3295 1001 3385 meggiosche
1026 3319 1047 3360 a
1070 3299 1119 3361 lui
1145 3318 1308 3380 paresse,
1340 3300 1473 3381 purche

189 3427 260 3469 non
286 3407 482 3488 derogasse
506 3407 527 3467 l'
546 3406 698 3469 autorita
722 3407 779 3470 del
805 3404 887 3487 8¹⁰⁰,
919 3407 962 3469 ne
987 3408 1052 3469 che
1077 3408 1263 3488 pensando
1289 3406 1344 3468 far
1367 3408 1472 3486 bene,

189 3513 331 3576 facesse
355 3513 413 3594 piu
438 3532 528 3595 gran
553 3513 734 3594 scandalo,
760 3512 788 3575 si
812 3514 878 3576 che
903 3513 1013 3576 siamo
1037 3514 1118 3576 tutti
1142 3513 1257 3595 questi
1282 3511 1325 3574 Di
1351 3513 1385 3575 in
1406 3515 1473 3581 ,tali

190 3620 392 3699 labirinthi,
416 3622 482 3683 che
507 3621 631 3683 invero
656 3641 726 3682 non
751 3619 934 3702 sappiamo
959 3622 1053 3682 dove
1079 3641 1123 3682 ne
1148 3621 1312 3702 volgere,
1341 3621 1472 3701 perche

191 3747 228 3790 se
247 3727 404 3789 Martino
429 3746 520 3791 vene
545 3746 634 3808 gran
658 3727 817 3808 periculo
842 3727 861 3789 ὲ
886 3726 922 3788 di
947 3729 1014 3789 mal
1040 3736 1075 3788 et
1099 3727 1243 3808 peggi0.
1282 3726 1326 3788 Et
1351 3747 1388 3789 se
1414 3727 1472 3790 noi

190 3832 343 3896 instamo
375 3834 454 3895 chel
485 3852 555 3895 non
589 3833 722 3914 venghi
753 3842 789 3896 et
820 3834 885 3895 che
915 3843 1083 3915 questore
1109 3853 1173 3914 per
1197 3834 1244 3895 tal
1271 3854 1378 3895 causa
1403 3853 1471 3897 non

191 3938 330 4003 faccino
343 3940 378 4002 lo
395 3941 460 4002 che
476 3941 615 4003 deveno
632 3941 847 4002 buttaranno
862 3961 1002 4022 sempre
1018 3940 1051 4002 in
1066 3940 1179 4021 ochi0,
1206 3943 1272 4003 che
1288 3961 1353 4022 per
1368 3943 1473 4023 colpa

192 4055 312 4109 nostra
336 4065 408 4108 non
432 4045 462 4109 si
485 4047 531 4107 ha
555 4046 644 4109 fatto
668 4045 739 4109 fine
763 4068 785 4109 a
808 4048 857 4109 tal
882 4067 979 4109 cosa:
1005 4060 1085 4110 eta
1100 4049 1219 4110 Roma
1243 4068 1312 4109 non
1332 4069 1369 4110 se
1386 4069 1470 4129 pon-

192 4153 326 4216 derano
357 4154 391 4214 le
421 4172 504 4215 cose
534 4152 569 4215 in
603 4155 638 4215 la
667 4152 764 4216 fedel
795 4154 980 4236 diligentia
1011 4154 1046 4216 di
1077 4156 1133 4216 chi
1165 4174 1203 4217 se
1235 4158 1411 4218 mandano
1435 4155 1470 4217 in

193 4258 449 4337 commissione,
474 4262 659 4322 maselum
678 4260 712 4321 in
730 4270 860 4324 eventu
885 4282 1010 4325 rerum.
1050 4262 1089 4323 ln
1106 4271 1231 4342 queste
1248 4261 1470 4324 altercationi

194 4377 225 4427 et
247 4365 431 4429 anxietadi
456 4366 566 4428 siamo
591 4367 672 4429 tutti
696 4366 810 4448 questi
835 4367 961 4449 giorni,
987 4379 1022 4431 et
1037 4368 1264 4431 lamentatoci
1288 4388 1354 4431 con
1371 4368 1469 4432 Chie-

193 4492 270 4535 vres
301 4482 338 4535 et
363 4474 395 4534 el
424 4473 625 4536 cancellieri
659 4484 695 4536 et
718 4474 809 4553 altri,
834 4476 900 4538 che
923 4478 993 4538 ben
1018 4477 1041 4537 li
1071 4476 1230 4539 diceamo
1256 4478 1322 4539 che
1346 4498 1416 4539 non
1442 4477 1470 4538 si

193 4598 410 4663 proponesse
434 4583 484 4642 tal
508 4601 591 4642 cosa
622 4582 681 4644 alli
706 4581 888 4660 Alemani,
920 4591 955 4644 et
979 4585 1056 4645 loro
1081 4583 1208 4645 dicono
1233 4585 1299 4646 che
1325 4584 1347 4646 li
1372 4583 1466 4646 Prin·

194 4686 258 4767 cipi
293 4688 457 4749 haveano
494 4686 552 4769 gia
589 4687 679 4749 fatto
713 4689 970 4771 protestatione
1006 4712 1026 4751 a
1057 4689 1166 4751 Cesar
1201 4691 1237 4752 di
1268 4711 1338 4753 non
1370 4693 1470 4754 voler

193 4794 315 4856 ubedir
337 4814 359 4855 a
383 4795 431 4856 tal
463 4794 627 4857 mandato
644 4815 683 4858 se
707 4795 736 4857 si
760 4794 856 4858 fusse
881 4796 1189 4877 fatt’altramente,
1214 4798 1289 4860 [mo
1322 4799 1354 4860 el
1388 4819 1469 4860 con-
