3330 5580
809 797 851 860 84

598 913 681 992 Leo
714 913 756 994 X
795 850 958 994 carolo
996 912 1071 1012 tl

667 1052 764 1123 (Nunc.
784 1053 873 1111 Germ.
892 1053 923 1110 1..
942 1053 993 1125 54.)

612 1161 688 1229 (Cum
709 1163 803 1211 litteris
827 1176 865 1227 14.
887 1165 950 1212 Maii
975 1165 1060 1225 1521.)

282 1305 481 1368 Carissime.
529 1303 615 1366 Cum
640 1304 673 1365 in
700 1305 766 1366 hac
784 1304 981 1367 catholicae
996 1305 1080 1368 fidei
1105 1327 1212 1370 causa
1236 1319 1271 1371 te
1295 1310 1475 1373 advocato

193 1415 296 1476 huius
321 1411 475 1474 Sanctae
502 1410 606 1474 Sedis
631 1412 802 1473 adversus
826 1411 952 1492 impias
977 1412 1164 1493 opiniones
1188 1436 1361 1479 novorum
1394 1419 1473 1480 hae-

192 1524 380 1585 reticorum
405 1541 447 1582 ac
473 1519 580 1582 filium
604 1518 797 1600 praecipue
812 1519 1007 1600 iniquitatis
1024 1521 1214 1584 Martinum
1235 1522 1473 1606 defendenda,

192 1652 235 1693 ea
259 1638 532 1710 expectaremus
557 1628 600 1688 de
624 1635 707 1688 tuae
731 1626 929 1689 Maiestatis
953 1627 1069 1691 animo
1094 1638 1201 1710 atque
1225 1629 1350 1692 iuditio
1383 1651 1473 1712 quae

193 1739 237 1799 de
260 1735 414 1799 maximo
439 1733 601 1815 principe
626 1742 661 1794 et
694 1733 998 1813 praestantissimo
1030 1732 1183 1797 Caesare
1216 1734 1384 1817 poterant
1416 1759 1472 1801 ex·

192 1843 339 1925 pectari,
364 1841 554 1903 fatebimur
578 1850 650 1902 tum
675 1861 808 1918 verum,
832 1841 940 1922 longe
972 1841 1055 1903 vicit
1079 1841 1192 1903 virtus
1222 1852 1283 1905 tua
1317 1854 1471 1906 nostram

192 1949 488 2032 expectationem.
536 1949 589 2010 Ita
613 1947 706 2009 enim
730 1949 775 2009 ad
800 1969 864 2009 nos
889 1948 1041 2010 omniurn
1067 1949 1243 2011 constanti
1273 1971 1362 2013 voce
1397 1971 1471 2032 per·

192 2063 299 2122 latum
325 2066 378 2118 est
402 2066 536 2117 tantam
560 2055 595 2117 in
622 2067 655 2116 te
680 2055 903 2136 gravitatem,
928 2066 1000 2116 tam
1023 2056 1267 2118 admirabilem
1284 2057 1471 2140 insignem·

191 2186 259 2247 que
275 2163 495 2245 sapientiam,
521 2172 656 2224 tantum
673 2161 706 2223 in
723 2172 758 2224 te
776 2162 937 2224 extitisse
954 2163 1153 2224 servandae
1169 2173 1203 2224 et
1216 2165 1471 2227 custodiendae

193 2274 267 2336 eius
301 2292 406 2353 quam
446 2291 467 2331 a
505 2270 583 2332 Deo
622 2281 656 2331 et
694 2269 855 2351 patribus
889 2269 1017 2331 nostris
1054 2270 1255 2351 accepimus
1288 2271 1471 2353 religionis

192 2379 355 2457 studium,
379 2386 417 2440 ut
440 2377 602 2439 omnibus
627 2376 813 2438 manifesto
839 2376 1055 2458 apparuerit,
1080 2378 1195 2439 Deum
1219 2377 1281 2439 tibi
1307 2379 1471 2441 comitem

191 2498 226 2550 et
250 2486 318 2549 Dei
342 2484 503 2566 spiritum
527 2486 595 2545 tuis
620 2483 761 2564 optimis
785 2483 940 2545 consiliis
957 2483 1109 2546 affuisse.
1158 2484 1234 2546 Res
1258 2484 1367 2565 igitur
1391 2496 1472 2547 acta

191 2615 256 2676 per
280 2614 318 2654 se
343 2591 505 2654 omnibus
530 2590 680 2653 saeculis
704 2591 942 2652 memorabilis
967 2592 1168 2672 exemplum
1192 2593 1363 2664 salutare;
1394 2614 1470 2654 cae·

191 2711 286 2763 teros
311 2699 403 2760 enim
429 2697 603 2760 cernimus
637 2697 882 2760 auctoritatem
915 2710 1009 2760 tuam
1044 2697 1077 2759 in
1113 2699 1315 2760 damnanda
1343 2700 1472 2780 perfidi

190 2807 339 2869 hominis
364 2805 584 2868 contumacia
609 2803 714 2866 facile
738 2804 918 2885 secutost).
968 2804 1060 2884 Quid
1086 2807 1211 2868 modus
1233 2816 1293 2868 aut
1317 2827 1473 2887 quonam

190 2917 279 2976 baec
304 2933 324 2973 a
358 2922 392 2973 te
417 2912 534 2973 studio
567 2919 670 2993 gesta
701 2913 798 2972 sunt!
847 2910 946 2990 Quae
981 2912 1188 2990 magnitudo
1222 2912 1344 2989 animi,
1378 2935 1472 2995 quae

190 3019 400 3097 constantia,
425 3018 620 3080 cuiusmodi
646 3038 732 3099 erga
749 3020 864 3080 Deum
888 3019 1004 3099 pietas
1022 3018 1131 3099 digna
1154 3018 1296 3099 quidem
1315 3019 1471 3084 Caesare

190 3129 253 3189 sed
282 3147 417 3187 summo
449 3135 484 3186 et
517 3125 650 3206 optimo
686 3124 855 3187 Caesare!
905 3125 1056 3186 Domine
1090 3128 1226 3187 salvum
1256 3125 1313 3188 fac
1347 3149 1471 3210 regem

189 3236 281 3300 hunc
307 3242 342 3295 et
367 3232 493 3295 exaudi
518 3253 583 3294 nos
607 3232 640 3293 in
666 3231 723 3293 die
747 3252 817 3312 qua
841 3231 1045 3294 invocamus
1070 3253 1118 3294 se.
1155 3232 1252 3313 Quid
1273 3236 1368 3314 quod
1393 3245 1472 3300 tute

190 3342 370 3402 decretum
396 3348 492 3400 tuum
509 3337 751 3418 conscripsisti
777 3339 858 3399 altis
875 3338 944 3400 illis
969 3349 1003 3400 et
1020 3338 1216 3420 magnificis
1231 3339 1350 3402 verbis
1366 3362 1471 3405 exor-

189 3467 266 3509 sus:
299 3447 458 3527 „Decere
482 3455 516 3506 te
542 3466 587 3507 ex
612 3445 771 3524 ducibus,
797 3446 1055 3525 archiducibuS,
1080 3447 1226 3528 regibus
1250 3447 1471 3528 imperatori-

189 3556 325 3633 busque
351 3552 536 3615 oriundum
561 3551 688 3614 similia
712 3552 780 3613 illis
804 3553 837 3614 in
864 3553 931 3614 Dei
957 3545 1209 3632 omnipotentis
1238 3555 1409 3618 honorem
1436 3568 1471 3619 et

188 3660 272 3722 fidei
296 3681 380 3722 suae
406 3668 551 3722 sanctae
575 3661 724 3721 salutem
760 3680 869 3741 agere
901 3680 966 3721 nec
1001 3660 1192 3721 maioribus
1222 3660 1291 3722 tuis
1320 3662 1468 3725 deesse“

190 3777 255 3830 etc.
280 3769 348 3829 hoc
374 3786 443 3828 non
469 3776 625 3828 estesse
657 3766 804 3828 similem
838 3769 900 3828 sed
933 3768 1039 3848 longe
1072 3767 1201 3828 virtute
1234 3770 1470 3842 antecedere;

188 3896 258 3937 non
284 3874 377 3936 enim
402 3873 470 3935 iam
495 3882 530 3933 te
556 3894 602 3935 ex
627 3875 797 3936 maiorum
822 3882 961 3935 tuorum
987 3875 1161 3955 exemplis
1193 3875 1470 3954 cohortabimur,

188 3984 251 4044 sed
276 3983 364 4043 haec
399 3980 465 4041 crit
496 3980 601 4041 animi
639 3980 688 4042 tui
724 3990 759 4042 et
795 3980 935 4042 virtutis
971 3981 1160 4043 excelsitas
1196 4002 1230 4043 m
1267 3981 1469 4045 universam

189 4088 435 4170 posteritatem
460 4087 623 4149 omnibus
654 4087 875 4168 principibus
906 4089 1081 4170 exemplo,
1130 4088 1203 4150 Nos
1233 4088 1375 4168 quidem
1409 4091 1468 4170 qui

187 4214 280 4256 novo
313 4194 466 4274 quodam
503 4193 632 4256 amoris
663 4193 793 4255 affectu
831 4213 916 4273 erga
949 4195 1170 4256 Maiestatem
1204 4206 1298 4257 tuam
1333 4196 1468 4258 incitati

187 4321 315 4380 sumuS,
341 4300 577 4381 deprecantes
602 4300 666 4363 tibi
691 4302 786 4381 apud
812 4301 1088 4382 omnipotentem
1108 4303 1222 4365 Deum
1247 4304 1364 4364 omnia
1388 4325 1466 4385 pro·

187 4429 292 4491 spera
317 4418 352 4470 et
375 4407 542 4489 gloricsa,
568 4408 702 4487 gratias
726 4407 790 4469 tibi
808 4407 946 4486 agimus
971 4427 1036 4488 pro
1054 4418 1114 4469 tuo
1133 4408 1251 4470 officia
1275 4419 1374 4472 tanto
1397 4430 1466 4473 non

187 4536 274 4596 quas
299 4516 479 4595 debemus,
504 4515 539 4576 id
565 4521 658 4576 enim
683 4525 735 4576 est
753 4513 937 4593 infinitum,
954 4516 1015 4576 sed
1034 4526 1185 4595 quantas
1202 4517 1318 4578 animo
1335 4536 1467 4597 capere

218 4731 240 4779 'l
259 4729 349 4775 Edidit
370 4730 508 4777 Laemmer
526 4730 571 4777 sed
590 4730 744 4778 incorrecte.

216 4805 237 4877 ⁸²)
259 4808 347 4857 Verba
366 4811 502 4873 sequentia
521 4825 603 4873 usque
623 4812 655 4858 ad
675 4812 764 4858 decere
783 4817 807 4858 te
824 4816 873 4857 etc.
894 4811 983 4858 omisit
1004 4813 1148 4872 Lnemmcr,
1169 4812 1257 4859 nescio
1278 4827 1330 4874 quo
1351 4813 1416 4868 suto,
