3330 5580
804 425 1036 487 billvffl

286 590 404 642 menta
436 572 634 641 indubitata
668 578 851 659 deposuit,
883 590 918 641 et
952 578 1076 642 litteris
1107 599 1128 640 a
1156 599 1194 641 se
1219 574 1359 659 scriptis
1390 595 1460 638 uno
1485 592 1564 637 con·

284 685 401 747 iunxit
432 684 620 747 volumine.
683 683 866 765 Epistolae
898 685 998 766 ipsae
1031 706 1122 766 quae
1158 687 1204 747 ad
1239 685 1403 746 nuncium
1438 682 1565 745 missae

285 801 376 870 sunt,
400 790 502 852 nobis
527 811 569 853 eo
594 790 823 872 pretiosiores
847 791 1041 854 extiterunt
1059 791 1151 873 quia,
1169 811 1274 872 quum
1292 790 1466 872 epistolae
1483 790 1565 851 Ale-

286 898 386 962 andri
411 898 665 979 chronologico
691 898 814 960 ordine
839 899 1030 961 destitutae
1064 901 1272 980 plerumque
1305 894 1567 977 chronologicis

286 1004 379 1067 notis
409 1015 589 1084 carerent,
620 1006 743 1066 harum
778 1005 909 1067 auxilio
934 1016 1037 1067 notas
1067 1005 1163 1087 ipsas
1195 1004 1401 1084 restituere,
1436 1002 1565 1083 saepis·

286 1112 373 1174 sime
410 1112 485 1174 sine
516 1111 755 1191 dubitatione,
789 1112 980 1192 aliquando
1014 1112 1167 1175 maxima
1202 1110 1472 1193 probabilitate,
1506 1128 1565 1190 po·

287 1219 424 1282 tuimus.

375 1324 480 1406 Quod
515 1327 561 1388 ad
600 1325 729 1389 Brevia
760 1325 941 1408 pontificia
973 1328 1118 1405 attinet,
1168 1327 1331 1408 Regesta
1369 1323 1566 1406 originalia,

288 1432 438 1495 attitulas
462 1433 524 1513 (uti
559 1429 701 1517 vocant)
731 1432 939 1515 originales,
968 1434 1165 1515 duplicata,
1197 1433 1231 1494 in
1266 1430 1448 1494 tabulariis
1480 1429 1566 1491 vati·

287 1539 385 1602 canis
409 1550 592 1602 asservata
616 1539 863 1602 consuluimus.

376 1645 493 1709 Caroli
519 1646 562 1725 V,
598 1646 815 1709 Ferdinandi
840 1646 1073 1727 Archiducis,
1106 1646 1246 1710 Alberti
1271 1644 1469 1708 Cardinalis
1493 1642 1565 1704 Mo-

285 1752 433 1834 guntini,
448 1752 610 1831 Joachini
624 1752 968 1835 Brandeburgensis,
986 1755 1124 1816 Ducum
1140 1752 1325 1830 Bavariae,
1340 1751 1567 1831 Margaretae

287 1859 508 1939 Austriacae,
519 1858 687 1941 Episcopi
699 1859 909 1939 Tridentini,
925 1860 1036 1922 Ducis
1048 1860 1312 1942 Lotharingiae,
1327 1856 1471 1921 Henrici
1482 1855 1567 1917 VIII

289 1965 444 2048 Angliae
469 1975 504 2027 et
529 1963 824 2028 GustaviWasae
851 1965 1001 2029 Sueciae
1026 1967 1131 2048 regis,
1156 1967 1305 2046 Joannis
1330 1965 1476 2044 Haneri,
1494 1964 1566 2025 Ro-

287 2072 369 2135 rarii
393 2073 612 2153 aliorumque
637 2075 823 2136 multorum
848 2073 1058 2155 principum,
1082 2074 1340 2155 episcoporum,
1357 2073 1567 2152 scriptorum

287 2179 456 2261 epistolas
481 2201 527 2242 ex
551 2180 784 2261 originalibus
808 2180 1108 2262 transcripsimus,
1140 2201 1232 2261 quae
1264 2181 1436 2243 collectae
1461 2176 1569 2239 variis

288 2286 541 2367 voluminibus,
566 2287 694 2368 quibus
718 2299 772 2351 est
796 2288 933 2351 titulus:
959 2287 1130 2371 Epistolae
1153 2288 1328 2350 verteram
1352 2287 1399 2348 od
1423 2285 1569 2348 Clemen-

287 2400 350 2457 lem
391 2394 473 2466 VH,-
504 2394 579 2457 sive
615 2393 786 2478 Epistoloe
812 2393 1014 2478 prt‘rzcipum
1046 2405 1106 2457 aut
1134 2395 1288 2476 propriis
1317 2393 1433 2474 capsis
1465 2394 1569 2454 collo·

289 2510 391 2563 eatae
401 2549 409 2578 ,
443 2503 513 2563 non
547 2500 783 2582 transcriptae
808 2504 870 2564 sed
895 2501 1104 2583 originales,
1146 2511 1383 2563 asservantur.
1438 2500 1570 2561 Brevia

289 2608 463 2689 quaedam
488 2628 532 2669 ex
557 2606 701 2670 mmurrir
724 2608 836 2689 ipsius
860 2609 985 2688 Jacobi
1011 2607 1170 2671 Sadoleti
1195 2608 1393 2687 hausimus,
1418 2628 1495 2669 cum
1521 2608 1569 2667 ul·

289 2714 374 2776 tima
397 2724 514 2776 tamen
549 2714 759 2795 scriptione,
798 2736 863 2796 pro
896 2715 1149 2778 mutationibus
1181 2716 1371 2795 aliquando
1403 2735 1424 2776 a
1457 2712 1568 2794 ponti-

289 2820 354 2883 fice
378 2821 493 2899 factis,
518 2820 754 2884 conferentes.

379 2927 564 3009 Campegii
590 2929 760 3008 epistolas
784 2949 829 2990 ex
854 2928 1033 2991 volumine
1058 2928 1139 2991 LIII
1165 2927 1398 2992 Germanicae
1422 2927 1569 2990 Nuncia-

290 3046 390 3097 turae
414 3036 716 3115 transcripsimus:
750 3035 783 3097 in
819 3035 897 3116 ipso
920 3037 1099 3099 volumine
1124 3037 1248 3098 eadem
1280 3035 1469 3118 originalia
1500 3055 1568 3095 ser-

290 3151 428 3205 vantur.

379 3248 535 3311 Tandem
575 3268 689 3328 pauca
732 3251 944 3311 documenta
980 3251 1267 3333 transcripsimus
1306 3272 1350 3313 ex
1391 3248 1569 3312 volumine

289 3355 470 3418 'fabularii
495 3353 649 3418 Sanctae
674 3354 800 3434 Sedis,
830 3357 884 3417 cui
919 3360 1056 3419 titulus:
1094 3357 1203 3439 Ecler'r',
1229 3357 1379 3439 Erosrm‘,
1404 3355 1522 3419 Blon'i
1540 3362 1573 3418 al

289 3460 439 3525 altarum
461 3463 640 3546 apostolae,
665 3483 735 3543 quo
770 3476 898 3524 exacta
930 3474 964 3525 et
994 3468 1146 3545 probata
1177 3466 1372 3546 aliquarum
1405 3464 1568 3545 epistola-

291 3589 367 3630 rum
393 3570 603 3650 apographa
627 3569 860 3633 continentur.
1288 3576 1289 3579 ’

380 3674 430 3736 Ut
462 3686 577 3738 tamen
627 3677 833 3756 cuicumque
877 3676 992 3738 facilis
1024 3678 1199 3741 habeatur
1230 3690 1373 3741 nostrae
1406 3678 1571 3741 editionis

290 3802 369 3844 cum
409 3782 640 3862 originalibus
675 3784 910 3845 monumentis
945 3785 1106 3862 collatio,
1144 3786 1415 3868 uniuscuiusque
1452 3806 1569 3848 monu-

291 3889 397 3952 menti
423 3892 537 3951 locum
563 3888 717 3951 fideliter
743 3890 950 3954 notavimus.
1006 3892 1315 3956 Monumentorum
1340 3915 1362 3955 a
1386 3893 1569 3956 Friedrich

291 3997 463 4063 editorum
491 3997 670 4059 variantes
695 3998 886 4075 lectiones,
919 4019 960 4060 eo
990 4001 1086 4080 quod
1119 4002 1262 4079 longum
1289 4012 1323 4063 et
1347 4001 1423 4064 fere
1447 4000 1571 4063 inutile

291 4123 381 4184 opus
396 4104 587 4181 videretur,
612 4124 682 4165 non
700 4104 955 4176 recensuimus;
980 4107 1221 4169 recensuimus
1236 4109 1376 4188 quidem
1392 4108 1571 4169 variantes

292 4209 463 4273 lectiones
495 4222 799 4273 monumentorum
830 4234 850 4274 a
884 4213 1069 4275 Laemmer
1102 4214 1276 4277 editorum
1311 4226 1415 4296 prout
1444 4234 1569 4294 oppor-

291 4329 413 4379 tunum
439 4318 551 4379 visum
576 4328 639 4380 est.

385 4426 442 4486 Ad
483 4424 738 4505 perfectionem
780 4425 999 4488 collectionis
1032 4443 1176 4489 nostrae
1213 4428 1365 4491 fortasse
1401 4428 1570 4508 optimum

294 4531 481 4594 videbatur
515 4542 550 4593 et
581 4531 650 4594 alia
685 4533 865 4594 notissima
889 4543 1115 4595 monumenta
1148 4535 1330 4597 historiam
1358 4533 1570 4596 Reformati-

294 4639 374 4699 onis
399 4638 611 4700 illustrantia
644 4639 797 4701 addere:
836 4640 899 4701 sed
931 4641 1042 4722 haec,
1074 4640 1156 4720 quia
1188 4640 1368 4703 notissima
1401 4653 1436 4702 et
1464 4640 1571 4703 obvia

294 4745 430 4825 cuique,
458 4766 501 4806 ne
527 4748 690 4806 volumen
716 4746 886 4807 inutiliter
902 4757 1104 4824 augeretur,
1122 4747 1319 4819 omisimus;
1346 4760 1571 4813 monumenta
