3330 5580
681 494 927 552 *enee*

156 629 260 694 volte
284 626 452 707 insieme,
486 647 543 690 rna
579 647 718 708 sempre
750 647 813 689 son
847 625 969 709 partiti
1005 624 1160 690 discordi
1195 637 1231 691 et
1268 647 1374 691 senza
1397 645 1447 692 re·

157 737 326 801 solution.

256 844 306 907 La
332 843 422 924 Liga
447 843 492 904 de
517 839 649 904 Suevia
673 862 711 903 se
736 842 853 902 dovea
867 852 1031 902 retrovar
1045 839 1191 904 insieme
1209 852 1335 923 questo
1352 863 1448 906 mese

158 951 198 1014 in
224 950 391 1033 Nerling3
416 950 451 1011 al
474 961 642 1030 presente
667 968 705 1010 se
729 948 836 1009 crede
861 945 1064 1009 differiscan
1095 968 1161 1029 per
1192 948 1375 1012 ritrovarsi
1399 950 1448 1011 in·

160 1058 272 1120 sieme
296 1058 331 1118 in
357 1056 539 1136 Augusta;
565 1075 666 1116 come
690 1053 790 1135 sapia
815 1055 881 1115 che
905 1053 980 1115 sian
1007 1055 1218 1136 congregati
1233 1058 1258 1117 li
1275 1056 1353 1119 fari)
1369 1077 1445 1138 pre-

160 1175 286 1226 sentat
318 1160 410 1225 cussi
442 1164 475 1223 el
505 1171 672 1244 presente
701 1163 812 1222 breve
837 1180 936 1222 come
961 1160 1066 1222 etiarn
1092 1162 1211 1241 quello
1237 1163 1281 1225 de
1305 1166 1340 1225 la
1365 1165 1446 1226 Pre-

160 1270 324 1353 positura
349 1269 394 1332 de
419 1267 456 1328 S.
479 1267 656 1329 Mauriti0.

252 1375 295 1438 El
319 1374 485 1455 Principe
510 1376 558 1436 ha
581 1373 640 1454 gin
665 1374 832 1436 mandato
863 1373 887 1434 li
918 1372 1040 1435 furieri
1073 1395 1094 1435 a
1124 1375 1228 1457 piliar
1262 1377 1285 1439 li
1314 1380 1446 1461 alogia-

161 1482 270 1546 menti
294 1483 330 1544 in
356 1483 535 1564 Augusta;
568 1482 610 1542 ne
642 1481 755 1561 pethe
786 1479 899 1543 finora
934 1481 980 1542 ha
1008 1481 1181 1564 rescripto
1215 1484 1376 1568 principe
1400 1489 1446 1549 ai·

161 1610 254 1653 cuno
278 1592 324 1651 de
349 1591 451 1651 voler
474 1588 585 1650 venir.
633 1587 683 1650 La
708 1587 814 1649 Dieta
850 1588 908 1650 del
933 1608 1042 1668 paese
1066 1589 1112 1650 de
1135 1591 1195 1670 qui
1220 1595 1301 1672 qual
1327 1614 1364 1656 se
1389 1595 1447 1656 de·

162 1718 230 1759 vea
255 1696 368 1759 satin
392 1693 615 1774 Stochardia,
641 1697 675 1757 ia
698 1696 744 1756 ha
767 1705 937 1757 revocata
961 1695 996 1756 in
1022 1707 1146 1777 questa
1172 1709 1267 1760 terra
1290 1718 1356 1780 per
1379 1723 1448 1764 una

163 1804 284 1886 specie
309 1802 345 1864 di
369 1806 494 1865 morbo
519 1804 536 1864 ὲ
561 1803 596 1863 in
622 1800 843 1882 Stochardia,
868 1814 903 1862 et
926 1800 1026 1863 finita
1050 1814 1191 1882 questa,
1225 1807 1291 1868 che
1315 1809 1395 1870 sari
1425 1831 1447 1871 a

164 1915 198 1974 le
221 1910 269 1973 fin
295 1911 340 1972 de
363 1909 534 1987 Octobre,
559 1906 632 1971 Sua
657 1907 821 1971 Serenite
846 1929 884 1970 se
909 1908 1116 1971 transferiri
1142 1909 1176 1972 in
1202 1913 1378 1993 Augusta.

254 2016 381 2080 Scrivo
406 2017 431 2078 il
462 2029 553 2078 tutto
581 2017 616 2077 al
647 2015 720 2077 ΚΜ
745 2015 916 2096 Capuano
948 2029 983 2077 et
1017 2027 1143 2097 questo
1173 2019 1397 2101 adgiongere
1425 2045 1447 2085 a

164 2124 208 2187 V.
235 2123 271 2186 S.
297 2125 373 2186 R¹²¹⁸
397 2126 463 2185 che
487 2144 526 2185 se
551 2122 681 2185 Nostro
706 2120 742 2184 S.
767 2122 913 2185 intende
943 2125 1008 2184 che
1045 2122 1175 2186 Cesare
1207 2146 1277 2188 non
1306 2128 1358 2191 sia
1382 2151 1446 2211 per

162 2230 325 2313 prohibir
350 2233 415 2293 che
440 2231 475 2292 in
501 2242 627 2311 questa
649 2229 769 2291 futura
794 2230 890 2292 dieta
915 2250 985 2291 non
1011 2251 1048 2291 se
1073 2232 1179 2294 habia
1203 2254 1225 2294 a
1249 2238 1369 2315 parlar
1393 2259 1444 2300 so·

163 2358 229 2420 pra
252 2340 287 2400 la
310 2336 460 2400 materia
484 2335 689 2399 Lutherana
712 2336 747 2398 in
771 2335 934 2397 absentia
958 2337 1003 2398 de
1036 2336 1071 2399 S.
1098 2337 1171 2416 M'i,
1207 2360 1234 2401 sr
1273 2363 1374 2406 come
1410 2358 1446 2407 et

163 2465 229 2528 per
252 2447 344 2508 altre
368 2444 438 2506 mie
462 2443 572 2506 avisai
598 2444 754 2506 secondo
779 2444 811 2505 el
835 2463 942 2524 parer
966 2444 1036 2506 mio
1061 2465 1158 2507 esser
1173 2451 1386 2530 necessario,
1411 2464 1445 2514 et

163 2554 230 2614 che
254 2550 291 2613 S.
317 2550 381 2612 Μ’*
406 2549 581 2614 differisse
605 2573 626 2612 a
649 2552 684 2612 la
710 2562 839 2612 venuta
863 2572 946 2631 sua,
970 2553 988 2614 ἐ
1013 2553 1217 2616 necessario
1241 2558 1307 2618 che
1333 2560 1367 2622 S.
1393 2557 1444 2620 8¹³

162 2659 282 2721 mandi
305 2679 352 2720 un
377 2656 592 2738 personagio
618 2656 653 2718 di
678 2657 855 2720 authoriti
879 2661 1028 2740 grande,
1052 2660 1096 2721 ne
1120 2660 1144 2721 li
1169 2680 1350 2742 cognosco
1368 2665 1445 2728 fora

162 2767 230 2827 che
255 2765 315 2826 dui
339 2765 405 2825 che
430 2763 529 2825 sieno
553 2764 645 2845 apti,
673 2784 783 2827 overo
808 2765 841 2826 el
866 2764 1055 2828 Cardinale
1081 2764 1276 2850 Campegio
1302 2791 1388 2833 over
1412 2776 1445 2835 el

164 2873 241 2934 R¹⁰⁰
265 2871 445 2952 Capuano.
496 2871 563 2932 Del
588 2870 783 2953 Campegio
809 2893 878 2934 non
915 2874 1023 2935 credo
1055 2873 1108 2936 sia
1146 2875 1205 2955 pin
1242 2896 1308 2956 per
1342 2880 1445 2960 piliar

163 2981 213 3041 tal
239 2978 357 3041 carico
381 2988 418 3038 et
441 2978 650 3058 praesertim
675 2998 746 3040 non
770 2978 800 3039 si
832 2981 1007 3041 trovando
1043 2982 1077 3042 la
1102 2981 1256 3044 Cesarea
1288 2983 1444 3055 Maesti:

162 3096 260 3148 resta
284 3087 359 3147 solo
384 3084 444 3146 del
468 3083 655 3164 Capuan0;
680 3087 762 3166 qual
787 3105 852 3166 per
876 3107 973 3148 esser
998 3086 1042 3148 de
1066 3088 1100 3149 la
1118 3089 1273 3167 natione,
1297 3111 1444 3172 cognos-

162 3203 242 3254 suto
267 3193 313 3254 da
337 3190 490 3272 principi
514 3203 549 3251 et
573 3202 737 3272 reputato
755 3212 855 3253 come
872 3194 890 3254 ὁ
907 3193 951 3254 de
967 3212 1057 3274 gran
1075 3196 1263 3275 authenti,
1286 3197 1445 3281 ingegno

163 3311 200 3361 et
224 3297 446 3380 experientia
472 3300 515 3360 ne
540 3299 573 3359 al
597 3298 667 3360 mio
692 3298 822 3360 iudicio
846 3298 1034 3360 ritrovaria
1060 3301 1094 3361 la
1117 3321 1221 3364 cossa
1251 3323 1317 3366 con
1344 3317 1443 3370 tanta

163 3405 337 3467 difficultssa
360 3425 460 3466 corne
485 3405 513 3467 si
539 3405 713 3484 existima,
738 3405 870 3487 perche
894 3406 918 3466 li
935 3405 1091 3487 Principi
1112 3410 1206 3469 hano
1223 3412 1443 3492 experimen·

163 3520 237 3574 tato
262 3513 368 3593 quelo
393 3514 416 3573 li
442 3511 594 3592 importa
618 3513 651 3573 el
676 3511 831 3573 favorire
856 3512 1060 3590 leutherani,
1085 3525 1121 3576 et
1143 3527 1242 3577 certo
1266 3521 1374 3581 credo
1398 3542 1444 3584 ne

163 3619 361 3701 reportaria
385 3620 518 3688 honor;
543 3638 599 3680 ma
624 3619 709 3699 ogni
734 3619 825 3680 altro
849 3620 915 3680 che
940 3619 1047 3699 vengi
1064 3642 1108 3683 ne
1124 3626 1307 3702 reporteri
1324 3628 1444 3690 danno

164 3738 200 3787 et
224 3745 420 3807 vergogna.
469 3724 603 3805 Questo
629 3727 663 3787 lo
688 3724 805 3788 scrivo
829 3738 976 3808 aparte
1002 3747 1067 3807 per
1090 3728 1235 3791 servitio
1268 3732 1314 3794 de
1339 3732 1380 3795 N.
1405 3732 1441 3798 S.

164 3834 229 3894 che
255 3853 324 3894 non
351 3836 451 3893 voria
474 3851 513 3893 se
538 3831 612 3892 Sua
636 3833 697 3893 5¹³·
721 3833 795 3894 Re·
822 3835 855 3893 lo
889 3832 1093 3895 intendesse
1127 3837 1193 3897 che
1217 3839 1268 3899 sel
1293 3840 1444 3902 havesse

163 3959 228 4020 per
253 3941 343 4001 male
367 3940 434 4000 che
459 3938 492 4000 io
518 3939 551 4000 lo
575 3939 729 4000 andasse
754 3941 988 4020 proponendo
1014 3939 1048 4000 in
1073 3941 1134 4002 tali
1159 3943 1240 4021 loci,
1265 3947 1330 4006 che
1354 3967 1444 4008 sono

163 4045 221 4126 piri
247 4055 368 4127 presto
393 4046 439 4106 da
463 4044 591 4124 fugire.

254 4170 441 4250 Tubingae
466 4170 524 4231 die
549 4169 727 4232 xxvlss.
752 4168 850 4251 Sept*
876 4170 1077 4234 MDXXV.
