3330 5580
709 485 954 543 essene*

192 631 417 711 germanicae
440 631 575 693 nationi
599 630 868 713 ignominiosius
892 632 1055 694 accidere
1079 630 1213 712 potuit,
1238 651 1346 712 quam
1371 630 1474 694 inea

192 738 343 818 aliquem
369 737 501 800 oboriri
516 737 686 819 potuisse,
710 738 769 820 qui
786 738 925 801 divinas
941 738 1088 818 litteras,
1109 747 1317 832 ,sanctorum
1332 747 1472 820 patrum

192 854 342 923 statuta,
376 855 412 907 et
444 846 489 906 ad
520 853 574 907 tot
606 866 720 908 annos
752 845 951 909 inveterata
976 846 1122 909 decreta
1146 866 1192 907 ex
1216 845 1328 927 iniqui
1351 845 1472 927 potius

192 951 297 1014 animi
322 952 482 1032 licentia,
507 972 610 1033 quam
644 952 715 1013 ulla
748 953 805 1014 vel
837 951 977 1015 minima
1009 952 1231 1016 Christianae
1263 951 1473 1037 eruditionis

191 1059 394 1124 sinceritate
419 1061 526 1141 longe
550 1059 653 1122 aliter
676 1079 781 1140 quam
813 1059 849 1121 hi
881 1080 1030 1141 quorum
1055 1059 1223 1122 divinitus
1247 1059 1367 1122 infusa
1391 1061 1471 1122 doc·

190 1166 282 1228 trina
295 1165 515 1248 integerrimi
527 1186 643 1229 mores
657 1165 841 1229 verissima
856 1186 997 1248 semper
1013 1175 1049 1229 et
1064 1164 1240 1229 ratissima
1256 1168 1471 1246 habuerunt,

190 1273 297 1335 fuerit
322 1293 427 1336 ausus
443 1272 694 1355 interpretari?
727 1272 830 1354 Quod
848 1274 877 1335 si
892 1274 1035 1336 innatae
1051 1273 1240 1355 superbiae
1262 1273 1472 1338 satisfacere

191 1381 374 1462 cupiebat,
402 1382 460 1442 vel
485 1380 514 1442 si
537 1380 631 1442 tristi
649 1380 684 1442 in
709 1381 846 1461 aliquos
875 1380 958 1443 odio
982 1383 1226 1462 torquebatur,
1249 1380 1474 1445 tolerabilior

190 1489 373 1569 aliquanto
398 1487 533 1565 fuisset,
557 1486 588 1550 si
611 1487 721 1549 sacris
736 1489 861 1549 saltem
878 1487 1099 1571 pepercisset
1113 1486 1255 1567 licteris,
1280 1475 1346 1550 nec
1372 1489 1471 1550 here-

190 1596 254 1657 sim
270 1604 330 1656 aut
342 1595 510 1657 zizaniam
529 1594 739 1674 inducendo,
753 1594 950 1657 sanctitatis
970 1602 1137 1676 pretextu
1161 1593 1365 1675 superbiam
1382 1594 1472 1658 infe·

190 1715 353 1783 ctumque
374 1701 526 1763 animum
543 1722 614 1763 non
630 1704 765 1782 absque
782 1701 918 1783 ingenti
937 1701 1134 1765 catholicae
1157 1699 1241 1764 fidei
1266 1700 1470 1765 discrimine

190 1809 421 1873 contenderet
438 1810 596 1891 explere,
622 1818 658 1870 et
674 1807 803 1871 Christi
826 1828 974 1890 gregem
990 1810 1036 1872 ab
1051 1808 1130 1888 ipso
1147 1809 1296 1870 authore
1314 1806 1471 1872 deficere

191 1919 345 1979 doceret.
401 1916 535 1978 Verum
566 1935 671 1996 quum
701 1915 939 1978 scelestissimi
970 1914 1071 1977 istius
1104 1914 1254 1978 hominis
1287 1914 1470 1997 aspirante

191 2025 345 2101 diabole,
370 2023 606 2103 premeditata
630 2022 824 2102 mendacia,
849 2021 1062 2103 confictique
1086 2020 1159 2083 doli
1182 2020 1242 2102 qui
1266 2020 1345 2102 ipso
1369 2020 1469 2085 initio

189 2130 372 2212 religionis
396 2132 516 2193 colore
541 2130 696 2192 obducto
720 2149 912 2211 paucorum
938 2128 1073 2191 animos
1106 2149 1176 2191 non
1210 2127 1296 2190 nihil
1321 2127 1469 2191 offusca·

188 2241 294 2317 bant,
319 2237 368 2300 sic
394 2239 535 2300 tandem
568 2236 632 2299 toti
664 2237 742 2299 orbi
772 2236 1008 2316 innotuerint,
1041 2235 1077 2296 in
1108 2237 1294 2316 lucemque
1324 2237 1470 2300 volente

191 2347 268 2408 Deo
293 2345 502 2427 prodierint,
527 2353 565 2405 ut
588 2364 658 2406 non
683 2344 789 2406 valde
815 2343 859 2405 sit
884 2345 1137 2406 elaborandum
1162 2362 1232 2423 quo
1257 2341 1366 2406 falsas
1391 2362 1468 2424 per-

190 2472 382 2532 versasque
407 2450 517 2533 ipsius
542 2450 728 2532 opiniones
753 2449 833 2513 ullis
857 2450 1007 2531 amplius
1022 2448 1218 2512 rationibus
1234 2448 1468 2529 confutemus,

190 2581 295 2640 quum
320 2579 405 2621 suae
428 2559 505 2639 ipse
530 2561 656 2640 culpae
681 2558 843 2620 conscius
868 2557 987 2620 furore
1012 2568 1119 2637 atque
1143 2555 1284 2618 haeresi
1312 2577 1468 2620 senune

190 2677 262 2728 tum
286 2667 391 2729 modo
417 2676 565 2742 tueatur,
591 2685 656 2746 per
680 2665 890 2728 catholicam
914 2663 1039 2743 fidem,
1064 2682 1128 2744 per
1153 2661 1367 2726 christianae
1391 2663 1469 2727 reli-

189 2773 305 2856 gionis
329 2773 593 2851 incrementum,
619 2792 683 2853 per
707 2771 807 2834 is'tius
831 2772 969 2852 patriae
993 2769 1269 2832 incolumitatem
1290 2789 1332 2832 ac
1347 2771 1469 2851 decus,

189 2880 372 2960 perillam
404 2899 508 2960 quam
533 2879 769 2941 haereditario
799 2878 975 2959 insitoque
999 2877 1158 2940 instituto
1184 2875 1287 2939 vobis
1311 2876 1469 2957 gerimus

190 2986 433 3063 affectionem,
468 3005 534 3066 per
563 3006 782 3049 communem
815 2985 968 3066 denique
993 2983 1146 3048 omnium
1170 2984 1319 3046 salutem
1343 3004 1409 3046 vos
1433 2984 1468 3048 in

190 3092 342 3155 Domino
368 3111 536 3174 rogamus
553 3104 588 3153 et
603 3094 795 3171 hortamur,
812 3103 849 3153 ut
862 3092 1093 3172 contagiosae
1106 3090 1185 3153 huic
1202 3090 1469 3172 extinguendae

189 3200 281 3282 pesti
306 3199 571 3280 imminentique
596 3198 705 3261 exitio
730 3201 972 3280 propulsando
989 3197 1106 3260 velitis
1121 3200 1257 3260 alacres
1274 3198 1469 3263 admovere

189 3327 323 3385 manue,
348 3315 454 3386 atque
479 3305 672 3368 Lutherum
688 3306 803 3386 istum,
819 3327 839 3367 a
857 3305 996 3368 Christo
1013 3306 1183 3367 rebellem
1199 3304 1265 3367 nisi
1280 3305 1469 3387 resipiscat

190 3434 259 3475 una
299 3433 376 3474 cum
422 3412 600 3474 haeretice
639 3412 733 3474 ausis
779 3412 908 3475 libellis
950 3412 1108 3474 funditus
1158 3412 1278 3474 delere
1318 3411 1468 3495 ignique

189 3521 402 3583 servandum
427 3521 585 3582 credere.
633 3517 691 3581 Sic
717 3519 808 3582 enim
833 3519 1060 3601 splendorem
1084 3529 1240 3581 vestrum
1265 3538 1467 3601 nomenque

190 3627 425 3690 Christianum
451 3625 628 3707 augebitis
658 3636 693 3688 et
718 3626 991 3705 conservabitis,
1024 3645 1139 3706 neque
1169 3625 1272 3687 unius
1295 3625 1469 3689 haeretici

190 3745 287 3795 astus
318 3753 359 3795 ac
391 3732 552 3795 fraudem
585 3734 642 3795 vel
674 3753 866 3814 paucorum
898 3732 1016 3795 odium
1052 3754 1092 3795 ac
1128 3732 1295 3813 superbia
1328 3742 1467 3796 tautum

189 3841 284 3923 apud
308 3860 372 3902 vos
397 3841 517 3902 valere
542 3839 770 3902 declarabitis
794 3851 831 3901 ut
856 3860 957 3902 sacra
981 3839 1171 3920 divinaque
1188 3839 1306 3902 omnia
1322 3843 1468 3903 turbare

189 3958 295 4029 queat
320 3957 356 4008 et
379 3947 574 4013 invertere:
600 3948 645 4009 ad
670 3948 764 4028 quod
796 3956 867 4008 tam
899 3956 1057 4009 sanctum
1089 3957 1231 4027 tamque
1251 3946 1330 4009 Deo
1368 3968 1468 4011 acce·

187 4064 287 4137 ptum
312 4074 401 4135 opus
425 4052 578 4116 feliciter
608 4055 881 4132 absolvendum,
914 4053 1072 4116 favorem
1103 4052 1338 4134 patrocinium
1373 4055 1468 4118 vires

188 4162 468 4244 sanguinemque
497 4161 610 4243 ipsum
648 4169 805 4223 nostrum
839 4160 942 4222 vobis
975 4181 1020 4222 ex
1056 4160 1173 4223 animo
1209 4158 1390 4224 offerimus
1425 4183 1467 4225 ac

187 4269 405 4350 pollicemur.
463 4268 507 4330 Et
540 4267 691 4331 feliciter
722 4269 849 4330 valete.
910 4267 965 4329 Ex
994 4267 1094 4347 regia
1131 4278 1251 4329 nostra
1287 4266 1466 4333 Grenwici

187 4375 255 4454 Die
280 4374 358 4437 XX
382 4374 467 4438 Maii
491 4374 673 4438 MDXXI.

330 4510 412 4558 Votre
431 4509 484 4557 bon
504 4523 563 4572 amy

399 4595 501 4669 ileum.
1119 4597 1219 4660 Petrus
1237 4596 1359 4661 lmen.
