3330 5580
722 477 871 533 &3463
910 479 967 533 ΕΗ

187 638 232 690 et
258 627 442 708 omagium
465 625 569 690 michi
595 636 631 689 et
654 646 767 707 regno
784 646 863 688 meo
879 627 1048 706 debitum,
1073 627 1241 691 velillum
1267 650 1308 692 ac
1325 629 1483 693 ordinem

191 755 246 797 ex
273 734 380 797 terris
403 734 472 797 illis
496 735 769 796 exturbandum.
818 733 955 796 Videns
979 743 1096 797 autem
1120 755 1189 815 ego
1214 746 1381 816 quantam
1407 758 1471 818 per

192 842 331 904 niciem
361 840 505 904 afferret
537 860 607 903 non
639 840 694 902 his
717 839 924 920 regionibus
954 842 1066 903 solum
1096 843 1158 903 sed
1184 842 1289 905 etiam
1323 845 1485 906 universe

196 949 254 1011 rei
279 948 471 1011 christiane
497 948 627 1010 bellum
651 948 908 1027 resuscitatum,
934 969 955 1010 a
980 968 1049 1030 quo
1067 969 1122 1011 me
1138 970 1280 1031 semper
1304 965 1339 1012 et
1359 952 1487 1014 Vestra

200 1053 385 1118 Sanctitas
417 1065 453 1117 et
483 1054 595 1117 ferme
627 1075 749 1117 omnes
780 1055 961 1117 christiani
985 1055 1164 1138 principes
1195 1058 1486 1138 dehortabantur,

201 1163 299 1245 elegi
323 1164 447 1244 pocius
478 1182 556 1225 eam
582 1182 706 1245 pacem
737 1181 806 1243 que
830 1183 896 1244 pro
920 1163 1058 1226 ratione
1083 1166 1254 1244 temporis
1279 1166 1487 1247 contingere

202 1270 321 1351 potuit
346 1280 382 1332 et
405 1269 483 1331 visa
507 1277 561 1331 est
584 1268 750 1347 solidior,
775 1289 880 1349 quam
906 1268 1048 1332 omnino
1073 1271 1284 1333 necessitate
1309 1283 1344 1334 et
1367 1272 1487 1336 furore

204 1376 337 1439 bellico
361 1387 475 1439 terras
507 1386 542 1438 et
572 1375 807 1438 hereditatem
832 1396 946 1438 meam
977 1387 1013 1438 et
1036 1376 1159 1456 Regni
1192 1379 1261 1440 mei
1292 1382 1488 1461 repetendo

207 1483 325 1546 omnia
356 1494 499 1545 vastare
531 1492 565 1545 et
598 1483 791 1545 destruere.
848 1482 1085 1546 Considerans
1116 1483 1250 1565 alioqui
1280 1485 1489 1569 iampridem

207 1590 241 1653 in
258 1590 404 1653 Prussia
428 1610 499 1653 non
524 1591 568 1653 de
593 1590 719 1653 ordine
744 1593 867 1667 solum,
892 1590 955 1651 sed
981 1592 1025 1651 de
1048 1599 1124 1653 tota
1145 1611 1291 1672 prorsus
1316 1592 1489 1674 religione

209 1710 325 1760 actum
350 1718 439 1778 esse,
464 1698 519 1760 cui
545 1696 656 1760 errori
681 1698 813 1759 nullam
836 1695 979 1778 penitus
1002 1698 1225 1761 occasionem
1242 1719 1397 1780 unquam
1412 1721 1489 1782 pre·

210 1805 284 1884 bui,
320 1816 360 1867 ut
384 1805 491 1867 etiam
520 1805 556 1867 in
587 1807 654 1867 hac
678 1824 769 1886 pace
794 1802 1016 1865 conficienda
1048 1803 1154 1866 nichil
1184 1826 1253 1868 non
1279 1808 1489 1871 tentaverim

212 1932 278 1993 quo
304 1911 424 1974 omnia
442 1919 522 1974 acta
545 1910 695 1973 fuissent
718 1911 818 1973 iuxta
842 1910 1129 1974 observationem
1145 1923 1291 1976 sanctae
1307 1915 1492 1996 religionis

213 2019 426 2098 catholicae,
452 2030 558 2102 prout
582 2038 704 2080 omnes
728 2029 828 2080 actus
852 2028 888 2080 et
911 2028 1082 2080 tractatus
1106 2019 1218 2082 nostri
1246 2021 1366 2083 testari
1394 2035 1491 2104 pote·

213 2137 300 2205 runt,
326 2126 419 2189 inter
442 2145 532 2207 quos
557 2136 675 2188 tamen
701 2127 809 2187 multa
836 2124 938 2188 effeci
963 2145 1041 2187 cum
1066 2126 1275 2189 consiliariis
1300 2129 1385 2190 meis
1401 2148 1490 2190 com-

215 2236 314 2297 moda
348 2253 414 2315 pro
447 2232 690 2295 iurisdictione
724 2231 965 2294 ecclesiastica
998 2242 1033 2294 et
1066 2233 1288 2296 restitutione
1319 2237 1490 2298 bonorum

215 2340 530 2404 ecclesiasticorum
555 2339 589 2401 in
613 2339 682 2402 illis
706 2339 830 2416 terriS,
855 2359 923 2419 que
948 2348 1028 2401 acta
1053 2353 1088 2401 et
1111 2343 1298 2421 deplorata
1322 2342 1488 2405 videban-

215 2457 275 2527 tur,
299 2458 336 2510 et
360 2467 467 2529 spero
492 2447 652 2521 subinde,
677 2447 756 2509 Deo
779 2446 937 2527 propitio
962 2456 997 2508 et
1018 2446 1063 2509 V.
1088 2444 1138 2507 S¹⁴³
1161 2448 1267 2510 michi
1291 2448 1490 2528 assistente,

217 2554 285 2618 sine
309 2574 443 2636 magno
475 2554 624 2634 strepitu
656 2554 701 2616 ad
733 2574 891 2616 normam
925 2561 961 2616 et
984 2555 1125 2615 modum
1158 2555 1315 2616 debitum
1349 2575 1413 2636 per
1437 2577 1492 2618 me

217 2661 332 2724 reduci
358 2680 475 2742 posse,
500 2661 559 2742 qui
577 2660 716 2742 cupiam
742 2672 777 2722 et
793 2671 939 2741 paratus
963 2661 1027 2723 sim
1048 2681 1188 2741 semper
1205 2681 1270 2743 pro
1287 2664 1382 2724 bono
1400 2672 1492 2725 statu

218 2769 263 2832 rei
295 2767 489 2830 christiane
522 2778 556 2831 et
599 2768 699 2830 istius
733 2768 862 2829 Sancte
897 2765 1002 2830 Sedis
1036 2768 1245 2849 Apostolice
1278 2789 1349 2831 non
1388 2772 1492 2832 modo

218 2876 367 2938 studium
399 2894 544 2956 operam
577 2886 613 2936 et
636 2876 825 2937 facultates
849 2894 946 2937 meas
977 2896 1099 2937 omnes
1130 2877 1193 2938 sed
1226 2885 1261 2938 et
1285 2876 1492 2957 sanguinem

220 2992 249 3045 et
271 2983 382 3045 vitam
407 3001 537 3059 meam,
573 2982 601 3043 si
632 2982 682 3044 ita
706 3002 763 3043 res
788 2984 960 3062 postulet,
998 3002 1180 3064 exponere
1205 2994 1241 3044 et
1265 2983 1493 3065 profundere.

219 3087 287 3152 Nec
320 3108 474 3171 unquam
505 3085 685 3150 Sanctitas
717 3088 848 3151 Vestra
878 3089 981 3152 aliter
1012 3089 1079 3151 sibi
1117 3091 1161 3152 de
1193 3110 1248 3153 me
1280 3102 1314 3152 et
1345 3090 1495 3152 subditis

220 3195 300 3259 meis
333 3194 539 3277 persuaderi
569 3196 741 3276 paciatur.
790 3195 879 3258 Nam
911 3207 946 3259 et
977 3208 1113 3280 pestem
1138 3196 1241 3260 istam
1274 3199 1495 3259 lutheranam

221 3300 615 3384 pemitiosissimumque
639 3303 839 3365 incendium
872 3302 947 3365 eius
979 3322 1048 3383 quo
1073 3303 1195 3383 Regni
1219 3304 1286 3366 mei
1313 3303 1496 3385 proximus

221 3421 252 3472 et
273 3409 387 3473 maior
411 3410 514 3472 ardet
529 3409 659 3491 paries,
684 3420 816 3492 quanto
831 3412 954 3471 labore
979 3422 1014 3472 et
1031 3410 1267 3474 sollicitudine
1284 3411 1496 3493 extinguere

222 3528 253 3580 et
275 3538 296 3581 a
320 3517 455 3599 Regno
479 3537 558 3580 meo
582 3538 705 3580 arcere
729 3517 840 3595 nitor,
876 3518 963 3579 satis
987 3538 1064 3579 cum
1090 3517 1207 3580 edicta
1237 3528 1273 3580 et
1296 3518 1497 3600 legationes

222 3644 312 3706 mee,
342 3633 414 3686 tum
443 3625 501 3686 vel
524 3624 657 3686 nunctii
688 3635 723 3687 et
747 3625 857 3706 legati
882 3621 1090 3686 Sanctitatis
1121 3635 1263 3687 vestrae
1293 3625 1497 3688 testimonio

222 3752 295 3797 esse
327 3742 484 3814 possunt.
531 3730 811 3813 Significandum
836 3743 954 3794 autem
987 3730 1073 3793 duxi
1104 3733 1197 3794 hunc
1222 3752 1422 3795 successum
1446 3733 1498 3794 rei

222 3839 426 3922 pruthenice
450 3847 569 3901 vestre
593 3838 781 3917 sanctitati,
806 3848 879 3901 tum
904 3838 986 3919 quia
1009 3838 1117 3901 sciam
1142 3839 1237 3901 illam
1262 3839 1355 3901 omni
1380 3840 1498 3902 studio

222 3949 263 4010 ad
288 3966 507 4010 communem
528 3965 652 4027 pacem
669 3946 939 4008 christianorum
960 3945 1177 4026 incumbere,
1201 3955 1274 4008 tum
1292 3946 1398 4009 etiam
1416 3948 1499 4027 quia

223 4075 289 4119 non
320 4054 482 4137 ignorem
513 4073 583 4134 qua
608 4074 692 4116 cura
724 4062 759 4117 et
782 4052 1005 4134 benignitate
1030 4073 1085 4115 me
1114 4062 1149 4115 et
1173 4073 1231 4115 res
1255 4073 1352 4115 meas
1376 4074 1498 4115 omnes

222 4160 405 4243 complecti
439 4159 622 4239 dignetur;
658 4159 880 4241 proindeque
921 4180 1027 4240 spero
1065 4181 1134 4223 non
1169 4159 1381 4223 mediocrem
1416 4161 1498 4222 inde

223 4268 366 4331 letitiam
398 4278 433 4330 et
464 4268 682 4348 voluptatem
716 4267 882 4330 Vestram
913 4265 1146 4330 Sanctitatem
1178 4267 1378 4330 habituram
1410 4288 1498 4345 esse,

224 4374 284 4439 Cui
314 4396 370 4464 me
401 4375 507 4437 etiam
539 4386 645 4454 atque
670 4374 775 4437 etiam
804 4373 982 4436 humiliter
1014 4383 1049 4437 et
1080 4395 1125 4437 ex
1158 4376 1266 4437 corde
1290 4377 1499 4437 commendo

224 4492 257 4545 et
286 4491 372 4563 opto
403 4492 441 4543 ut
473 4482 531 4542 diu
562 4484 681 4544 valeat
711 4481 896 4544 incolumis
926 4490 962 4543 et
986 4481 1083 4544 felix.
1131 4482 1214 4543 Dat.
1239 4481 1411 4543 l'racovie
1442 4482 1500 4543 die

224 4588 318 4651 XXI
353 4587 459 4667 Maii,
499 4589 606 4651 Anno
647 4589 880 4668 Jhesuchristi
915 4589 1106 4651 MDXXV
1142 4587 1264 4669 Regni
1302 4588 1367 4650 mei
1406 4609 1499 4650 rinno

224 4695 464 4761 decimonono
