3330 5580
762 466 780 485 Ἄ
877 465 893 476 ⁴⁴
924 481 929 485 .

723 478 779 517 offis
819 466 836 518 6
877 483 927 515 “Λ”,

186 626 319 678 temere
356 624 391 674 et
427 613 533 693 impie
569 614 708 692 prolata
746 611 1052 692 perturbationum
1092 632 1197 672 causa
1237 613 1271 673 in
1308 613 1470 675 Ecclesia

186 721 338 799 fuerant,
363 721 523 782 consulte
541 739 582 781 ac
609 720 803 799 prudenter
827 729 864 779 ut
889 717 1116 779 christianum
1141 719 1245 779 decet
1270 734 1471 798 revocaret,

187 828 342 908 alioquin
380 839 415 888 ut
450 827 651 889 haereticus
685 829 730 889 ab
765 825 927 887 omnibus
959 824 1062 886 vitari
1094 835 1129 886 et
1160 825 1276 905 puniri
1308 828 1469 903 deberet,

186 946 292 1016 prout
316 936 350 996 in
376 934 516 1009 nostris,
541 934 574 994 in
602 933 729 1013 quibus
754 933 928 994 voluimus
952 933 1047 1013 quod
1071 931 1210 993 litterae
1227 932 1327 1012 ipsae
1344 933 1380 996 in
1395 954 1468 996 cer-

187 1043 231 1104 tis
264 1042 422 1104 ecclesiis
449 1041 625 1122 publicari
650 1042 840 1117 deberent,
873 1040 1011 1119 plenius
1037 1039 1248 1101 continetur.
1296 1041 1472 1104 Volentes

186 1149 294 1231 igitur
325 1160 363 1210 ut
394 1149 532 1211 litterae
564 1158 707 1210 nostrae
741 1147 946 1228 praedictae
980 1147 1015 1207 in
1040 1146 1108 1207 illis
1133 1146 1294 1226 partibus
1318 1146 1472 1212 fideliter

187 1256 411 1338 publicentur
437 1268 471 1317 et
495 1255 530 1316 in
556 1255 606 1316 eis
631 1264 799 1316 contenta
821 1252 1024 1315 executioni
1040 1253 1183 1316 debitae
1201 1256 1470 1335 demandentur,

187 1385 228 1427 ac
253 1373 432 1426 sumentes
457 1363 489 1424 in
516 1374 576 1424 tua
600 1362 790 1442 prudentia
816 1361 850 1422 in
876 1361 996 1422 arduis
1015 1364 1248 1441 comprobata
1265 1372 1299 1422 et
1316 1382 1471 1442 persona

188 1483 247 1533 tua
272 1470 538 1551 quamplurimis
556 1469 743 1531 virtutibus
758 1467 927 1547 insignita
943 1466 1101 1528 fidutiam
1119 1467 1154 1528 in
1172 1469 1250 1530 Deo
1269 1470 1471 1550 specialem,

187 1589 222 1641 te
248 1598 326 1640 cum
351 1576 600 1639 benedictione
624 1575 716 1637 illius
742 1576 838 1655 cujus
862 1575 959 1636 vices
983 1574 1016 1634 in
1043 1574 1147 1637 terris
1171 1575 1326 1654 gerimus
1351 1579 1472 1658 etqui

188 1706 307 1749 curam
324 1683 445 1764 gregis
463 1684 515 1745 sui
533 1682 635 1745 nobis
652 1681 871 1744 committere
889 1682 1057 1761 dignatus
1074 1691 1138 1759 est,
1163 1683 1207 1743 ad
1228 1683 1469 1746 charissimum

188 1795 222 1856 in
239 1792 379 1855 Christo
404 1789 512 1852 filium
537 1799 696 1852 nostrum
713 1788 877 1850 Carolum
895 1787 1140 1850 Romanorum
1166 1798 1200 1849 et
1218 1788 1469 1870 Hispaniarum

188 1921 310 1982 regem
346 1898 558 1961 catholicum
591 1897 625 1958 in
658 1896 912 1976 Imperatorem
949 1896 1099 1957 electum
1132 1907 1167 1957 et
1197 1895 1298 1967 Sacri
1329 1897 1471 1978 Imperii

188 2009 363 2070 electores
386 2025 580 2086 omnesque
599 2003 812 2066 Germaniae
838 2004 972 2065 Bassae
996 2013 1032 2065 et
1056 2004 1150 2065 altae
1174 2004 1362 2085 episcopos
1377 2006 1470 2087 prin-

190 2115 287 2195 cipes
318 2117 469 2175 barones
502 2111 734 2175 comunitates
766 2122 801 2172 et
832 2109 1017 2171 universos
1048 2111 1228 2188 praelatos
1260 2121 1295 2172 et
1325 2114 1371 2173 ad
1401 2113 1471 2174 alia

189 2225 268 2284 loca
291 2221 335 2282 ad
362 2240 452 2300 quae
477 2229 511 2281 te
537 2218 716 2280 declinare
741 2216 941 2297 contigerit,
965 2215 1131 2278 Nuntium
1157 2226 1192 2277 et
1216 2227 1392 2280 oratorem
1412 2240 1469 2293 no-

190 2339 298 2391 strum
322 2327 505 2402 mittimus,
540 2327 765 2407 injungentes
789 2324 852 2385 tibi
877 2333 915 2384 ut
940 2323 1069 2384 Carolo
1094 2324 1172 2404 regi
1196 2335 1232 2384 et
1256 2325 1472 2387 electoribus

190 2456 231 2498 ac
257 2435 334 2498 aliis
358 2433 578 2515 principibus
603 2443 638 2495 et
663 2431 832 2512 praelatis
857 2429 1029 2511 praefatis
1054 2441 1176 2491 nostro
1202 2431 1343 2493 nemine
1371 2453 1469 2513 prae-

190 2542 321 2605 dictum
339 2551 461 2604 eontra
478 2541 668 2603 Martinum
686 2539 818 2601 editum
835 2550 870 2599 et
887 2538 974 2600 alias
990 2539 1226 2600 credentiales
1242 2539 1379 2602 litteras
1395 2561 1470 2603 nos·

191 2667 262 2712 tras
287 2661 450 2730 patentes
475 2668 516 2708 ac
541 2658 697 2709 nostram
723 2657 875 2709 mentem
901 2646 970 2706 illis
991 2645 1228 2707 communices
1246 2649 1470 2726 quemadmo-

191 2758 272 2818 dum
304 2776 482 2836 propensa
514 2764 568 2815 est
603 2756 647 2816 ad
680 2753 762 2815 fidei
801 2753 996 2815 catholicae
1031 2773 1172 2815 causam
1198 2753 1471 2832 defendendam,

191 2883 383 2943 eorumque
418 2861 550 2922 auxilia
584 2862 629 2922 ad
661 2863 753 2923 hanc
779 2860 871 2940 piam
906 2872 941 2921 et
972 2860 1207 2922 necessariam
1237 2860 1304 2922 Dei
1330 2881 1472 2924 eausam

190 2971 358 3050 implores
388 2970 695 3050 persuadeasque,
729 2978 764 3029 et
791 2966 988 3029 rationibus
1021 2967 1085 3028 tibi
1118 2966 1211 3028 notis
1235 2967 1395 3046 indutus,
1429 2990 1471 3031 ac

191 3077 348 3139 cordium
366 3096 509 3138 suorum
526 3074 622 3137 fores
649 3074 790 3136 assidue
806 3074 949 3153 pulsare
966 3094 1035 3135 non
1054 3073 1205 3135 desistas
1227 3084 1264 3135 ut
1282 3074 1471 3137 Martinum

191 3183 304 3265 ipsum
339 3182 473 3245 hortari
505 3181 615 3244 velint
645 3192 683 3242 ut
715 3180 859 3261 cognita
893 3180 1045 3242 veritate
1076 3181 1121 3242 ad
1151 3191 1284 3243 rectam
1312 3181 1471 3245 semitam

191 3293 333 3353 tandem
359 3292 483 3353 redeat
508 3301 543 3351 et
567 3290 668 3369 hujus
689 3289 843 3349 Sanctae
864 3286 969 3349 Sedis
994 3288 1169 3350 mandatis
1193 3300 1329 3368 pareat.
1368 3288 1472 3368 Quod

191 3399 220 3460 si
244 3397 386 3476 fecerit,
411 3397 510 3459 verbi
537 3395 732 3458 Salvatoris
758 3395 868 3456 nostri
893 3415 1077 3473 memores,
1102 3396 1162 3476 qui
1188 3416 1257 3458 non
1283 3397 1358 3457 vult
1384 3417 1471 3458 mor·

192 3516 262 3568 tem
296 3504 512 3585 peccatoris,
546 3503 609 3565 sed
641 3512 679 3564 ut
708 3513 935 3565 convertatur
967 3512 1002 3563 et
1025 3501 1141 3584 vivat,
1176 3514 1209 3564 et
1235 3505 1329 3584 quod
1354 3505 1473 3583 angeli

191 3611 305 3691 magis
336 3611 496 3693 gaudent
528 3611 572 3672 de
608 3630 676 3672 uno
710 3620 900 3690 peccatore
934 3608 979 3670 ad
1012 3609 1268 3689 poenitentiam
1302 3612 1473 3674 redeunte

192 3739 296 3799 quarn
327 3719 372 3779 de
398 3728 538 3780 centum
559 3717 680 3798 justiS,
714 3716 773 3798 qui
798 3726 834 3778 et
858 3715 942 3776 alibi
968 3727 1087 3778 monet
1111 3718 1302 3780 habentem
1330 3727 1473 3780 centum

192 3846 278 3887 oves
311 3825 339 3887 si
371 3846 475 3887 unam
507 3845 552 3886 ex
586 3824 654 3886 illis
683 3821 879 3904 perdiderit
904 3822 1133 3885 dimittendas
1167 3845 1244 3886 esse
1279 3824 1474 3906 nonaginta

193 3952 320 3994 novem
344 3931 378 3993 in
404 3931 547 3992 deserto
573 3940 608 3993 et
632 3930 682 3992 ire
707 3932 752 3991 ad
778 3929 873 3990 illam
898 3949 989 4009 quae
1015 3931 1170 4010 perierat
1195 3931 1308 3992 donec
1330 3931 1473 3995 invene-

193 4039 237 4103 rit
262 4059 351 4116 eam,
378 4039 526 4100 eundem
553 4037 741 4098 Martinurn
768 4037 813 4097 ad
837 4035 989 4116 gratiam
1014 4048 1051 4098 ut
1082 4039 1226 4099 charum
1255 4036 1362 4099 filium
1388 4039 1473 4101 reci·

193 4146 340 4225 piemuS,
355 4144 541 4226 ipsumque
558 4143 752 4206 honoribus
769 4162 1080 4223 recognoscemus;
1102 4145 1131 4205 si
1147 4164 1243 4221 vern,
1260 4146 1354 4225 quod
1370 4146 1473 4226 absit,

193 4271 314 4312 eorum
346 4259 382 4312 et
413 4260 534 4312 nostra
568 4250 701 4312 monita
735 4249 864 4329 exequi
898 4250 1113 4329 neglexerit,
1146 4271 1284 4313 omnem
1310 4271 1413 4330 opem
1439 4265 1474 4314 et

194 4378 340 4440 operam
366 4357 571 4439 impendere
596 4367 631 4418 et
656 4356 837 4431 adhibere,
862 4368 968 4437 teque
992 4377 1058 4437 pro
1076 4357 1209 4419 viribus
1223 4359 1347 4438 juvare
1366 4360 1474 4421 velint

194 4476 240 4540 ut,
267 4467 340 4546 ejus
358 4465 557 4527 temeritate
576 4466 756 4546 depressa,
782 4464 953 4525 adversus
970 4476 1039 4527 tarn
1065 4465 1271 4546 pestiferum
1296 4465 1473 4529 hominem

195 4574 360 4633 mandata
386 4584 506 4633 nostra
531 4571 661 4652 exequi
686 4573 808 4633 valeas
817 4619 825 4651 ,
859 4571 1043 4652 cupientes
1068 4583 1103 4634 et
1128 4583 1261 4635 tantam
1287 4573 1402 4634 labem
1429 4594 1470 4635 ex

194 4679 355 4760 partibus
389 4678 457 4741 illis
491 4678 681 4757 eradicari,
716 4687 751 4740 et
782 4698 824 4740 ea
852 4677 1005 4741 infectos
1029 4679 1160 4755 corrigi
1184 4699 1226 4740 ac
1251 4699 1389 4741 errores
1414 4682 1471 4741 hu·
1515 4715 1518 4726 ·

191 4785 342 4866 jusmodi
377 4785 559 4866 extirpari,
595 4797 630 4847 et
664 4795 866 4867 opportuna
890 4786 1048 4849 remedia
1073 4785 1251 4863 adhiberi,
1285 4796 1473 4867 antequam
