3330 5580
720 459 778 512 &¹23
818 457 870 512 105
908 456 966 508 11»ο

188 625 264 687 per
289 606 347 667 un'
372 606 480 683 altra,
517 605 572 665 chi
600 614 724 686 aperte
750 612 786 666 et
809 602 864 664 chi
890 605 956 665 sub
980 610 1149 684 pretextu
1174 599 1268 663 boni.
1317 598 1391 662 Sed
1415 619 1485 664 non

190 733 345 793 possum
363 722 439 774 tute
464 711 581 774 omnia
605 711 772 774 scribere.
810 709 911 772 Felix
938 708 1035 770 vivat
1050 717 1086 770 et
1103 709 1223 769 valeat
1238 704 1487 769 sanctissimus

191 820 241 883 D.
270 819 312 880 N.
339 830 375 882 et
399 817 695 883 reverendissima
719 816 916 906 dominatio
937 824 1074 897 vestra,
1105 835 1254 896 quorum
1278 815 1389 895 pedes
1417 834 1485 876 ma·

193 946 339 1009 nusque
364 927 563 990 deosculor.
611 925 842 991 Wormatiae.

755 1125 761 1132 a
814 1119 944 1131 ιωνννιΗΝᾺι

818 1388 871 1453 31.

536 1504 745 1584 Aleander
773 1503 1145 1584 Vioecanoellario.

618 1651 760 1723 (1111111111.
780 1650 871 1710 Germ
889 1650 919 1708 1..
937 1649 981 1708 111
1000 1649 1070 1721 110.)

701 1775 736 1837 (4.
756 1769 880 1840 Martii(?)
903 1769 989 1839 1521.)

292 1897 330 1958 Io
362 1898 409 1957 ho
442 1898 533 1958 lecto
565 1899 598 1958 al
631 1897 757 1958 doctor
781 1895 955 1977 Capitone
981 1897 1013 1958 el
1038 1896 1195 1977 capitulo
1221 1897 1265 1957 de
1289 1899 1417 1960 lettere
1441 1900 1485 1959 de

198 2005 242 2066 V.
267 2003 305 2066 S.
327 2004 426 2087 Rma
450 2013 484 2065 et
509 2005 543 2066 la
567 2006 661 2067 bona
685 2023 858 2086 speranza
886 2002 992 2066 cheli
1009 2003 1118 2074 dona;
1144 2003 1306 2085 supplico
1323 2003 1351 2066 si
1366 2005 1485 2066 mandi

196 2113 243 2175 ad
276 2109 490 2173 executione
520 2111 651 2192 perche
684 2110 825 2192 questui
854 2111 872 2172 ὲ
905 2130 974 2172 11110
1007 2111 1052 2173 de
1076 2109 1204 2190 grandi
1230 2109 1415 2192 Capitanei
1441 2111 1484 2172 de

197 2218 220 2281 li
237 2216 448 2281 Academici
473 2217 584 2280 nostri
609 2217 737 2280 nemici
762 2237 872 2280 ancor
896 2218 962 2279 che
987 2218 1126 2278 occulto
1150 2237 1215 2299 per
1239 2228 1402 2297 respecto
1428 2218 1484 2280 del

197 2325 412 2406 Maguntino
438 2343 504 2387 con
529 2326 561 2386 el
587 2326 669 2405 qual
693 2324 741 2386 lui
766 2333 834 2388 sta:
861 2333 896 2387 et
921 2333 1046 2405 questo
1071 2326 1190 2386 buono
1215 2325 1319 2386 homo
1338 2324 1386 2385 dil
1402 2324 1483 2387 Car·

199 2433 319 2494 dinale
352 2451 423 2493 non
455 2433 488 2493 10
522 2433 603 2494 vole
638 2433 785 2494 credere
812 2431 890 2493 anci
915 2451 979 2513 per
1004 2432 1156 2493 lassarse
1181 2433 1342 2513 aggabar
1367 2432 1413 2493 da
1436 2432 1484 2493 lui

199 2548 390 2602 commette
415 2538 448 2600 di
476 2537 573 2600 molti
598 2538 719 2618 errori,
744 2559 789 2602 ne
813 2539 859 2601 mi
883 2539 992 2621 giova
1016 2541 1080 2601 che
1104 2538 1139 2601 io
1163 2559 1210 2619 ge
1234 2539 1255 2601 l'
1271 2538 1368 2601 habii
1385 2541 1484 2601 detto

200 2658 233 2710 et
257 2655 475 2724 monstrato,
508 2647 573 2708 che
605 2666 674 2708 non
704 2649 739 2709 lo
771 2649 829 2709 vol
861 2648 1000 2709 creder:
1048 2647 1178 2708 Donde
1205 2646 1315 2709 siamo
1341 2645 1484 2708 sforzati

199 2752 331 2836 pigliar
355 2754 454 2815 detto
480 2752 654 2833 Capitano
679 2773 744 2834 per
767 2774 813 2816 un
839 2755 929 2816 altro
954 2774 1070 2833 versq
1095 2764 1131 2816 et
1148 2754 1266 2834 quello
1284 2754 1349 2815 che
1365 2754 1483 2816 vorrei

201 2861 295 2924 fusse
320 2870 377 2923 sta
401 2869 503 2921 usato
529 2861 575 2921 da
598 2860 773 2942 principio
798 2859 878 2947 (che
902 2863 991 2924 hora
1015 2882 1086 2923 non
1111 2861 1129 2924 ὲ
1154 2863 1288 2942 tempo)
1313 2861 1424 2923 veder
1448 2861 1483 2922 di

201 2968 416 3050 acquistarlo
441 2987 507 3029 con
532 2968 682 3049 qualche
706 2969 823 3050 gratia
847 2969 893 3031 da
908 2970 1027 3032 Roma
1052 2979 1087 3031 et
1111 2968 1298 3050 presertim
1317 2989 1384 3031 con
1402 2989 1482 3049 que·

202 3089 252 3139 sta
285 3075 533 3158 prepositura,
566 3075 601 3137 di
633 3078 668 3138 la
698 3077 780 3157 qual
806 3078 970 3140 havendo
994 3080 1029 3140 la
1053 3078 1170 3158 gratia
1195 3098 1263 3139 non
1288 3076 1334 3138 mi
1359 3076 1483 3139 dubito

202 3204 267 3247 non
285 3185 320 3246 lo
339 3182 450 3246 siamo
467 3202 531 3263 per
555 3184 677 3261 haver‚
702 3204 740 3247 se
762 3204 832 3246 non
854 3185 912 3246 del
928 3193 1019 3246 tutto
1034 3205 1100 3266 per
1115 3184 1185 3264 noi,
1201 3186 1340 3246 almeno
1358 3204 1482 3246 manco

202 3291 327 3354 nocivo
353 3290 423 3352 alla
447 3310 554 3352 causa
578 3290 764 3369 catholica,
789 3311 828 3353 se
852 3311 923 3354 non
948 3292 1044 3354 fusse
1068 3311 1134 3372 per
1150 3294 1240 3354 altro
1257 3293 1322 3354 che
1339 3310 1405 3372 per
1419 3311 1482 3354 suo

201 3397 372 3461 interesse
395 3417 461 3479 per
485 3417 717 3461 conservarse
742 3398 841 3461 detta
864 3397 1102 3479 prepositura,
1129 3398 1281 3461 essendo
1306 3397 1330 3459 li
1356 3397 1480 3459 Luthe-

201 3505 274 3568 rani
306 3503 514 3567 destruttori
546 3504 590 3567 de
622 3503 708 3587 ogni
738 3515 835 3567 sorta
866 3504 902 3567 di
933 3503 1091 3567 benefitii
1115 3505 1356 3568 ecclesiastici.
1399 3505 1481 3586 lpse

201 3614 307 3675 multa
330 3620 451 3693 potest
474 3630 540 3693 per
563 3613 675 3674 haver
699 3611 758 3694 gii
783 3615 855 3675 cosi
880 3611 1121 3674 infenochiato
1138 3612 1350 3694 Moguntino
1368 3620 1404 3673 et
1418 3631 1482 3692 per

202 3740 316 3781 essere
348 3717 572 3800 predicatore
603 3718 785 3781 ordinario
817 3720 860 3782 de
885 3720 919 3781 la
944 3719 1065 3781 chiesa
1089 3718 1311 3799 Moguntina‚
1343 3729 1379 3780 et
1403 3738 1478 3799 pre·

203 3836 345 3908 ceptore
369 3826 415 3888 de
439 3825 539 3906 quasi
564 3824 644 3886 tutti
668 3826 714 3887 de
739 3825 855 3906 questi
872 3825 1157 3907 Theologopoeti
1182 3824 1398 3907 predicatori
1416 3825 1481 3887 che

202 3951 359 4013 regnano
384 3933 417 3994 al
441 3942 610 4013 presente
635 3932 670 3994 in
694 3933 728 3994 le
752 3932 942 4015 principali
967 3932 1085 3995 chiese
1110 3932 1145 3994 di
1170 3931 1372 3994 Germania.

285 4037 401 4100 Molto
425 4040 473 4101 ha
495 4038 642 4119 giovato
667 4041 733 4102 che
757 4039 890 4102 Vostra
915 4037 1082 4121 Signoria
1105 4039 1422 4101 Reverendissima
1446 4039 1479 4101 in

202 4165 258 4209 sue
283 4144 407 4208 ultime
431 4146 535 4208 lettre
559 4145 644 4209 habi
668 4147 757 4209 fatto
782 4147 852 4209 due
876 4167 897 4208 o
922 4156 975 4208 tre
999 4145 1082 4208 fiate
1108 4145 1285 4208 mentione
1310 4147 1365 4208 del
1391 4146 1480 4209 Con-

201 4250 323 4330 fessor,
342 4253 375 4314 el
393 4253 474 4333 qual
493 4273 558 4335 per
574 4253 672 4316 molti
689 4253 805 4334 giorni
822 4253 935 4334 primo
951 4273 1062 4334 parea
1083 4251 1255 4316 refredito
1280 4253 1314 4315 in
1339 4256 1374 4315 la
1397 4273 1480 4315 cosa

201 4370 329 4437 nostra,
347 4359 382 4420 la
397 4379 504 4422 causa
516 4379 585 4422 non
604 4360 721 4422 scrivo
738 4379 802 4442 per
816 4369 942 4441 questa
954 4380 1018 4440 per
1032 4380 1129 4422 esser
1142 4362 1311 4440 alquanto
1325 4362 1478 4441 prolixa:

200 4466 262 4528 hor
286 4468 321 4529 al
351 4477 517 4548 presente
541 4465 655 4529 lettoli
680 4466 703 4529 li
728 4466 873 4548 capitoli
898 4467 942 4529 de
967 4468 1070 4528 lettre
1096 4466 1130 4527 di
1156 4465 1288 4528 Vostra
1314 4464 1480 4547 Signoria

201 4571 514 4636 Reverendissima
538 4594 576 4635 se
599 4574 647 4636 ha
670 4584 760 4636 tutto
785 4573 1047 4636 reconfermato
1072 4593 1136 4654 per
1161 4573 1237 4650 noi,
1263 4574 1376 4654 perho
1400 4592 1478 4654 sup-

200 4679 291 4759 plico
317 4680 383 4741 che
406 4678 442 4741 in
467 4679 553 4760 ogni
577 4701 641 4742 sua
665 4681 770 4743 lettra
795 4700 839 4742 ne
862 4677 955 4743 iacci
975 4683 1125 4762 qualche
1141 4681 1320 4744 mentione
1337 4681 1402 4742 che
1420 4680 1477 4762 piu

201 4785 306 4868 giova
330 4785 425 4849 mille
449 4789 556 4867 volte,
582 4789 647 4851 che
669 4808 716 4849 un
731 4790 841 4850 breve
857 4809 1051 4870 commune,
1076 4789 1149 4852 scio
1165 4789 1260 4871 quod
1275 4787 1369 4850 dico:
1395 4786 1478 4849 novi
