<?xml version="1.0" encoding="UTF-8"?>
<!DOCTYPE html PUBLIC "-//W3C//DTD XHTML 1.0 Transitional//EN"
    "http://www.w3.org/TR/xhtml1/DTD/xhtml1-transitional.dtd">
<html xmlns="http://www.w3.org/1999/xhtml" xml:lang="en" lang="en">
 <head>
  <title>
</title>
<meta http-equiv="Content-Type" content="text/html;charset=utf-8" />
  <meta name='ocr-system' content='tesseract 3.04.00' />
  <meta name='ocr-capabilities' content='ocr_page ocr_carea ocr_par ocr_line ocrx_word'/>
</head>
<body>
  <div class='ocr_page' id='page_1' title='image "./monumentareform00vatigoog_0464.png"; bbox 0 0 3330 5580; ppageno 0'>
   <div class='ocr_carea' id='block_1_1' title="bbox 704 447 951 503">
    <p class='ocr_par' dir='ltr' id='par_1_1' title="bbox 704 447 951 503">
     <span class='ocr_line' id='line_1_1' title="bbox 704 447 951 503; baseline -0.008 -1"><span class='ocrx_word' id='word_1_1' title='bbox 704 448 854 503; x_wconf 50' lang='grc' dir='ltr'><strong>ωἷ1423</strong></span> <span class='ocrx_word' id='word_1_2' title='bbox 893 447 951 500; x_wconf 51' lang='grc' dir='ltr'><strong>[Ἡ</strong></span> 
     </span>
    </p>
   </div>
   <div class='ocr_carea' id='block_1_2' title="bbox 185 591 1472 1316">
    <p class='ocr_par' dir='ltr' id='par_1_2' title="bbox 185 591 1472 1316">
     <span class='ocr_line' id='line_1_2' title="bbox 185 591 1469 675; baseline 0.003 -21"><span class='ocrx_word' id='word_1_3' title='bbox 185 592 381 657; x_wconf 82' lang='lat' dir='ltr'><strong>Frederico</strong></span> <span class='ocrx_word' id='word_1_4' title='bbox 406 591 452 655; x_wconf 90' lang='lat' dir='ltr'><strong>de</strong></span> <span class='ocrx_word' id='word_1_5' title='bbox 476 591 635 656; x_wconf 82' lang='lat' dir='ltr'><strong>Saxonia</strong></span> <span class='ocrx_word' id='word_1_6' title='bbox 659 602 696 656; x_wconf 89' lang='lat' dir='ltr'><strong>et</strong></span> <span class='ocrx_word' id='word_1_7' title='bbox 719 591 791 673; x_wconf 86' lang='lat' dir='ltr'>egli</span> <span class='ocrx_word' id='word_1_8' title='bbox 822 592 963 655; x_wconf 89' lang='lat' dir='ltr'><strong>inimico</strong></span> <span class='ocrx_word' id='word_1_9' title='bbox 987 614 1053 675; x_wconf 91' lang='lat' dir='ltr'><strong>per</strong></span> <span class='ocrx_word' id='word_1_10' title='bbox 1084 595 1119 655; x_wconf 91' lang='lat' dir='ltr'><strong>la</strong></span> <span class='ocrx_word' id='word_1_11' title='bbox 1142 605 1240 656; x_wconf 84' lang='lat' dir='ltr'><strong>secta</strong></span> <span class='ocrx_word' id='word_1_12' title='bbox 1271 596 1469 658; x_wconf 81' lang='lat' dir='ltr'><strong>lutherana.</strong></span> 
     </span>
     <span class='ocr_line' id='line_1_3' title="bbox 188 698 1470 782; baseline 0.002 -20"><span class='ocrx_word' id='word_1_13' title='bbox 188 701 225 763; x_wconf 94' lang='lat' dir='ltr'><strong>Io</strong></span> <span class='ocrx_word' id='word_1_14' title='bbox 250 701 285 764; x_wconf 92' lang='lat' dir='ltr'><strong>el</strong></span> <span class='ocrx_word' id='word_1_15' title='bbox 307 720 396 782; x_wconf 92' lang='lat' dir='ltr'><strong>pose</strong></span> <span class='ocrx_word' id='word_1_16' title='bbox 420 698 476 761; x_wconf 87' lang='lat' dir='ltr'><strong>fra</strong></span> <span class='ocrx_word' id='word_1_17' title='bbox 500 699 523 761; x_wconf 88' lang='lat' dir='ltr'><strong>ii</strong></span> <span class='ocrx_word' id='word_1_18' title='bbox 548 699 629 761; x_wconf 89' lang='lat' dir='ltr'><strong>altri</strong></span> <span class='ocrx_word' id='word_1_19' title='bbox 654 719 698 762; x_wconf 91' lang='lat' dir='ltr'><strong>ne</strong></span> <span class='ocrx_word' id='word_1_20' title='bbox 722 701 756 762; x_wconf 89' lang='lat' dir='ltr'><strong>la</strong></span> <span class='ocrx_word' id='word_1_21' title='bbox 781 699 850 765; x_wconf 85' lang='lat' dir='ltr'><strong>mia</strong></span> <span class='ocrx_word' id='word_1_22' title='bbox 872 699 1011 763; x_wconf 86' lang='lat' dir='ltr'><strong>littera:</strong></span> <span class='ocrx_word' id='word_1_23' title='bbox 1044 722 1100 764; x_wconf 87' lang='lat' dir='ltr'><strong>ma</strong></span> <span class='ocrx_word' id='word_1_24' title='bbox 1132 701 1295 764; x_wconf 85' lang='lat' dir='ltr'><strong>existimo</strong></span> <span class='ocrx_word' id='word_1_25' title='bbox 1331 703 1383 765; x_wconf 89' lang='lat' dir='ltr'><strong>sia</strong></span> <span class='ocrx_word' id='word_1_26' title='bbox 1415 712 1470 764; x_wconf 89' lang='lat' dir='ltr'><strong>sta</strong></span> 
     </span>
     <span class='ocr_line' id='line_1_4' title="bbox 188 805 1468 890; baseline 0.002 -21"><span class='ocrx_word' id='word_1_27' title='bbox 188 806 459 887; x_wconf 83' lang='lat' dir='ltr'><strong>dismentigat0;</strong></span> <span class='ocrx_word' id='word_1_28' title='bbox 484 805 509 868; x_wconf 94' lang='lat' dir='ltr'><strong>li</strong></span> <span class='ocrx_word' id='word_1_29' title='bbox 532 808 580 869; x_wconf 89' lang='lat' dir='ltr'><strong>ho</strong></span> <span class='ocrx_word' id='word_1_30' title='bbox 604 805 765 887; x_wconf 86' lang='lat' dir='ltr'><strong>expediti</strong></span> <span class='ocrx_word' id='word_1_31' title='bbox 789 806 869 869; x_wconf 89' lang='lat' dir='ltr'><strong>tutti</strong></span> <span class='ocrx_word' id='word_1_32' title='bbox 893 826 959 887; x_wconf 85' lang='lat' dir='ltr'><strong>per</strong></span> <span class='ocrx_word' id='word_1_33' title='bbox 982 810 1077 870; x_wconf 81' lang='lat' dir='ltr'><strong>bona</strong></span> <span class='ocrx_word' id='word_1_34' title='bbox 1110 808 1229 870; x_wconf 84' lang='lat' dir='ltr'><strong>viaet</strong></span> <span class='ocrx_word' id='word_1_35' title='bbox 1260 811 1306 871; x_wconf 91' lang='lat' dir='ltr'><strong>ho</strong></span> <span class='ocrx_word' id='word_1_36' title='bbox 1336 810 1468 890; x_wconf 89' lang='lat' dir='ltr'><strong>scripto</strong></span> 
     </span>
     <span class='ocr_line' id='line_1_5' title="bbox 191 913 1470 997; baseline 0.002 -22"><span class='ocrx_word' id='word_1_37' title='bbox 191 913 474 976; x_wconf 85' lang='lat' dir='ltr'><strong>aciascheduno</strong></span> <span class='ocrx_word' id='word_1_38' title='bbox 499 915 655 976; x_wconf 88' lang='lat' dir='ltr'><strong>secundo</strong></span> <span class='ocrx_word' id='word_1_39' title='bbox 679 933 735 976; x_wconf 91' lang='lat' dir='ltr'><strong>me</strong></span> <span class='ocrx_word' id='word_1_40' title='bbox 770 914 817 975; x_wconf 86' lang='lat' dir='ltr'><strong>ha</strong></span> <span class='ocrx_word' id='word_1_41' title='bbox 846 933 952 994; x_wconf 87' lang='lat' dir='ltr'><strong>parso</strong></span> <span class='ocrx_word' id='word_1_42' title='bbox 978 915 1043 977; x_wconf 89' lang='lat' dir='ltr'><strong>che</strong></span> <span class='ocrx_word' id='word_1_43' title='bbox 1071 915 1095 977; x_wconf 94' lang='lat' dir='ltr'><strong>li</strong></span> <span class='ocrx_word' id='word_1_44' title='bbox 1128 935 1332 996; x_wconf 86' lang='lat' dir='ltr'><strong>convenga;</strong></span> <span class='ocrx_word' id='word_1_45' title='bbox 1366 936 1470 997; x_wconf 89' lang='lat' dir='ltr'><strong>spero</strong></span> 
     </span>
     <span class='ocr_line' id='line_1_6' title="bbox 191 1019 1472 1105; baseline 0.002 -23"><span class='ocrx_word' id='word_1_46' title='bbox 191 1021 322 1082; x_wconf 87' lang='lat' dir='ltr'><strong>harano</strong></span> <span class='ocrx_word' id='word_1_47' title='bbox 347 1029 469 1102; x_wconf 88' lang='lat' dir='ltr'><strong>presto</strong></span> <span class='ocrx_word' id='word_1_48' title='bbox 498 1023 626 1083; x_wconf 84' lang='lat' dir='ltr'><strong>elbon</strong></span> <span class='ocrx_word' id='word_1_49' title='bbox 651 1019 820 1102; x_wconf 83' lang='lat' dir='ltr'><strong>recapito.</strong></span> <span class='ocrx_word' id='word_1_50' title='bbox 868 1019 1040 1084; x_wconf 82' lang='lat' dir='ltr'>Existimo</span> <span class='ocrx_word' id='word_1_51' title='bbox 1065 1024 1130 1085; x_wconf 90' lang='lat' dir='ltr'><strong>che</strong></span> <span class='ocrx_word' id='word_1_52' title='bbox 1154 1022 1197 1085; x_wconf 90' lang='lat' dir='ltr'><strong>N.</strong></span> <span class='ocrx_word' id='word_1_53' title='bbox 1222 1020 1258 1086; x_wconf 87' lang='lat' dir='ltr'><strong>S.</strong></span> <span class='ocrx_word' id='word_1_54' title='bbox 1287 1022 1383 1085; x_wconf 86' lang='lat' dir='ltr'><strong>forse</strong></span> <span class='ocrx_word' id='word_1_55' title='bbox 1407 1044 1472 1105; x_wconf 90' lang='lat' dir='ltr'><strong>per</strong></span> 
     </span>
     <span class='ocr_line' id='line_1_7' title="bbox 192 1125 1472 1210; baseline 0.001 -21"><span class='ocrx_word' id='word_1_56' title='bbox 192 1128 280 1189; x_wconf 83' lang='lat' dir='ltr'><strong>altra</strong></span> <span class='ocrx_word' id='word_1_57' title='bbox 295 1127 355 1188; x_wconf 77' lang='lat' dir='ltr'><strong>via</strong></span> <span class='ocrx_word' id='word_1_58' title='bbox 368 1127 455 1189; x_wconf 65' lang='lat' dir='ltr'><strong>hare</strong></span> <span class='ocrx_word' id='word_1_59' title='bbox 472 1127 605 1209; x_wconf 84' lang='lat' dir='ltr'><strong>scripto</strong></span> <span class='ocrx_word' id='word_1_60' title='bbox 622 1126 728 1190; x_wconf 83' lang='lat' dir='ltr'><strong>etiarn</strong></span> <span class='ocrx_word' id='word_1_61' title='bbox 753 1147 774 1189; x_wconf 82' lang='lat' dir='ltr'>a</span> <span class='ocrx_word' id='word_1_62' title='bbox 797 1128 832 1189; x_wconf 85' lang='lat' dir='ltr'><strong>la</strong></span> <span class='ocrx_word' id='word_1_63' title='bbox 856 1125 961 1188; x_wconf 62' lang='lat' dir='ltr'><strong>serm*</strong></span> <span class='ocrx_word' id='word_1_64' title='bbox 984 1126 1166 1191; x_wconf 83' lang='lat' dir='ltr'><strong>Madonna</strong></span> <span class='ocrx_word' id='word_1_65' title='bbox 1181 1129 1403 1210; x_wconf 83' lang='lat' dir='ltr'><strong>Margaretta</strong></span> <span class='ocrx_word' id='word_1_66' title='bbox 1426 1138 1472 1209; x_wconf 81' lang='lat' dir='ltr'><strong>et,</strong></span> 
     </span>
     <span class='ocr_line' id='line_1_8' title="bbox 193 1234 1129 1316; baseline 0.001 -19"><span class='ocrx_word' id='word_1_67' title='bbox 193 1254 260 1299; x_wconf 84' lang='lat' dir='ltr'><strong>nou</strong></span> <span class='ocrx_word' id='word_1_68' title='bbox 284 1235 462 1314; x_wconf 83' lang='lat' dir='ltr'><strong>havend0,</strong></span> <span class='ocrx_word' id='word_1_69' title='bbox 488 1255 543 1297; x_wconf 86' lang='lat' dir='ltr'><strong>me</strong></span> <span class='ocrx_word' id='word_1_70' title='bbox 567 1234 711 1316; x_wconf 72' lang='lat' dir='ltr'><strong>paretis</strong></span> <span class='ocrx_word' id='word_1_71' title='bbox 734 1236 844 1297; x_wconf 88' lang='lat' dir='ltr'><strong>molto</strong></span> <span class='ocrx_word' id='word_1_72' title='bbox 869 1234 1129 1298; x_wconf 88' lang='lat' dir='ltr'><strong>necessario...</strong></span> 
     </span>
    </p>
   </div>
   <div class='ocr_carea' id='block_1_3' title="bbox 193 1365 1474 3374">
    <p class='ocr_par' dir='ltr' id='par_1_3' title="bbox 193 1365 1474 3374">
     <span class='ocr_line' id='line_1_9' title="bbox 276 1365 1469 1449; baseline 0.003 -20"><span class='ocrx_word' id='word_1_73' title='bbox 276 1366 320 1435; x_wconf 79' lang='lat' dir='ltr'><strong>El</strong></span> <span class='ocrx_word' id='word_1_74' title='bbox 345 1366 511 1449; x_wconf 86' lang='lat' dir='ltr'><strong>Principe</strong></span> <span class='ocrx_word' id='word_1_75' title='bbox 535 1369 581 1430; x_wconf 89' lang='lat' dir='ltr'><strong>ha</strong></span> <span class='ocrx_word' id='word_1_76' title='bbox 604 1368 773 1430; x_wconf 87' lang='lat' dir='ltr'><strong>mandato</strong></span> <span class='ocrx_word' id='word_1_77' title='bbox 797 1365 1004 1449; x_wconf 87' lang='lat' dir='ltr'>monsignor</span> <span class='ocrx_word' id='word_1_78' title='bbox 1032 1368 1077 1431; x_wconf 85' lang='lat' dir='ltr'><strong>de</strong></span> <span class='ocrx_word' id='word_1_79' title='bbox 1106 1369 1218 1431; x_wconf 87' lang='lat' dir='ltr'><strong>Polan</strong></span> <span class='ocrx_word' id='word_1_80' title='bbox 1247 1389 1311 1432; x_wconf 91' lang='lat' dir='ltr'><strong>suo</strong></span> <span class='ocrx_word' id='word_1_81' title='bbox 1343 1369 1396 1431; x_wconf 84' lang='grc' dir='ltr'><strong>Μ0</strong></span> <span class='ocrx_word' id='word_1_82' title='bbox 1423 1371 1469 1432; x_wconf 88' lang='lat' dir='ltr'><strong>de</strong></span> 
     </span>
     <span class='ocr_line' id='line_1_10' title="bbox 193 1458 1473 1555; baseline 0.001 -18"><span class='ocrx_word' id='word_1_83' title='bbox 193 1495 272 1537; x_wconf 86' lang='lat' dir='ltr'><strong>casa</strong></span> <span class='ocrx_word' id='word_1_84' title='bbox 296 1476 376 1537; x_wconf 85' lang='lat' dir='ltr'><strong>ala</strong></span> <span class='ocrx_word' id='word_1_85' title='bbox 400 1473 495 1537; x_wconf 85' lang='lat' dir='ltr'><strong>dieta</strong></span> <span class='ocrx_word' id='word_1_86' title='bbox 520 1475 564 1536; x_wconf 87' lang='lat' dir='ltr'><strong>de</strong></span> <span class='ocrx_word' id='word_1_87' title='bbox 588 1475 624 1536; x_wconf 80' lang='lat' dir='ltr'><strong>la</strong></span> <span class='ocrx_word' id='word_1_88' title='bbox 647 1472 737 1555; x_wconf 84' lang='lat' dir='ltr'><strong>Liga</strong></span> <span class='ocrx_word' id='word_1_89' title='bbox 762 1473 807 1535; x_wconf 88' lang='lat' dir='ltr'><strong>de</strong></span> <span class='ocrx_word' id='word_1_90' title='bbox 827 1471 969 1552; x_wconf 83' lang='lat' dir='ltr'><strong>Svevia,</strong></span> <span class='ocrx_word' id='word_1_91' title='bbox 994 1473 1198 1538; x_wconf 81' lang='lat' dir='ltr'><strong>incomenzo</strong></span> <span class='ocrx_word' id='word_1_92' title='bbox 1224 1477 1260 1538; x_wconf 83' lang='lat' dir='ltr'><strong>la</strong></span> <span class='ocrx_word' id='word_1_93' title='bbox 1276 1458 1473 1538; x_wconf 83' lang='lat' dir='ltr'><strong>Dornenica</strong></span> 
     </span>
     <span class='ocr_line' id='line_1_11' title="bbox 193 1579 1474 1663; baseline 0.001 -21"><span class='ocrx_word' id='word_1_94' title='bbox 193 1591 334 1663; x_wconf 78' lang='lat' dir='ltr'><strong>pessata</strong></span> <span class='ocrx_word' id='word_1_95' title='bbox 366 1579 400 1642; x_wconf 93' lang='lat' dir='ltr'><strong>in</strong></span> <span class='ocrx_word' id='word_1_96' title='bbox 426 1580 541 1659; x_wconf 90' lang='lat' dir='ltr'>Ulma,</span> <span class='ocrx_word' id='word_1_97' title='bbox 578 1590 614 1643; x_wconf 88' lang='lat' dir='ltr'><strong>et</strong></span> <span class='ocrx_word' id='word_1_98' title='bbox 645 1581 680 1642; x_wconf 87' lang='lat' dir='ltr'><strong>la</strong></span> <span class='ocrx_word' id='word_1_99' title='bbox 711 1579 888 1662; x_wconf 86' lang='lat' dir='ltr'><strong>principal</strong></span> <span class='ocrx_word' id='word_1_100' title='bbox 925 1600 1032 1643; x_wconf 85' lang='lat' dir='ltr'><strong>causa</strong></span> <span class='ocrx_word' id='word_1_101' title='bbox 1063 1582 1122 1644; x_wconf 89' lang='lat' dir='ltr'><strong>del</strong></span> <span class='ocrx_word' id='word_1_102' title='bbox 1152 1582 1300 1645; x_wconf 83' lang='lat' dir='ltr'><strong>mandat</strong></span> <span class='ocrx_word' id='word_1_103' title='bbox 1331 1583 1375 1645; x_wconf 88' lang='lat' dir='ltr'><strong>de</strong></span> <span class='ocrx_word' id='word_1_104' title='bbox 1401 1581 1474 1644; x_wconf 90' lang='lat' dir='ltr'><strong>Sua</strong></span> 
     </span>
     <span class='ocr_line' id='line_1_12' title="bbox 194 1685 1473 1768; baseline 0 -18"><span class='ocrx_word' id='word_1_105' title='bbox 194 1685 326 1750; x_wconf 51' lang='lat' dir='ltr'><strong>serm</strong></span> <span class='ocrx_word' id='word_1_106' title='bbox 351 1697 444 1749; x_wconf 88' lang='lat' dir='ltr'>stato</span> <span class='ocrx_word' id='word_1_107' title='bbox 469 1687 582 1768; x_wconf 89' lang='lat' dir='ltr'><strong>perii</strong></span> <span class='ocrx_word' id='word_1_108' title='bbox 607 1686 715 1749; x_wconf 83' lang='lat' dir='ltr'><strong>vilani</strong></span> <span class='ocrx_word' id='word_1_109' title='bbox 747 1686 793 1748; x_wconf 89' lang='lat' dir='ltr'><strong>de</strong></span> <span class='ocrx_word' id='word_1_110' title='bbox 818 1685 970 1748; x_wconf 86' lang='lat' dir='ltr'>Valzuot</span> <span class='ocrx_word' id='word_1_111' title='bbox 1006 1698 1206 1750; x_wconf 87' lang='lat' dir='ltr'><strong>mostrorno</strong></span> <span class='ocrx_word' id='word_1_112' title='bbox 1239 1690 1340 1750; x_wconf 87' lang='lat' dir='ltr'><strong>voier</strong></span> <span class='ocrx_word' id='word_1_113' title='bbox 1372 1688 1473 1751; x_wconf 91' lang='lat' dir='ltr'><strong>venir</strong></span> 
     </span>
     <span class='ocr_line' id='line_1_13' title="bbox 194 1791 1473 1876; baseline -0.001 -18"><span class='ocrx_word' id='word_1_114' title='bbox 194 1815 213 1858; x_wconf 83' lang='lat' dir='ltr'>a</span> <span class='ocrx_word' id='word_1_115' title='bbox 235 1795 429 1858; x_wconf 86' lang='lat' dir='ltr'><strong>concordia</strong></span> <span class='ocrx_word' id='word_1_116' title='bbox 452 1803 488 1857; x_wconf 91' lang='lat' dir='ltr'><strong>et</strong></span> <span class='ocrx_word' id='word_1_117' title='bbox 511 1796 709 1857; x_wconf 83' lang='lat' dir='ltr'><strong>mandorno</strong></span> <span class='ocrx_word' id='word_1_118' title='bbox 735 1791 955 1874; x_wconf 81' lang='lat' dir='ltr'><strong>aCostanza,</strong></span> <span class='ocrx_word' id='word_1_119' title='bbox 978 1796 1070 1856; x_wconf 89' lang='lat' dir='ltr'><strong>dove</strong></span> <span class='ocrx_word' id='word_1_120' title='bbox 1088 1814 1197 1857; x_wconf 87' lang='lat' dir='ltr'><strong>erano</strong></span> <span class='ocrx_word' id='word_1_121' title='bbox 1212 1793 1349 1857; x_wconf 89' lang='lat' dir='ltr'><strong>reducti</strong></span> <span class='ocrx_word' id='word_1_122' title='bbox 1365 1796 1473 1876; x_wconf 87' lang='lat' dir='ltr'><strong>quelli</strong></span> 
     </span>
     <span class='ocr_line' id='line_1_14' title="bbox 195 1900 1469 1982; baseline 0 -18"><span class='ocrx_word' id='word_1_123' title='bbox 195 1901 297 1965; x_wconf 82' lang='lat' dir='ltr'><strong>etiarn</strong></span> <span class='ocrx_word' id='word_1_124' title='bbox 322 1903 381 1963; x_wconf 86' lang='lat' dir='ltr'><strong>del</strong></span> <span class='ocrx_word' id='word_1_125' title='bbox 405 1901 573 1982; x_wconf 81' lang='lat' dir='ltr'>Principe</span> <span class='ocrx_word' id='word_1_126' title='bbox 598 1911 633 1963; x_wconf 86' lang='lat' dir='ltr'><strong>et</strong></span> <span class='ocrx_word' id='word_1_127' title='bbox 657 1900 783 1963; x_wconf 85' lang='lat' dir='ltr'>feceno</span> <span class='ocrx_word' id='word_1_128' title='bbox 807 1909 861 1962; x_wconf 87' lang='lat' dir='ltr'><strong>tre</strong></span> <span class='ocrx_word' id='word_1_129' title='bbox 886 1900 1077 1981; x_wconf 85' lang='lat' dir='ltr'><strong>petitione,</strong></span> <span class='ocrx_word' id='word_1_130' title='bbox 1105 1904 1140 1964; x_wconf 83' lang='lat' dir='ltr'><strong>la</strong></span> <span class='ocrx_word' id='word_1_131' title='bbox 1164 1921 1234 1963; x_wconf 87' lang='lat' dir='ltr'><strong>una</strong></span> <span class='ocrx_word' id='word_1_132' title='bbox 1258 1900 1296 1962; x_wconf 85' lang='lat' dir='ltr'><strong>fu</strong></span> <span class='ocrx_word' id='word_1_133' title='bbox 1320 1903 1386 1964; x_wconf 87' lang='lat' dir='ltr'><strong>che</strong></span> <span class='ocrx_word' id='word_1_134' title='bbox 1411 1922 1469 1965; x_wconf 92' lang='lat' dir='ltr'><strong>vo·</strong></span> 
     </span>
     <span class='ocr_line' id='line_1_15' title="bbox 195 2008 1473 2090; baseline -0.001 -18"><span class='ocrx_word' id='word_1_135' title='bbox 195 2011 297 2072; x_wconf 82' lang='lat' dir='ltr'><strong>leano</strong></span> <span class='ocrx_word' id='word_1_136' title='bbox 321 2008 454 2071; x_wconf 88' lang='lat' dir='ltr'><strong>retenir</strong></span> <span class='ocrx_word' id='word_1_137' title='bbox 479 2009 512 2070; x_wconf 90' lang='lat' dir='ltr'><strong>el</strong></span> <span class='ocrx_word' id='word_1_138' title='bbox 536 2028 600 2070; x_wconf 91' lang='lat' dir='ltr'><strong>suo</strong></span> <span class='ocrx_word' id='word_1_139' title='bbox 625 2016 748 2071; x_wconf 83' lang='lat' dir='ltr'><strong>curato</strong></span> <span class='ocrx_word' id='word_1_140' title='bbox 772 2008 959 2069; x_wconf 83' lang='lat' dir='ltr'><strong>lutherano</strong></span> <span class='ocrx_word' id='word_1_141' title='bbox 992 2016 1029 2070; x_wconf 89' lang='lat' dir='ltr'><strong>et</strong></span> <span class='ocrx_word' id='word_1_142' title='bbox 1059 2009 1126 2071; x_wconf 91' lang='lat' dir='ltr'><strong>che</strong></span> <span class='ocrx_word' id='word_1_143' title='bbox 1150 2009 1258 2070; x_wconf 91' lang='lat' dir='ltr'><strong>niuno</strong></span> <span class='ocrx_word' id='word_1_144' title='bbox 1282 2028 1329 2090; x_wconf 87' lang='lat' dir='ltr'><strong>ge</strong></span> <span class='ocrx_word' id='word_1_145' title='bbox 1354 2011 1388 2071; x_wconf 94' lang='lat' dir='ltr'><strong>lo</strong></span> <span class='ocrx_word' id='word_1_146' title='bbox 1412 2029 1473 2090; x_wconf 92' lang='lat' dir='ltr'><strong>po·</strong></span> 
     </span>
     <span class='ocr_line' id='line_1_16' title="bbox 195 2111 1473 2196; baseline -0.001 -18"><span class='ocrx_word' id='word_1_147' title='bbox 195 2126 285 2179; x_wconf 89' lang='lat' dir='ltr'><strong>tesse</strong></span> <span class='ocrx_word' id='word_1_148' title='bbox 309 2117 448 2188; x_wconf 87' lang='lat' dir='ltr'><strong>levare;</strong></span> <span class='ocrx_word' id='word_1_149' title='bbox 481 2117 517 2178; x_wconf 88' lang='lat' dir='ltr'><strong>la</strong></span> <span class='ocrx_word' id='word_1_150' title='bbox 548 2115 705 2177; x_wconf 80' lang='lat' dir='ltr'><strong>soconda</strong></span> <span class='ocrx_word' id='word_1_151' title='bbox 736 2115 802 2177; x_wconf 94' lang='lat' dir='ltr'><strong>che</strong></span> <span class='ocrx_word' id='word_1_152' title='bbox 833 2112 907 2175; x_wconf 89' lang='lat' dir='ltr'><strong>Sua</strong></span> <span class='ocrx_word' id='word_1_153' title='bbox 938 2111 1031 2176; x_wconf 68' lang='lat' dir='ltr'><strong>Ser¹³</strong></span> <span class='ocrx_word' id='word_1_154' title='bbox 1056 2113 1081 2176; x_wconf 94' lang='lat' dir='ltr'><strong>li</strong></span> <span class='ocrx_word' id='word_1_155' title='bbox 1114 2115 1265 2177; x_wconf 85' lang='lat' dir='ltr'><strong>havesse</strong></span> <span class='ocrx_word' id='word_1_156' title='bbox 1293 2135 1315 2177; x_wconf 83' lang='lat' dir='ltr'>a</span> <span class='ocrx_word' id='word_1_157' title='bbox 1338 2135 1473 2196; x_wconf 81' lang='lat' dir='ltr'><strong>pagare</strong></span> 
     </span>
     <span class='ocr_line' id='line_1_17' title="bbox 195 2220 1474 2304; baseline -0.001 -19"><span class='ocrx_word' id='word_1_158' title='bbox 195 2221 496 2304; x_wconf 86' lang='lat' dir='ltr'><strong>cinquantamillia</strong></span> <span class='ocrx_word' id='word_1_159' title='bbox 519 2220 635 2284; x_wconf 86' lang='lat' dir='ltr'><strong>fiorini</strong></span> <span class='ocrx_word' id='word_1_160' title='bbox 659 2241 724 2302; x_wconf 90' lang='lat' dir='ltr'><strong>per</strong></span> <span class='ocrx_word' id='word_1_161' title='bbox 748 2241 853 2303; x_wconf 86' lang='lat' dir='ltr'><strong>spese</strong></span> <span class='ocrx_word' id='word_1_162' title='bbox 885 2220 999 2294; x_wconf 87' lang='lat' dir='ltr'><strong>facte;</strong></span> <span class='ocrx_word' id='word_1_163' title='bbox 1032 2222 1067 2283; x_wconf 88' lang='lat' dir='ltr'><strong>la</strong></span> <span class='ocrx_word' id='word_1_164' title='bbox 1099 2231 1196 2284; x_wconf 87' lang='lat' dir='ltr'><strong>terza</strong></span> <span class='ocrx_word' id='word_1_165' title='bbox 1224 2223 1290 2283; x_wconf 91' lang='lat' dir='ltr'><strong>che</strong></span> <span class='ocrx_word' id='word_1_166' title='bbox 1322 2222 1364 2282; x_wconf 68' lang='lat' dir='ltr'><strong>nc</strong></span> <span class='ocrx_word' id='word_1_167' title='bbox 1399 2220 1474 2284; x_wconf 85' lang='lat' dir='ltr'><strong>Sua</strong></span> 
     </span>
     <span class='ocr_line' id='line_1_18' title="bbox 196 2327 1474 2410; baseline -0.002 -18"><span class='ocrx_word' id='word_1_168' title='bbox 196 2327 284 2392; x_wconf 59' lang='lat' dir='ltr'><strong>Serss</strong></span> <span class='ocrx_word' id='word_1_169' title='bbox 320 2330 363 2391; x_wconf 67' lang='lat' dir='ltr'><strong>ne</strong></span> <span class='ocrx_word' id='word_1_170' title='bbox 394 2329 591 2392; x_wconf 85' lang='lat' dir='ltr'><strong>successori</strong></span> <span class='ocrx_word' id='word_1_171' title='bbox 624 2329 648 2390; x_wconf 92' lang='lat' dir='ltr'><strong>li</strong></span> <span class='ocrx_word' id='word_1_172' title='bbox 676 2338 821 2410; x_wconf 84' lang='lat' dir='ltr'>potesse</span> <span class='ocrx_word' id='word_1_173' title='bbox 857 2327 1079 2409; x_wconf 86' lang='lat' dir='ltr'><strong>improperar</strong></span> <span class='ocrx_word' id='word_1_174' title='bbox 1111 2329 1161 2390; x_wconf 84' lang='lat' dir='ltr'><strong>tal</strong></span> <span class='ocrx_word' id='word_1_175' title='bbox 1197 2327 1375 2390; x_wconf 86' lang='lat' dir='ltr'><strong>defection</strong></span> <span class='ocrx_word' id='word_1_176' title='bbox 1408 2347 1474 2409; x_wconf 92' lang='lat' dir='ltr'><strong>per</strong></span> 
     </span>
     <span class='ocr_line' id='line_1_19' title="bbox 195 2435 1472 2519; baseline 0 -19"><span class='ocrx_word' id='word_1_177' title='bbox 195 2438 270 2500; x_wconf 93' lang='lat' dir='ltr'><strong>loro</strong></span> <span class='ocrx_word' id='word_1_178' title='bbox 295 2436 401 2499; x_wconf 83' lang='lat' dir='ltr'><strong>facta.</strong></span> <span class='ocrx_word' id='word_1_179' title='bbox 449 2435 493 2498; x_wconf 86' lang='lat' dir='ltr'><strong>Et</strong></span> <span class='ocrx_word' id='word_1_180' title='bbox 517 2455 588 2498; x_wconf 89' lang='lat' dir='ltr'><strong>non</strong></span> <span class='ocrx_word' id='word_1_181' title='bbox 622 2436 777 2498; x_wconf 87' lang='lat' dir='ltr'><strong>volendo</strong></span> <span class='ocrx_word' id='word_1_182' title='bbox 813 2439 992 2500; x_wconf 89' lang='lat' dir='ltr'><strong>consentir</strong></span> <span class='ocrx_word' id='word_1_183' title='bbox 1027 2440 1059 2501; x_wconf 91' lang='lat' dir='ltr'><strong>el</strong></span> <span class='ocrx_word' id='word_1_184' title='bbox 1094 2437 1261 2519; x_wconf 85' lang='lat' dir='ltr'><strong>Principe</strong></span> <span class='ocrx_word' id='word_1_185' title='bbox 1293 2460 1312 2500; x_wconf 85' lang='lat' dir='ltr'>a</span> <span class='ocrx_word' id='word_1_186' title='bbox 1346 2446 1472 2518; x_wconf 90' lang='lat' dir='ltr'><strong>questo</strong></span> 
     </span>
     <span class='ocr_line' id='line_1_20' title="bbox 197 2541 1474 2624; baseline 0.002 -18"><span class='ocrx_word' id='word_1_187' title='bbox 197 2545 257 2606; x_wconf 92' lang='lat' dir='ltr'><strong>che</strong></span> <span class='ocrx_word' id='word_1_188' title='bbox 283 2563 393 2605; x_wconf 82' lang='lat' dir='ltr'><strong>erano</strong></span> <span class='ocrx_word' id='word_1_189' title='bbox 418 2541 532 2623; x_wconf 80' lang='lat' dir='ltr'><strong>parati</strong></span> <span class='ocrx_word' id='word_1_190' title='bbox 557 2542 772 2605; x_wconf 86' lang='lat' dir='ltr'><strong>defenderse</strong></span> <span class='ocrx_word' id='word_1_191' title='bbox 797 2554 833 2605; x_wconf 91' lang='lat' dir='ltr'><strong>et</strong></span> <span class='ocrx_word' id='word_1_192' title='bbox 856 2545 922 2607; x_wconf 88' lang='lat' dir='ltr'><strong>che</strong></span> <span class='ocrx_word' id='word_1_193' title='bbox 941 2544 1078 2624; x_wconf 90' lang='lat' dir='ltr'><strong>Zurich‚</strong></span> <span class='ocrx_word' id='word_1_194' title='bbox 1103 2542 1247 2607; x_wconf 85' lang='lat' dir='ltr'>Suffusa</span> <span class='ocrx_word' id='word_1_195' title='bbox 1272 2555 1308 2606; x_wconf 84' lang='lat' dir='ltr'><strong>et</strong></span> <span class='ocrx_word' id='word_1_196' title='bbox 1330 2543 1474 2608; x_wconf 81' lang='lat' dir='ltr'><strong>Basilea</strong></span> 
     </span>
     <span class='ocr_line' id='line_1_21' title="bbox 197 2648 1473 2734; baseline 0 -21"><span class='ocrx_word' id='word_1_197' title='bbox 197 2671 263 2713; x_wconf 93' lang='lat' dir='ltr'><strong>non</strong></span> <span class='ocrx_word' id='word_1_198' title='bbox 288 2650 311 2712; x_wconf 92' lang='lat' dir='ltr'><strong>li</strong></span> <span class='ocrx_word' id='word_1_199' title='bbox 335 2649 586 2712; x_wconf 84' lang='lat' dir='ltr'><strong>mancheriano</strong></span> <span class='ocrx_word' id='word_1_200' title='bbox 611 2649 647 2710; x_wconf 92' lang='lat' dir='ltr'><strong>di</strong></span> <span class='ocrx_word' id='word_1_201' title='bbox 671 2648 775 2712; x_wconf 88' lang='lat' dir='ltr'><strong>favor</strong></span> <span class='ocrx_word' id='word_1_202' title='bbox 799 2659 835 2713; x_wconf 87' lang='lat' dir='ltr'><strong>et</strong></span> <span class='ocrx_word' id='word_1_203' title='bbox 859 2651 965 2715; x_wconf 90' lang='lat' dir='ltr'><strong>aiuto.</strong></span> <span class='ocrx_word' id='word_1_204' title='bbox 1012 2651 1064 2715; x_wconf 83' lang='lat' dir='ltr'><strong>La</strong></span> <span class='ocrx_word' id='word_1_205' title='bbox 1088 2651 1161 2734; x_wconf 87' lang='lat' dir='ltr'><strong>liga</strong></span> <span class='ocrx_word' id='word_1_206' title='bbox 1185 2653 1229 2714; x_wconf 89' lang='lat' dir='ltr'><strong>de</strong></span> <span class='ocrx_word' id='word_1_207' title='bbox 1247 2650 1379 2714; x_wconf 81' lang='lat' dir='ltr'><strong>Svevia</strong></span> <span class='ocrx_word' id='word_1_208' title='bbox 1403 2671 1473 2713; x_wconf 91' lang='lat' dir='ltr'><strong>non</strong></span> 
     </span>
     <span class='ocr_line' id='line_1_22' title="bbox 197 2755 1473 2840; baseline 0.001 -21"><span class='ocrx_word' id='word_1_209' title='bbox 197 2758 254 2840; x_wconf 94' lang='lat' dir='ltr'><strong>pol</strong></span> <span class='ocrx_word' id='word_1_210' title='bbox 278 2776 423 2819; x_wconf 79' lang='lat' dir='ltr'><strong>mancat</strong></span> <span class='ocrx_word' id='word_1_211' title='bbox 447 2757 492 2818; x_wconf 89' lang='lat' dir='ltr'><strong>de</strong></span> <span class='ocrx_word' id='word_1_212' title='bbox 516 2757 581 2818; x_wconf 87' lang='lat' dir='ltr'><strong>dar</strong></span> <span class='ocrx_word' id='word_1_213' title='bbox 605 2758 725 2838; x_wconf 89' lang='lat' dir='ltr'><strong>quello</strong></span> <span class='ocrx_word' id='word_1_214' title='bbox 749 2756 845 2819; x_wconf 83' lang='lat' dir='ltr'><strong>aiuto</strong></span> <span class='ocrx_word' id='word_1_215' title='bbox 869 2778 890 2818; x_wconf 86' lang='lat' dir='ltr'>a</span> <span class='ocrx_word' id='word_1_216' title='bbox 915 2755 989 2821; x_wconf 85' lang='lat' dir='ltr'><strong>Sua</strong></span> <span class='ocrx_word' id='word_1_217' title='bbox 1012 2757 1105 2821; x_wconf 62' lang='lat' dir='ltr'><strong>Ser‘*</strong></span> <span class='ocrx_word' id='word_1_218' title='bbox 1129 2759 1315 2821; x_wconf 67' lang='lat' dir='ltr'><strong>recercarir</strong></span> <span class='ocrx_word' id='word_1_219' title='bbox 1348 2759 1473 2839; x_wconf 85' lang='lat' dir='ltr'><strong>peria</strong></span> 
     </span>
     <span class='ocr_line' id='line_1_23' title="bbox 198 2863 1472 2947; baseline -0.001 -20"><span class='ocrx_word' id='word_1_220' title='bbox 198 2863 451 2928; x_wconf 71' lang='lat' dir='ltr'><strong>conventione</strong></span> <span class='ocrx_word' id='word_1_221' title='bbox 476 2876 531 2925; x_wconf 88' lang='lat' dir='ltr'><strong>tra</strong></span> <span class='ocrx_word' id='word_1_222' title='bbox 554 2865 643 2943; x_wconf 90' lang='lat' dir='ltr'><strong>loro,</strong></span> <span class='ocrx_word' id='word_1_223' title='bbox 668 2874 703 2926; x_wconf 87' lang='lat' dir='ltr'><strong>et</strong></span> <span class='ocrx_word' id='word_1_224' title='bbox 726 2863 873 2927; x_wconf 85' lang='lat' dir='ltr'><strong>intendo</strong></span> <span class='ocrx_word' id='word_1_225' title='bbox 898 2867 942 2928; x_wconf 90' lang='lat' dir='ltr'><strong>de</strong></span> <span class='ocrx_word' id='word_1_226' title='bbox 967 2868 1000 2928; x_wconf 87' lang='lat' dir='ltr'><strong>ia</strong></span> <span class='ocrx_word' id='word_1_227' title='bbox 1023 2869 1133 2947; x_wconf 83' lang='lat' dir='ltr'><strong>longa</strong></span> <span class='ocrx_word' id='word_1_228' title='bbox 1158 2867 1223 2928; x_wconf 86' lang='lat' dir='ltr'><strong>che</strong></span> <span class='ocrx_word' id='word_1_229' title='bbox 1249 2863 1285 2927; x_wconf 82' lang='lat' dir='ltr'><strong>S.</strong></span> <span class='ocrx_word' id='word_1_230' title='bbox 1311 2865 1404 2928; x_wconf 55' lang='lat' dir='ltr'><strong>Serss</strong></span> <span class='ocrx_word' id='word_1_231' title='bbox 1421 2885 1472 2926; x_wconf 92' lang='lat' dir='ltr'><strong>re-</strong></span> 
     </span>
     <span class='ocr_line' id='line_1_24' title="bbox 197 2970 1470 3054; baseline -0.002 -18"><span class='ocrx_word' id='word_1_232' title='bbox 197 2993 298 3036; x_wconf 87' lang='lat' dir='ltr'><strong>cerca</strong></span> <span class='ocrx_word' id='word_1_233' title='bbox 320 2972 380 3053; x_wconf 74' lang='lat' dir='ltr'><strong>piri</strong></span> <span class='ocrx_word' id='word_1_234' title='bbox 405 2991 551 3034; x_wconf 87' lang='lat' dir='ltr'><strong>numero</strong></span> <span class='ocrx_word' id='word_1_235' title='bbox 576 2972 622 3035; x_wconf 89' lang='lat' dir='ltr'><strong>de</strong></span> <span class='ocrx_word' id='word_1_236' title='bbox 645 2971 764 3053; x_wconf 88' lang='lat' dir='ltr'><strong>quello</strong></span> <span class='ocrx_word' id='word_1_237' title='bbox 789 2970 842 3034; x_wconf 88' lang='lat' dir='ltr'><strong>sia</strong></span> <span class='ocrx_word' id='word_1_238' title='bbox 865 2973 1066 3035; x_wconf 87' lang='lat' dir='ltr'><strong>necessario</strong></span> <span class='ocrx_word' id='word_1_239' title='bbox 1093 2996 1112 3037; x_wconf 88' lang='lat' dir='ltr'>a</span> <span class='ocrx_word' id='word_1_240' title='bbox 1136 2973 1293 3054; x_wconf 85' lang='lat' dir='ltr'><strong>castigar</strong></span> <span class='ocrx_word' id='word_1_241' title='bbox 1317 2973 1364 3033; x_wconf 88' lang='lat' dir='ltr'><strong>tal</strong></span> <span class='ocrx_word' id='word_1_242' title='bbox 1391 2975 1470 3034; x_wconf 90' lang='lat' dir='ltr'>sub-</span> 
     </span>
     <span class='ocr_line' id='line_1_25' title="bbox 197 3077 1472 3160; baseline -0.002 -19"><span class='ocrx_word' id='word_1_243' title='bbox 197 3080 257 3142; x_wconf 87' lang='lat' dir='ltr'><strong>diti</strong></span> <span class='ocrx_word' id='word_1_244' title='bbox 292 3079 361 3152; x_wconf 86' lang='lat' dir='ltr'><strong>sui,</strong></span> <span class='ocrx_word' id='word_1_245' title='bbox 397 3077 493 3140; x_wconf 87' lang='lat' dir='ltr'><strong>forse</strong></span> <span class='ocrx_word' id='word_1_246' title='bbox 528 3099 593 3160; x_wconf 89' lang='lat' dir='ltr'><strong>per</strong></span> <span class='ocrx_word' id='word_1_247' title='bbox 628 3085 831 3141; x_wconf 82' lang='lat' dir='ltr'><strong>retrovarse</strong></span> <span class='ocrx_word' id='word_1_248' title='bbox 866 3079 927 3160; x_wconf 92' lang='lat' dir='ltr'><strong>poi</strong></span> <span class='ocrx_word' id='word_1_249' title='bbox 962 3100 1008 3141; x_wconf 91' lang='lat' dir='ltr'><strong>un</strong></span> <span class='ocrx_word' id='word_1_250' title='bbox 1044 3080 1203 3143; x_wconf 87' lang='lat' dir='ltr'><strong>exercito</strong></span> <span class='ocrx_word' id='word_1_251' title='bbox 1227 3080 1262 3141; x_wconf 93' lang='lat' dir='ltr'><strong>in</strong></span> <span class='ocrx_word' id='word_1_252' title='bbox 1287 3078 1410 3141; x_wconf 88' lang='lat' dir='ltr'><strong>ordine</strong></span> <span class='ocrx_word' id='word_1_253' title='bbox 1436 3090 1472 3140; x_wconf 86' lang='lat' dir='ltr'><strong>et</strong></span> 
     </span>
     <span class='ocr_line' id='line_1_26' title="bbox 197 3183 1474 3268; baseline -0.002 -19"><span class='ocrx_word' id='word_1_254' title='bbox 197 3186 334 3267; x_wconf 82' lang='lat' dir='ltr'><strong>potorio</strong></span> <span class='ocrx_word' id='word_1_255' title='bbox 359 3186 494 3247; x_wconf 85' lang='lat' dir='ltr'><strong>condur</strong></span> <span class='ocrx_word' id='word_1_256' title='bbox 517 3185 610 3247; x_wconf 91' lang='lat' dir='ltr'><strong>dove</strong></span> <span class='ocrx_word' id='word_1_257' title='bbox 634 3183 658 3246; x_wconf 90' lang='lat' dir='ltr'><strong>li</strong></span> <span class='ocrx_word' id='word_1_258' title='bbox 682 3185 811 3267; x_wconf 65' lang='lat' dir='ltr'><strong>pareri</strong></span> <span class='ocrx_word' id='word_1_259' title='bbox 835 3195 1058 3268; x_wconf 84' lang='lat' dir='ltr'><strong>opportuno,</strong></span> <span class='ocrx_word' id='word_1_260' title='bbox 1092 3195 1128 3249; x_wconf 92' lang='lat' dir='ltr'><strong>et</strong></span> <span class='ocrx_word' id='word_1_261' title='bbox 1158 3185 1254 3247; x_wconf 88' lang='lat' dir='ltr'><strong>forse</strong></span> <span class='ocrx_word' id='word_1_262' title='bbox 1283 3185 1353 3247; x_wconf 83' lang='lat' dir='ltr'>alla</span> <span class='ocrx_word' id='word_1_263' title='bbox 1377 3185 1474 3246; x_wconf 83' lang='lat' dir='ltr'>volta</span> 
     </span>
     <span class='ocr_line' id='line_1_27' title="bbox 198 3292 1226 3374; baseline 0.002 -21"><span class='ocrx_word' id='word_1_264' title='bbox 198 3293 240 3356; x_wconf 86' lang='lat' dir='ltr'><strong>de</strong></span> <span class='ocrx_word' id='word_1_265' title='bbox 263 3293 460 3374; x_wconf 85' lang='lat' dir='ltr'><strong>Borgogna</strong></span> <span class='ocrx_word' id='word_1_266' title='bbox 485 3293 578 3354; x_wconf 86' lang='lat' dir='ltr'><strong>dove</strong></span> <span class='ocrx_word' id='word_1_267' title='bbox 602 3312 673 3354; x_wconf 90' lang='lat' dir='ltr'><strong>non</strong></span> <span class='ocrx_word' id='word_1_268' title='bbox 698 3311 737 3354; x_wconf 91' lang='lat' dir='ltr'><strong>se</strong></span> <span class='ocrx_word' id='word_1_269' title='bbox 760 3292 905 3354; x_wconf 61' lang='lat' dir='ltr'><strong>troveto</strong></span> <span class='ocrx_word' id='word_1_270' title='bbox 928 3295 1038 3355; x_wconf 92' lang='lat' dir='ltr'><strong>molto</strong></span> <span class='ocrx_word' id='word_1_271' title='bbox 1063 3292 1226 3355; x_wconf 88' lang='lat' dir='ltr'><strong>distante.</strong></span> 
     </span>
    </p>
   </div>
   <div class='ocr_carea' id='block_1_4' title="bbox 198 3423 1474 3721">
    <p class='ocr_par' dir='ltr' id='par_1_4' title="bbox 198 3423 1474 3721">
     <span class='ocr_line' id='line_1_28' title="bbox 284 3423 1473 3507; baseline -0.002 -19"><span class='ocrx_word' id='word_1_272' title='bbox 284 3423 402 3507; x_wconf 85' lang='lat' dir='ltr'><strong>Quelli</strong></span> <span class='ocrx_word' id='word_1_273' title='bbox 432 3426 477 3487; x_wconf 92' lang='lat' dir='ltr'><strong>de</strong></span> <span class='ocrx_word' id='word_1_274' title='bbox 509 3424 676 3487; x_wconf 83' lang='lat' dir='ltr'><strong>Carniola</strong></span> <span class='ocrx_word' id='word_1_275' title='bbox 709 3426 804 3487; x_wconf 83' lang='lat' dir='ltr'><strong>hano</strong></span> <span class='ocrx_word' id='word_1_276' title='bbox 839 3425 972 3507; x_wconf 88' lang='lat' dir='ltr'><strong>scripto</strong></span> <span class='ocrx_word' id='word_1_277' title='bbox 1006 3427 1039 3489; x_wconf 90' lang='lat' dir='ltr'><strong>al</strong></span> <span class='ocrx_word' id='word_1_278' title='bbox 1070 3423 1175 3487; x_wconf 67' lang='lat' dir='ltr'><strong>serm</strong></span> <span class='ocrx_word' id='word_1_279' title='bbox 1205 3424 1371 3506; x_wconf 86' lang='lat' dir='ltr'><strong>Principe</strong></span> <span class='ocrx_word' id='word_1_280' title='bbox 1407 3426 1473 3487; x_wconf 92' lang='lat' dir='ltr'><strong>che</strong></span> 
     </span>
     <span class='ocr_line' id='line_1_29' title="bbox 198 3531 1474 3615; baseline -0.002 -18"><span class='ocrx_word' id='word_1_281' title='bbox 198 3555 305 3597; x_wconf 88' lang='lat' dir='ltr'><strong>erano</strong></span> <span class='ocrx_word' id='word_1_282' title='bbox 328 3533 463 3615; x_wconf 87' lang='lat' dir='ltr'><strong>passati</strong></span> <span class='ocrx_word' id='word_1_283' title='bbox 487 3533 532 3595; x_wconf 88' lang='lat' dir='ltr'><strong>de</strong></span> <span class='ocrx_word' id='word_1_284' title='bbox 557 3532 700 3595; x_wconf 83' lang='lat' dir='ltr'><strong>Croatia</strong></span> <span class='ocrx_word' id='word_1_285' title='bbox 722 3532 757 3593; x_wconf 93' lang='lat' dir='ltr'><strong>in</strong></span> <span class='ocrx_word' id='word_1_286' title='bbox 782 3531 949 3595; x_wconf 85' lang='lat' dir='ltr'><strong>Carniola</strong></span> <span class='ocrx_word' id='word_1_287' title='bbox 973 3543 1134 3596; x_wconf 87' lang='lat' dir='ltr'><strong>trecento</strong></span> <span class='ocrx_word' id='word_1_288' title='bbox 1150 3531 1265 3594; x_wconf 86' lang='lat' dir='ltr'><strong>cavali</strong></span> <span class='ocrx_word' id='word_1_289' title='bbox 1282 3533 1327 3593; x_wconf 88' lang='lat' dir='ltr'><strong>de</strong></span> <span class='ocrx_word' id='word_1_290' title='bbox 1343 3532 1474 3594; x_wconf 86' lang='lat' dir='ltr'><strong>Turchi</strong></span> 
     </span>
     <span class='ocr_line' id='line_1_30' title="bbox 199 3637 1474 3721; baseline -0.003 -18"><span class='ocrx_word' id='word_1_291' title='bbox 199 3652 232 3703; x_wconf 88' lang='lat' dir='ltr'><strong>et</strong></span> <span class='ocrx_word' id='word_1_292' title='bbox 261 3643 425 3704; x_wconf 84' lang='lat' dir='ltr'><strong>haveano</strong></span> <span class='ocrx_word' id='word_1_293' title='bbox 457 3639 552 3701; x_wconf 84' lang='lat' dir='ltr'><strong>facto</strong></span> <span class='ocrx_word' id='word_1_294' title='bbox 583 3638 820 3721; x_wconf 83' lang='lat' dir='ltr'><strong>grandissimo</strong></span> <span class='ocrx_word' id='word_1_295' title='bbox 854 3641 988 3714; x_wconf 87' lang='lat' dir='ltr'><strong>danno;</strong></span> <span class='ocrx_word' id='word_1_296' title='bbox 1024 3638 1264 3701; x_wconf 86' lang='lat' dir='ltr'><strong>ultimamente</strong></span> <span class='ocrx_word' id='word_1_297' title='bbox 1297 3637 1404 3700; x_wconf 87' lang='lat' dir='ltr'><strong>sarati</strong></span> <span class='ocrx_word' id='word_1_298' title='bbox 1440 3637 1474 3699; x_wconf 91' lang='lat' dir='ltr'><strong>in</strong></span> 
     </span>
    </p>
   </div>
   <div class='ocr_carea' id='block_1_5' title="bbox 199 3745 1476 3935">
    <p class='ocr_par' dir='ltr' id='par_1_5' title="bbox 199 3745 1476 3935">
     <span class='ocr_line' id='line_1_31' title="bbox 199 3745 1476 3827; baseline -0.005 -17"><span class='ocrx_word' id='word_1_299' title='bbox 199 3768 267 3811; x_wconf 86' lang='lat' dir='ltr'><strong>una</strong></span> <span class='ocrx_word' id='word_1_300' title='bbox 291 3748 384 3809; x_wconf 88' lang='lat' dir='ltr'><strong>valle</strong></span> <span class='ocrx_word' id='word_1_301' title='bbox 408 3746 432 3808; x_wconf 89' lang='lat' dir='ltr'><strong>li</strong></span> <span class='ocrx_word' id='word_1_302' title='bbox 456 3766 593 3808; x_wconf 83' lang='lat' dir='ltr'><strong>aveano</strong></span> <span class='ocrx_word' id='word_1_303' title='bbox 617 3745 713 3827; x_wconf 89' lang='lat' dir='ltr'><strong>presi</strong></span> <span class='ocrx_word' id='word_1_304' title='bbox 736 3746 815 3807; x_wconf 90' lang='lat' dir='ltr'><strong>chel</strong></span> <span class='ocrx_word' id='word_1_305' title='bbox 838 3765 909 3808; x_wconf 91' lang='lat' dir='ltr'><strong>non</strong></span> <span class='ocrx_word' id='word_1_306' title='bbox 934 3764 980 3827; x_wconf 86' lang='lat' dir='ltr'><strong>ge</strong></span> <span class='ocrx_word' id='word_1_307' title='bbox 1012 3765 1056 3808; x_wconf 90' lang='lat' dir='ltr'><strong>ne</strong></span> <span class='ocrx_word' id='word_1_308' title='bbox 1090 3764 1150 3808; x_wconf 85' lang='lat' dir='ltr'><strong>era</strong></span> <span class='ocrx_word' id='word_1_309' title='bbox 1182 3752 1365 3824; x_wconf 86' lang='lat' dir='ltr'><strong>scampato</strong></span> <span class='ocrx_word' id='word_1_310' title='bbox 1394 3761 1476 3805; x_wconf 90' lang='lat' dir='ltr'><strong>uno.</strong></span> 
     </span>
     <span class='ocr_line' id='line_1_32' title="bbox 199 3851 1067 3935; baseline -0.001 -19"><span class='ocrx_word' id='word_1_311' title='bbox 199 3854 237 3916; x_wconf 93' lang='lat' dir='ltr'><strong>In</strong></span> <span class='ocrx_word' id='word_1_312' title='bbox 261 3854 458 3935; x_wconf 91' lang='lat' dir='ltr'><strong>Innspruch</strong></span> <span class='ocrx_word' id='word_1_313' title='bbox 482 3853 540 3915; x_wconf 90' lang='lat' dir='ltr'><strong>die</strong></span> <span class='ocrx_word' id='word_1_314' title='bbox 565 3852 634 3914; x_wconf 90' lang='lat' dir='ltr'><strong>VII</strong></span> <span class='ocrx_word' id='word_1_315' title='bbox 657 3851 842 3914; x_wconf 83' lang='lat' dir='ltr'><strong>Februarii</strong></span> <span class='ocrx_word' id='word_1_316' title='bbox 867 3851 1067 3915; x_wconf 89' lang='lat' dir='ltr'><strong>MDXXV.</strong></span> 
     </span>
    </p>
   </div>
   <div class='ocr_carea' id='block_1_6' title="bbox 0 0 1682 5580">
    <p class='ocr_par' dir='ltr' id='par_1_6' title="bbox 0 0 1682 5580">
     <span class='ocr_line' id='line_1_33' title="bbox 0 0 1682 5580; baseline 0 0"><span class='ocrx_word' id='word_1_317' title='bbox 0 0 1682 5580; x_wconf 95' lang='lat' dir='ltr'><strong> </strong></span> 
     </span>
    </p>
   </div>
  </div>
 </body>
</html>
