3330 5580
708 499 954 557 callare*

191 656 310 710 tamen
334 645 368 708 in
384 645 667 727 impiissimarum
688 668 829 709 suarum
854 649 1147 730 propositionum,
1172 651 1354 732 pervicaci
1383 673 1475 716 asse·

192 755 353 817 verantia
384 753 569 814 induratos
601 752 872 835 pertinacesque
907 775 986 818 esse
1020 757 1292 838 cognovissent,
1318 759 1476 840 nequid

192 883 336 945 prorsus
360 858 557 922 sedulitatis
581 859 616 920 in
643 879 685 921 ea
708 880 747 922 re
772 863 817 922 ab
842 860 928 942 ipsis
952 863 1245 944 desyderaretur,
1271 885 1342 927 non
1370 866 1476 929 modo

191 970 344 1050 optimos
367 988 407 1029 ac
432 964 654 1028 doctissimos
677 986 837 1048 quosque
861 968 938 1031 eius
967 968 1035 1031 loci
1060 972 1324 1052 consuluerunt,
1353 993 1475 1036 verum

192 1088 227 1139 et
261 1079 306 1138 ab
340 1076 416 1156 ipsa
448 1092 589 1154 quoque
626 1072 820 1136 Parisiensi
852 1073 1015 1138 Sorbona
1047 1078 1212 1141 doctores
1242 1079 1478 1142 adsciverunt

192 1186 327 1264 aliquot
351 1181 408 1262 qui
435 1182 516 1241 dum
542 1190 671 1241 exacta
694 1189 902 1263 maturaque
927 1182 1198 1263 examinatione,
1224 1185 1350 1267 eaipsa
1366 1185 1478 1268 impia

192 1312 232 1353 ac
258 1288 370 1351 modis
395 1286 558 1349 omnibus
582 1287 763 1349 haeretica
793 1308 872 1377 esse
904 1288 1162 1370 comperissent
1201 1310 1292 1373 quae
1325 1296 1374 1354 ab
1407 1293 1477 1357 illis

193 1407 294 1459 erant
328 1395 373 1456 ad
406 1396 576 1475 populum
610 1393 822 1472 declamata,
856 1404 963 1476 atque
996 1396 1226 1478 pertinaciter
1260 1398 1368 1461 etiam
1403 1411 1475 1462 tum
1510 1391 1519 1403 ⁸

193 1505 456 1578 asserebantur,
481 1520 601 1562 eorum
627 1501 788 1580 alterum,
813 1501 872 1582 qui
897 1504 992 1583 apud
1016 1503 1200 1585 praefatos
1216 1503 1395 1568 Vicenses
1419 1507 1478 1568 de·

192 1611 388 1688 tinebatur,
420 1607 606 1669 ultricibus
638 1607 780 1669 tandem
811 1608 1015 1690 meritisque
1056 1608 1204 1674 flammis
1239 1611 1476 1676 tradiderunt.

193 1718 296 1798 Quod
321 1737 406 1778 sane
431 1725 663 1796 posteaquam
687 1724 870 1795 peractum
896 1727 998 1794 esset,
1024 1717 1179 1798 regressi
1209 1718 1243 1780 in
1275 1718 1475 1783 Metensem

192 1827 304 1907 ipsam
329 1823 507 1885 civitatem
533 1820 643 1882 nostri
668 1819 841 1900 officiarii,
866 1841 909 1885 eo
934 1833 1015 1884 sunt
1038 1825 1199 1903 tumultu,
1225 1844 1268 1887 ea
1284 1825 1475 1903 seditione,

193 1952 235 1994 eo
260 1931 380 1992 furore
404 1950 425 1991 a
449 1928 628 1990 concitato
653 1931 933 2009 perturbatoque
949 1931 1085 2012 populo
1108 1929 1261 2011 excepti,
1286 1939 1325 1992 ut
1349 1950 1474 2013 parum

192 2037 366 2116 abfuerit,
399 2035 481 2116 quin
517 2054 638 2096 omnes
672 2036 715 2095 ad
757 2055 863 2096 unum
898 2035 1030 2097 indicta
1067 2056 1193 2100 caussa
1230 2039 1474 2101 crudelissime

192 2154 439 2208 mactarentur.
487 2142 602 2204 'santa
631 2141 798 2203 videlicet
833 2152 908 2203 erat
943 2141 1077 2221 rabies,
1115 2161 1184 2205 non
1220 2142 1332 2224 ipsius
1368 2146 1473 2207 modo

192 2251 413 2334 plebeculae,
438 2250 500 2310 sed
527 2258 561 2309 et
586 2249 832 2309 nonnullorum
858 2267 999 2329 quoque
1025 2268 1070 2309 ex
1094 2248 1181 2330 ipsis
1211 2249 1320 2312 totius
1354 2251 1468 2313 civita-

191 2359 236 2422 tis
259 2357 474 2440 primoribus
499 2375 587 2435 quos
612 2357 818 2417 seductores
842 2353 891 2415 illi
916 2353 951 2415 in
975 2354 1250 2435 perditissimam
1276 2377 1376 2419 suam
1402 2378 1472 2421 sec-

192 2478 263 2528 tam
289 2465 360 2527 suis
384 2463 452 2525 iarn
478 2461 682 2544 praestigiis
706 2462 939 2523 adduxerant.
996 2460 1116 2541 Atque
1144 2461 1180 2524 in
1212 2464 1305 2524 hunc
1330 2466 1473 2526 modum

191 2571 431 2634 vociferantes
455 2569 637 2648 indignum
664 2568 815 2649 facinuS,
847 2567 942 2648 quod
965 2570 1116 2649 probum
1141 2567 1276 2631 scilicet
1295 2570 1474 2634 hominem

191 2679 463 2754 interemissent,
488 2696 550 2738 eos
575 2675 672 2757 ipsos
697 2673 887 2736 officiarios
923 2683 1074 2750 nostros
1114 2694 1193 2737 curn
1224 2696 1355 2757 magna
1390 2678 1475 2741 sica·

191 2787 322 2848 riorum
348 2786 494 2847 cohorte
519 2781 743 2862 vestigarunt
767 2792 804 2842 ut
828 2781 1040 2862 iugularent.
1089 2779 1187 2861 Quos
1218 2782 1278 2843 ubi
1304 2784 1365 2845 diu
1391 2788 1475 2848 mul·

190 2903 333 2974 tumque
357 2890 536 2972 quaesitos
551 2909 618 2951 non
636 2897 783 2970 possent
807 2887 978 2966 invenire,
1004 2887 1039 2950 in
1063 2888 1337 2951 aedes‘tandem
1361 2892 1474 2954 cuius·

191 3001 271 3060 dam
296 3019 341 3060 ex
365 2996 544 3078 precipuis
576 2995 706 3057 nostris
740 2994 992 3072 familiaribus,
1024 2994 1079 3055 cui
1112 3004 1257 3058 nostrae
1287 2994 1476 3061 Goziensis

191 3105 358 3168 abbatiae
383 3124 503 3165 curam
528 3102 748 3164 comissimus
757 3149 766 3181 ,
797 3121 866 3162 non
901 3101 1108 3163 dubitarunt
1142 3100 1354 3186 irrumpere,
1387 3125 1478 3186 quas

194 3233 236 3274 ea
259 3210 477 3273 immanitate
501 3209 750 3290 compilarunt,
783 3218 820 3268 ut
856 3228 926 3269 non
951 3207 1107 3269 contenti
1141 3210 1400 3290 supellectilem
1425 3224 1476 3276 to·

191 3328 261 3381 tam
287 3329 418 3399 quanta
441 3326 573 3398 quanta
598 3325 674 3378 erat
699 3314 905 3396 diripuisse,
935 3312 1111 3376 fenestras
1145 3335 1285 3396 quoque
1309 3321 1409 3398 ipsas
1432 3339 1477 3382 ac

191 3425 366 3508 parietes,
401 3423 574 3485 effrenata
606 3443 669 3484 sua
700 3421 838 3483 insania
877 3420 926 3482 ita
957 3421 1201 3503 disruperunt,
1235 3432 1273 3483 ut
1305 3422 1336 3484 is
1374 3426 1477 3488 locus

191 3535 377 3615 plusquam
413 3529 534 3592 decies
569 3529 665 3590 mille
701 3527 914 3590 florenorum
955 3527 1125 3590 iacturam
1162 3527 1289 3590 fecisse
1324 3529 1478 3599 dicatur.

190 3638 315 3719 Neque
339 3657 425 3699 vero
455 3637 491 3697 id
517 3656 578 3697 eos
601 3634 727 3715 flagitii
751 3633 904 3697 satiavit.
952 3632 1044 3714 Quin
1069 3633 1103 3695 in
1129 3634 1241 3714 ipsam
1266 3637 1392 3700 urbem
1423 3660 1476 3702 re·

189 3744 294 3824 versi,
318 3754 458 3805 nostros
482 3743 573 3805 adeo
597 3758 759 3804 carceres
783 3740 887 3803 veriti
911 3760 982 3804 non
1006 3751 1088 3803 sunt
1110 3740 1336 3823 perfringere
1362 3755 1402 3807 ut
1426 3749 1474 3808 al·

190 3862 302 3913 terum
327 3850 423 3912 illum
447 3849 662 3912 haereticum
692 3847 895 3925 liberarent,
925 3868 1030 3930 quem
1058 3859 1218 3929 ereptum
1250 3851 1296 3910 ad
1321 3851 1475 3932 primum

189 3978 330 4038 quoque
344 3956 499 4037 lapidem
516 3956 753 4034 deduxerunt,
779 3974 848 4034 quo
866 3955 975 4017 tutius
993 3976 1115 4017 manus
1133 3966 1274 4019 nostras
1291 3960 1474 4024 evaderet.

189 4064 289 4126 Haec
314 4063 422 4143 igitur
450 4082 556 4144 quum
591 4061 641 4123 ita
674 4062 744 4122 sint
777 4061 989 4125 Beatissime
1021 4063 1129 4124 Pater
1159 4075 1360 4127 nostrarum
1394 4086 1473 4130 esse

189 4171 342 4251 pretium
368 4169 435 4231 rati
455 4189 583 4246 sumus,
609 4188 729 4229 eorum
746 4167 782 4228 S.
796 4167 834 4232 T.
854 4169 1041 4231 certiorem
1058 4170 1219 4247 reddere,
1244 4180 1281 4230 ut
1305 4170 1474 4235 idoneum

189 4276 432 4339 exorientibus
445 4274 645 4338 huiusmodi
657 4275 758 4337 malis
770 4276 965 4338 remedium
978 4276 1156 4338 adhibeat.
1173 4275 1212 4337 Id
1224 4277 1318 4356 quod
1331 4277 1473 4340 incunc-

187 4391 305 4446 tanter
318 4404 382 4445 nos
396 4394 492 4445 certe
507 4382 717 4459 faceremus
732 4392 839 4462 prout
849 4382 927 4463 ipsa
940 4393 1059 4444 monet
1072 4381 1197 4463 pietas,
1212 4382 1360 4463 eiusque
1372 4404 1471 4447 reve·

187 4491 303 4553 rentia
315 4490 350 4551 in
361 4490 459 4552 cuius
469 4491 565 4552 haud
575 4488 681 4551 dubie
689 4499 928 4570 contemptum
941 4489 1009 4551 ista
1017 4499 1269 4571 perpetrantur
1278 4489 1308 4551 si
1318 4489 1356 4551 id
1364 4492 1471 4555 modo

187 4598 222 4659 in
247 4607 369 4659 nostra
392 4617 497 4659 manu
522 4597 607 4658 satis
631 4606 735 4658 esset.
783 4595 917 4657 Verum
942 4615 1048 4676 quum
1081 4594 1113 4657 ei
1145 4594 1197 4657 rei
1227 4594 1470 4660 conficiendae

188 4724 313 4785 parum
338 4724 403 4765 nos
427 4702 591 4766 sufficere
615 4703 831 4780 videremus,
867 4701 981 4764 visum
1006 4712 1059 4763 est
1084 4702 1129 4762 ad
1154 4701 1327 4763 neminem
1352 4702 1470 4783 potius

187 4831 292 4891 quam
322 4811 367 4872 ad
391 4810 430 4873 E.
456 4811 492 4873 S.
517 4811 557 4873 T.
587 4811 792 4890 confugere,
818 4828 909 4889 quae
942 4808 1045 4870 nobis
1074 4807 1109 4870 in
1140 4828 1214 4870 rem
1248 4806 1469 4872 Christianae
