3330 5580
707 500 765 556 Θῆ]
804 502 857 556 572
896 499 954 554 [ἒν-ο

192 641 227 706 ἱη
242 643 366 707 Valvis
383 655 418 707 et
432 645 521 708 Acie
535 646 705 727 predictis
729 667 794 728 per
809 667 915 709 unum
940 668 986 708 ex
1005 645 1109 709 dictis
1125 645 1336 709 Cursoribus
1353 644 1480 708 debite

191 751 337 813 affixum
362 761 397 814 et
421 753 577 832 legitime
597 753 799 817 executioni
815 754 957 835 publice
984 755 1235 817 demandatum
1258 752 1481 815 iudicialiter

191 859 414 940 reproduxit,
440 879 481 922 ac
507 861 692 924 citatorum
717 861 803 924 inibi
826 871 1072 925 contentorum
1096 882 1166 923 non
1192 859 1479 941 comparentium

191 985 256 1026 nec
281 966 414 1047 aliquid
446 977 569 1029 contra
600 967 712 1050 ipsam
745 967 1026 1031 commissionem
1058 968 1176 1030 dicere
1210 988 1272 1029 seu
1302 966 1480 1047 excipere

191 1073 403 1153 curantium,
436 1075 688 1137 contumaciam
728 1075 918 1156 accusavit,
948 1075 1116 1157 ipsosque
1149 1086 1381 1138 contumaces
1412 1094 1482 1156 per

190 1179 287 1260 ipsos
311 1178 540 1243 Franciscum
565 1181 789 1245 Cardinalem
814 1202 855 1245 ac
888 1182 1086 1262 johannem
1120 1192 1155 1245 et
1188 1180 1371 1246 Gentilem
1404 1185 1479 1244 Au·

190 1286 323 1349 ditores
357 1288 515 1369 reputari
537 1287 639 1370 fecit,
664 1309 705 1352 ac
731 1290 835 1352 etiam
872 1289 1040 1371 obtinuit,
1072 1310 1210 1352 necnon
1246 1290 1480 1371 postmodum

192 1413 311 1456 coram
334 1394 421 1474 ipsis
445 1397 634 1459 nonnullos
658 1396 839 1458 Articulos
863 1416 971 1477 super
995 1395 1171 1459 natalibus
1196 1406 1233 1459 et
1246 1395 1479 1476 legitimitate

189 1501 360 1582 predictis
385 1502 523 1583 obtulit,
540 1513 574 1567 et
590 1503 686 1566 aliud
704 1503 881 1566 citationis
898 1503 1061 1566 Edictum
1085 1513 1209 1566 contra
1233 1503 1332 1585 ipsos
1369 1503 1478 1565 inter·

188 1629 265 1671 esse
290 1619 456 1691 putantes
481 1610 641 1673 similiter
673 1609 892 1692 affigendum
917 1621 953 1674 et
977 1612 1227 1692 exequendum
1258 1612 1305 1672 ab
1337 1610 1479 1673 eisdem

189 1714 437 1779 Cardinalibus
468 1718 513 1779 ad
545 1717 732 1780 dicendum
761 1728 797 1780 et
830 1717 1079 1798 excipiendum
1111 1717 1278 1799 quicquid
1312 1717 1478 1780 similiter

190 1832 313 1886 contra
341 1822 438 1905 ipsos
471 1825 640 1888 articulos
664 1825 783 1887 dicere
808 1826 884 1887 sive
909 1824 1077 1906 excipere
1101 1826 1253 1903 vellent,
1286 1845 1327 1886 ac
1354 1825 1401 1886 ad
1427 1824 1475 1887 vi·

189 1931 343 1993 dendum
367 1940 403 1993 et
427 1931 640 1995 audiendum
673 1931 770 2013 ipsos
804 1932 971 1994 articulos
995 1933 1041 1994 ad
1070 1933 1294 2014 probandum
1320 1933 1474 2012 admitti,

188 2047 225 2101 et
249 2038 374 2101 Testes
405 2059 512 2120 super
542 2039 611 2102 illis
639 2062 680 2103 ac
711 2049 787 2102 tota
821 2059 928 2102 causa
959 2039 1177 2118 huiusmodi,
1205 2039 1323 2101 iurare
1353 2048 1391 2102 et
1426 2040 1472 2101 ad

189 2144 375 2208 iurandum
407 2146 544 2209 admitti
573 2148 619 2209 ad
650 2156 782 2209 certam
816 2147 909 2209 diem
934 2146 1117 2209 iuridicam
1141 2158 1224 2208 tunc
1249 2167 1471 2229 expressam,

188 2251 374 2315 terminum
405 2253 547 2335 quidem
581 2254 687 2316 etiam
717 2254 995 2335 peremptorium
1036 2262 1313 2333 competentem,
1353 2274 1394 2316 ac
1425 2254 1471 2315 ad

191 2359 344 2421 dandum
366 2359 641 2442 interrogatoria
657 2362 685 2423 si
703 2381 772 2442 qua
797 2361 881 2423 dicti
906 2360 1003 2423 citati
1028 2380 1093 2442 pro
1117 2359 1204 2441 ipsis
1227 2359 1257 2422 T
1260 2359 1396 2422 estibus
1420 2359 1468 2422 in·

191 2467 417 2546 terrogandis
448 2470 533 2530 dare
563 2470 697 2532 vellent
727 2488 793 2549 per
820 2477 930 2530 totam
960 2468 1055 2530 illam
1089 2477 1124 2529 et
1149 2477 1356 2548 sequentem
1382 2466 1468 2546 dies,

190 2593 287 2636 more
311 2574 415 2637 solito
440 2575 585 2638 decerni
609 2575 711 2653 fecit,
740 2595 782 2638 ac
812 2577 936 2638 eadem
965 2575 1023 2638 die
1056 2572 1270 2636 adveniente
1304 2572 1467 2635 Edictum

189 2681 397 2762 posterioris
422 2682 598 2746 citationis
622 2682 821 2746 huiusmodi
844 2682 879 2745 in
904 2683 1018 2745 valvis
1043 2692 1078 2744 et
1095 2680 1184 2742 Acie
1208 2679 1380 2760 predictis
1404 2699 1468 2761 per

189 2808 295 2850 unum
320 2809 367 2851 ex
392 2789 494 2852 dictis
519 2789 729 2852 Cursoribus
754 2789 914 2852 similiter
937 2787 1083 2850 affixum
1116 2797 1151 2850 et
1183 2786 1388 2850 executioni
1412 2788 1466 2848 de-

188 2897 392 2959 mandatum
422 2896 456 2959 in
496 2896 589 2959 illius
627 2896 777 2959 termino
810 2895 972 2978 predicto
1006 2914 1125 2957 coram
1153 2893 1240 2974 ipsis
1274 2892 1467 2955 Francisco

190 3002 370 3067 Cardinali
394 3024 436 3066 ac
459 3005 622 3085 Johanne
647 3013 683 3065 et
706 3002 849 3068 Gentile
866 3001 1099 3064 Auditoribus
1122 3001 1227 3063 etiam
1244 2999 1467 3084 reproduxit,

189 3120 225 3172 et
249 3110 436 3174 citatorum
460 3111 701 3193 predictorum
724 3130 795 3173 non
816 3107 1095 3190 comparentium
1113 3127 1178 3170 nec
1193 3106 1328 3188 aliquid
1344 3116 1467 3169 contra

188 3216 285 3296 ipsos
313 3216 521 3281 Cardinales
550 3219 669 3281 dicere
704 3218 762 3280 vel
804 3216 971 3298 excipere
1015 3214 1211 3278 curantium
1247 3234 1313 3296 per
1353 3215 1466 3297 ipsum

189 3323 369 3405 Angelum
385 3325 606 3389 contumacia
623 3333 797 3404 accusata,
822 3323 978 3405 ipsisque
1003 3320 1269 3386 contumacibus
1284 3319 1467 3402 reputatis,

189 3450 254 3510 per
277 3429 375 3513 ipsos
408 3432 634 3494 Franciscum
671 3429 896 3494 Cardinalem
927 3450 969 3492 ac
997 3430 1196 3522 Johannem
1228 3438 1264 3490 et
1288 3427 1467 3492 Gentilem

190 3536 383 3601 Auditores
407 3538 522 3602 dictos
538 3539 719 3601 Articulos
744 3539 789 3599 ad
812 3538 1037 3619 probandum
1060 3534 1199 3598 admitti
1222 3535 1325 3617 petiit
1349 3547 1386 3600 et
1409 3537 1467 3599 ob·

188 3644 310 3725 tinuit,
347 3666 389 3709 ac
422 3667 541 3710 coram
572 3645 624 3709 eis
657 3647 845 3709 nonnullos
875 3645 1002 3707 Testes
1024 3643 1226 3727 fidedignos
1249 3663 1360 3726 super
1382 3642 1467 3727 ipsis

190 3751 348 3816 articulis
373 3763 408 3817 et
432 3764 508 3818 tota
532 3774 639 3817 causa
663 3752 908 3835 inquisitiones
931 3752 1132 3816 huiusmodi
1155 3749 1310 3830 induxit,
1344 3760 1381 3814 et
1405 3770 1468 3832 per

189 3859 416 3924 Franciscum
446 3860 670 3925 Cardinalem
694 3871 765 3924 tam
790 3882 853 3925 suo
878 3882 982 3945 quam
1006 3859 1184 3924 Leonardi
1209 3857 1409 3921 Cardinalis
1434 3864 1469 3920 et

189 3966 335 4048 College
359 3969 560 4032 nominibus
568 4018 577 4050 ,
606 3989 647 4032 ac
679 3969 877 4049 Johannem
909 3978 945 4031 et
969 3966 1147 4030 Gentilem
1171 3965 1367 4029 Auditores
1391 3985 1467 4048 pre·

187 4073 281 4138 fatos
306 4075 412 4138 etiam
435 4076 546 4159 recipi
571 4086 607 4139 et
631 4076 768 4139 admitti
792 4077 838 4138 ad
862 4075 1048 4137 iurandum
1064 4083 1171 4156 prout
1188 4073 1350 4136 iurarunt
1365 4070 1467 4134 tactis

187 4201 252 4263 per
276 4202 338 4245 eos
362 4193 397 4245 et
421 4202 543 4246 eorum
568 4183 760 4264 quemlibet
784 4185 830 4244 ob
854 4184 922 4245 hoc
946 4179 1138 4263 Scripturis
1161 4178 1399 4243 sacrosanctis
1422 4178 1467 4241 ad

188 4300 310 4352 sancta
333 4291 401 4352 Dei
425 4291 614 4373 evangelia
645 4292 689 4353 de
721 4290 873 4353 dicendo
908 4310 1033 4371 puram
1065 4309 1198 4352 meram
1222 4297 1258 4352 et
1282 4286 1467 4366 sinceram,

187 4415 292 4476 quam
316 4415 423 4477 super
452 4397 520 4460 hiis
555 4397 686 4460 scirent
721 4397 927 4475 veritatem,
952 4417 1072 4459 amore
1096 4397 1220 4459 favore
1244 4395 1297 4458 ira
1321 4404 1357 4456 et
1381 4390 1466 4455 invi·

187 4501 246 4564 dia
270 4502 411 4584 penitus
434 4503 652 4586 postpositis.
709 4503 754 4566 Et
778 4504 996 4583 successive,
1027 4524 1072 4567 ne
1103 4505 1149 4565 ab
1181 4499 1358 4583 aliquibus
1382 4509 1466 4564 tem·

186 4629 275 4690 pore
300 4610 520 4691 procedente
544 4611 590 4673 de
612 4610 682 4674 fide
708 4621 744 4673 et
759 4610 944 4693 legalitate
959 4609 1133 4672 dictorum
1150 4608 1309 4671 Testium
1332 4605 1467 4688 aliquid

187 4716 302 4796 possit
324 4717 470 4780 hesitari
494 4717 653 4800 prefatus
678 4718 840 4800 Angelus
865 4726 982 4780 certos
1010 4716 1098 4779 alios
1132 4715 1313 4778 Articulos
1346 4714 1466 4796 legali·

186 4822 268 4887 tatis
291 4823 451 4906 ipsorum
468 4825 623 4890 Testium
639 4824 945 4907 comprobatorios
961 4844 1080 4886 coram
1103 4821 1253 4905 prefatis
1274 4820 1467 4885 Francisco
