3330 5580
711 449 958 521 essese*

192 619 258 676 tur.
306 610 523 677 Gravamina
557 614 711 697 denique
735 619 898 686 Nationis
922 621 1158 687 Germanicae
1188 641 1255 703 per
1279 622 1475 707 Principes,

193 728 229 781 et
252 716 375 782 Status
406 722 608 785 saeculares
640 736 765 790 contra
797 726 928 793 Sedem
953 729 1200 811 Apostolicam
1230 729 1267 792 in
1300 740 1475 796 conuentu

191 825 355 907 proximo
380 826 558 911 Imperiali
582 829 637 892 hic
663 835 862 916 celebrato,
895 837 1055 901 similiter
1077 845 1114 900 et
1137 835 1350 919 gravamina
1380 857 1474 905 secu·

192 931 318 997 larium
343 943 466 997 contra
490 934 759 1004 Ecclesiasticos
783 943 987 1025 designata,
1018 942 1229 1007 consiliariis
1254 954 1291 1007 et
1314 945 1479 1026 personis

191 1060 257 1121 per
280 1041 468 1123 Principes
491 1042 688 1126 ElectoreS,
713 1047 899 1131 Principes
923 1059 960 1114 et
984 1049 1106 1114 Status
1128 1051 1198 1131 ita,
1222 1059 1262 1113 ut
1285 1051 1479 1135 prefertur,

191 1147 417 1228 deputandos
441 1151 487 1212 ad
503 1151 775 1218 examinandum
802 1166 837 1220 et
855 1159 1127 1222 consultandum
1143 1158 1316 1223 committi
1333 1161 1480 1243 debent,

192 1264 230 1316 ut
254 1274 297 1317 ea
320 1257 487 1320 studeant
517 1259 612 1322 omni
635 1262 824 1327 sedulitate
849 1275 885 1327 et
909 1264 1096 1347 diligentia
1127 1265 1351 1349 ponderare,
1388 1267 1479 1332 revi-

192 1362 296 1442 dere,
328 1371 364 1425 et
387 1383 511 1427 sanum
536 1367 717 1432 consilium
743 1390 844 1435 suum
873 1391 943 1454 quo
966 1381 1073 1456 pacto
1098 1373 1143 1436 ad
1167 1372 1379 1436 tolerabiles
1402 1373 1481 1438 vias

191 1469 319 1531 deduci
343 1471 482 1553 possint
506 1472 541 1535 in
559 1474 724 1555 proximo
746 1478 922 1543 communi
938 1487 1117 1543 conventu
1131 1478 1323 1560 Imperiali.
1363 1479 1480 1544 Nobis

191 1578 249 1639 vel
280 1577 551 1642 Locumtenenti
583 1592 704 1647 nostro
736 1584 964 1669 Principibus
995 1606 1136 1669 quoque
1160 1585 1408 1669 Electoribus,
1443 1597 1480 1652 et

191 1683 341 1747 statibus
365 1685 549 1768 impartiri,
574 1691 741 1772 quodque
757 1693 895 1757 deinde
910 1694 946 1756 in
971 1692 1151 1776 premissis
1166 1713 1220 1774 ea,
1244 1713 1339 1775 quae
1354 1714 1479 1758 neces·

190 1791 284 1856 saria
316 1805 351 1855 et
375 1803 552 1875 oportuna
576 1796 654 1859 visa
683 1792 817 1861 inerint
841 1799 1032 1864 deliberari
1062 1809 1099 1863 et
1129 1799 1295 1863 concludi
1325 1800 1478 1883 possint.

190 1899 246 1962 Ex
270 1898 418 1982 speciali
443 1901 689 1967 commissione
714 1902 815 1968 Sacri
831 1905 989 1970 Romani
1012 1907 1157 1991 imperii
1180 1916 1334 1970 statuum
1350 1905 1477 1972 Simon

190 2005 343 2069 Ribisen
366 2005 452 2070 iuris
475 2007 657 2090 utriusque
675 2010 1023 2078 DoctorCanonicus
1046 2013 1188 2077 maioris
1213 2023 1248 2077 et
1271 2013 1357 2077 Divi
1372 2013 1480 2079 Pauli

191 2110 464 2178 Wormatiensis
477 2114 807 2182 Ecclesiasticorum
823 2120 1027 2202 prepositus
1041 2119 1351 2185 Reverendissimi
1368 2120 1476 2186 Wor·

190 2217 370 2284 matiensis
395 2221 562 2287 antistitis
594 2224 759 2289 adhunc
784 2237 997 2291 conventum
1021 2228 1149 2291 missus
1172 2235 1295 2292 orator
1317 2226 1477 2293 fideliter

189 2326 378 2409 transtulit,
403 2330 499 2410 quod
522 2350 627 2394 manu
651 2332 799 2416 propria
821 2334 933 2398 refert
956 2343 993 2397 et
1015 2343 1171 2398 attestat.

730 2528 934 2542 ᾺΛΛΜΓΛΓΙΝΛΛΛΛΝ

793 2763 866 2829 152.

213 2881 406 2987 Responsio
425 2883 465 2966 s
480 2884 622 2966 Domini
637 2886 838 2969 cardinalis
857 2887 1039 2990 Gsmpegii
1052 2887 1180 2989 Legati
1199 2888 1245 2969 ed
1264 2911 1447 2972 recessum

727 3017 933 3095 conventus.

626 3152 710 3222 (Auta
726 3151 944 3211 nemausum
961 3151 1027 3223 tte.)

278 3288 510 3353 Considerato
534 3299 658 3353 tenore
682 3289 910 3353 resolutionis
934 3309 1039 3372 quam
1062 3288 1251 3352 intendunt
1275 3285 1381 3354 Sacri
1397 3291 1472 3356 Ro·

189 3395 282 3460 mani
306 3397 449 3480 Imperii
473 3396 678 3481 Principes,
704 3406 739 3460 et
763 3405 875 3460 status
899 3395 935 3459 in
959 3397 1028 3458 hoc
1052 3394 1366 3476 Norembergense
1390 3417 1472 3468 con-

188 3513 308 3583 ventu,
333 3524 402 3585 quo
427 3505 473 3567 ad
497 3524 620 3584 novas,
643 3503 714 3566 imo
734 3503 908 3587 antiques,
935 3511 970 3565 et
985 3502 1073 3566 alias
1088 3504 1273 3567 damnatas
1289 3504 1474 3587 haereses,

189 3610 272 3674 mihi
297 3632 361 3693 per
385 3630 505 3674 eorum
530 3612 721 3695 deputatos
745 3610 915 3674 exhibita.

278 3717 453 3800 Imprimis
475 3719 563 3783 illud
587 3718 668 3782 dico
693 3721 848 3800 placere,
873 3717 968 3800 quod
994 3718 1038 3779 de
1055 3715 1285 3779 revocatione
1309 3719 1474 3791 mandati

188 3824 461 3889 Wormatiensis
485 3825 617 3905 dicunt,
642 3836 749 3907 atque
772 3825 808 3888 in
832 3827 900 3888 hoc
925 3845 988 3889 eos
1011 3823 1164 3887 maxime
1188 3823 1330 3905 hortor,
1360 3833 1401 3893 ut
1433 3846 1474 3890 re

188 3932 266 4014 ipsa
283 3929 456 4013 efficiant,
489 3934 584 4013 quod
608 3933 830 4014 praedictum
853 3933 1058 3996 mandatum
1082 3929 1317 3993 effectualiter
1341 3951 1473 4002 execu-

188 4039 275 4102 tioni
299 4039 495 4119 mandetur,
520 4048 557 4102 et
579 4042 801 4104 observetur.

277 4144 444 4210 Secundo
469 4145 729 4210 consideranda
753 4166 830 4209 esse
854 4147 967 4208 verba
990 4143 1052 4208 illa
1078 4144 1114 4208 in
1143 4143 1306 4225 prefatae
1336 4146 1473 4210 resolu-

188 4252 294 4317 tionis
318 4251 410 4316 serie
434 4252 577 4334 scripta,
601 4259 634 4317 et
655 4274 697 4319 ne
719 4253 843 4321 bonum
867 4273 944 4316 cum
967 4253 1056 4315 malo
1078 4250 1328 4339 suppremam,
1351 4256 1473 4317 attan·

188 4362 261 4424 dem
286 4359 446 4424 resolutae
467 4359 556 4443 fieri,
580 4381 640 4424 seu
654 4362 703 4425 ad
713 4359 879 4425 amussim
893 4358 1095 4423 exammam'
1108 4357 1228 4443 possm,
1252 4379 1355 4442 quam
1379 4358 1472 4424 emm

189 4466 227 4531 in
251 4467 314 4531 lmc
336 4488 374 4531 re
396 4465 540 4551 quisque
562 4467 674 4531 debeat
693 4466 853 4552 amplecti
871 4473 928 4532 etc.
983 4467 1038 4531 Ex
1067 4466 1194 4549 quibus
1223 4486 1349 4530 sensus
1373 4467 1471 4543 vide·

189 4585 247 4638 tur
269 4575 443 4639 resultare
467 4594 538 4639 non
563 4575 780 4640 conveniens
811 4574 962 4638 statibus
992 4572 1092 4637 Sacri
1124 4572 1280 4636 Romani
1314 4573 1471 4656 Imperii,

190 4702 296 4764 quum
320 4681 469 4744 innuant
490 4682 588 4763 quod
611 4681 705 4747 inter
727 4702 785 4747 res
808 4681 956 4749 istorum
979 4681 1239 4745 haereticorum
1263 4679 1333 4749 sint
1349 4680 1472 4763 aliqua

189 4791 302 4873 bona,
330 4808 421 4870 quae
446 4788 529 4853 dato
553 4788 650 4874 quod
673 4797 804 4874 essent,
828 4808 908 4856 cum
931 4807 1070 4854 veneno
1094 4787 1183 4852 illita
1207 4786 1291 4867 sint,
1322 4795 1359 4851 et
1381 4785 1471 4851 nihil
