3330 5580
711 369 958 428 Ο-41ῑ1ΟΗΜ

191 521 305 581 11011115
329 519 363 581 111
389 518 573 600 Leiphaim
600 518 788 580 suscitator
812 518 915 580 huius
939 519 1022 580 mali
1039 518 1196 598 Joannes
1212 519 1375 601 Jacobus
1399 541 1467 602 cap

191 638 248 687 tus
272 647 351 688 cum
375 637 510 706 septem
528 625 606 687 aliis
622 625 714 687 intra
730 625 914 706 Leipheim
932 635 968 687 et
982 624 1183 709 Gintzburg
1198 627 1401 690 decollatus
1418 642 1480 692 est,

281 734 499 795 Duodecima
526 733 661 813 Aprilis
687 732 776 814 Liga
800 734 925 794 volens
948 732 1118 795 invadere
1142 734 1296 797 rusticos
1321 735 1358 797 in
1383 735 1479 797 Balt-

189 839 302 920 zinglf
310 861 371 901 eos
383 840 418 901 in
431 840 552 921 fugam
563 838 748 916 convertit,
763 858 851 919 quos
865 858 977 919 prope
989 838 1181 902 Wurtzach
1193 845 1481 922 comprehensos

196 967 300 1024 15000
336 946 465 1008 occidit
497 958 532 1007 et
556 944 704 1007 totidem
744 944 778 1006 in
811 945 945 1026 oppido
976 945 1024 1007 ad
1061 946 1214 1027 gratiam
1252 957 1289 1008 et
1325 967 1481 1031 poenam

190 1052 346 1134 suscepit
370 1053 541 1134 captivos.
596 1073 632 1128 14
658 1052 802 1132 Aprilis.

279 1160 551 1241 Decimaquinta
578 1158 711 1239 Aprilis
743 1177 955 1240 progressus
986 1157 1164 1221 exercitus
1188 1159 1234 1221 ad
1259 1157 1478 1241 Wingarten

190 1269 336 1328 volebat
359 1275 542 1347 potentem
566 1264 662 1326 illum
687 1285 837 1327 cuneum
862 1265 1047 1346 invadere,
1073 1264 1132 1328 ubi
1157 1276 1261 1328 erant
1290 1287 1411 1345 13,ooo
1428 1287 1479 1328 ru·

188 1372 353 1435 sticorum
365 1371 614 1434 selectissimos
628 1368 703 1456 (sic)
723 1382 758 1433 et
778 1371 846 1434 iam
861 1373 905 1434 ad
920 1391 1150 1453 congressum
1162 1372 1331 1453 utrinque
1347 1373 1474 1455 parati,

195 1482 231 1540 16
267 1479 403 1560 Aprilis
435 1479 637 1540 interventu
666 1487 783 1540 autem
814 1489 958 1541 senatus
986 1479 1249 1562 uberlingensis
1274 1489 1311 1541 et
1336 1500 1477 1541 ravens-

189 1586 380 1666 purgensis
406 1607 445 1647 ac
472 1585 611 1647 comitis
635 1584 800 1665 Hugonis
824 1587 869 1646 de
899 1585 1074 1648 Montiort
1103 1606 1161 1649 res
1190 1596 1246 1648 est
1277 1586 1478 1667 composita

188 1703 259 1755 tem
283 1692 375 1754 inter
400 1692 550 1774 Algoios
567 1712 672 1773 quam
690 1691 824 1754 vicinos
842 1692 944 1773 100111,
962 1692 1086 1755 literae
1100 1691 1315 1755 concordiae
1335 1704 1479 1756 erectae

188 1809 223 1861 et
248 1799 423 1879 sigillatae
450 1819 488 1860 22
515 1798 666 1879 Aprilis.

277 1906 415 1969 Octava
448 1906 582 1987 Aprilis
612 1907 830 1967 rebellarunt
865 1904 986 1968 rustici
1016 1904 1051 1967 in
1085 1907 1179 1968 valle
1208 1905 1412 1988 Winsperg
1443 1918 1479 1970 et

187 2015 314 2076 comite
331 2014 512 2076 Ludovico
527 2013 758 2076 Helienricho
776 2015 820 2075 de
836 2013 1060 2076 Helfenstein
1084 2014 1156 2075 illic
1174 2061 1204 2076 ..
1220 2064 1226 2078 .
1243 2013 1368 2076 rustici
1395 2036 1478 2077 eum

187 2140 252 2201 per
276 2121 396 2182 dolum
421 2120 628 2182 occiderunt
652 2139 731 2181 cum
756 2118 888 2181 XXIII
913 2119 1093 2181 nobilibus
1122 2124 1159 2180 16
1177 2119 1322 2200 Aprilis.
1373 2122 1477 2184 Tunc

189 2227 321 2307 ubique
337 2227 557 2290 rebellarunt
572 2226 712 2288 Rustici
728 2226 1017 2308 Wirtembergae
1031 2247 1095 2307 per
1111 2226 1311 2309 vigintiduo
1330 2228 1479 2309 oppida.

278 2334 520 2395 Decimanona
562 2333 708 2415 Aprilis,
782 2333 983 2395 Ludovicus
1033 2334 1116 2394 Dux
1160 2332 1338 2396 Bavariae
1375 2334 1481 2397 cuius

187 2440 342 2502 consiliis
376 2442 546 2502 nolebant
586 2440 728 2521 Algoici
764 2439 944 2502 Collimitii
974 2439 1181 2521 acquiscere
1212 2449 1249 2502 ut
1285 2441 1484 2505 obedirent

188 2547 366 2627 Episcopo
391 2547 610 2628 Augustensi
637 2557 671 2609 et
697 2547 876 2609 nobilibus
900 2547 1048 2609 Domnis
1079 2567 1200 2609 eorum
1231 2548 1326 2610 unde
1362 2548 1483 2611 exivit

190 2654 297 2735 Algei
322 2674 400 2716 cum
425 2653 640 2735 octingentis
673 2654 850 2735 equitibus
886 2664 921 2716 01
953 2674 1040 2730 4000
1068 2653 1251 2735 peditibus
1282 2665 1318 2716 et
1351 2656 1482 2737 abegit

189 2782 319 2842 pecora
346 2762 464 2840 multa,
490 2761 618 2842 quibus
643 2761 857 2823 minantibus
882 2761 1113 2841 irruptionem
1138 2761 1174 2822 in
1198 2761 1391 2824 Bavariam
1420 2763 1480 2825 tri-

189 2868 325 2949 gesima
345 2868 477 2949 Aprilis
509 2869 633 2931 iterum
660 2862 784 2930 exiens
810 2868 966 2930 incendit
990 2871 1174 2931 castellum
1198 2868 1361 2930 Bucheln
1397 2889 1482 2932 cum

190 2986 307 3037 castro
334 2986 368 3036 et
394 2976 546 3057 quinque
572 2976 650 3037 aliis
666 2975 759 3037 villis
776 2976 924 3057 magnis¹
972 2975 1076 3037 Nona
1098 2974 1184 3037 Maii
1213 2978 1272 3035 116
1297 2975 1483 3038 interfecit

191 3103 236 3144 ex
260 3081 400 3143 rusticis
425 3092 460 3143 et
484 3084 604 3163 plures
629 3081 755 3162 coepit.
806 3103 842 3159 23
871 3081 955 3144 Maii
979 3082 1097 3144 factae
1122 3091 1204 3144 sunt
1226 3081 1403 3146 induciae.

280 3187 623 3267 Vigesimasecunda
651 3190 869 3250 rebellarunt
901 3189 1022 3250 rustici
1056 3187 1235 3269 Episcopo
1268 3187 1481 3252 Eistettensi

192 3294 227 3355 in
252 3293 484 3375 Obermessig
508 3303 543 3355 et
567 3305 833 3375 occupaverunt
858 3295 1027 3375 oppidum
1052 3293 1215 3376 Greding
1245 3313 1323 3356 cum
1357 3305 1482 3360 castro

192 3401 353 3482 Messing
378 3411 413 3462 et
437 3412 681 3464 convenerunt
698 3403 742 3462 ad
761 3422 864 3479 5ooo;
889 3402 1122 3463 sollicitarunt
1147 3399 1277 3482 passim
1303 3401 1393 3464 alios
1418 3424 1482 3484 pa-

192 3529 260 3589 gos
285 3510 447 3570 nolentes
472 3508 637 3570 seditioni
664 3508 877 3580 consentire;
904 3510 1111 3590 supervenit
1142 3507 1256 3590 prima
1286 3507 1372 3569 Maii
1403 3508 1482 3572 Fri·

194 3615 333 3677 dericus
359 3614 485 3677 Comes
510 3615 694 3677 Palatinus
725 3636 803 3677 cum
837 3616 1041 3696 quingentis
1066 3614 1243 3697 equitibus
1268 3625 1304 3676 et
1328 3635 1350 3676 a
1375 3615 1482 3679 Duce

194 3721 387 3784 Wilhelmo
419 3722 578 3783 Baccaro
610 3722 839 3784 mittebantur
872 3722 932 3784 180
972 3721 1108 3802 equites
1148 3730 1183 3784 et
1224 3741 1290 3798 300
1325 3721 1482 3786 Bohemi

195 3828 446 3890 bombardarii.
493 3827 635 3890 Rustici
658 3828 785 3890 timore
808 3829 969 3910 percussi
993 3829 1121 3909 dilapsi
1139 3839 1231 3890 sunt.
1279 3827 1372 3890 XIII
1388 3849 1481 3912 ergo

196 3935 380 3998 decollatis
405 3946 440 3997 et
464 3935 598 4017 aliquot
623 3936 746 4017 captis,
771 3936 856 4017 pagi
880 3956 1002 3998 omnes
1038 3956 1075 3997 se
1101 3936 1218 3996 denuo
1242 3935 1482 3998 subdiderunt

196 4043 375 4123 episcopo,
400 4042 514 4104 tribus
538 4063 584 4104 011
608 4043 677 4104 11115
702 4044 815 4124 captis
839 4055 965 4124 postea
989 4041 1200 4123 Ingolstadii
1224 4042 1393 4104 decollati
1418 4049 1481 4124 qui

196 4151 331 4212 litteras
355 4150 569 4211 hortatorias
598 4149 782 4212 seditionis
818 4171 839 4212 a
863 4150 1022 4212 Rusticis
1046 4148 1081 4211 in
1107 4149 1211 4212 villas
1236 4149 1335 4211 ducis
1359 4160 1480 4231 porta·

196 4267 323 4318 verant
347 4258 476 4318 mulcta
500 4267 683 4318 reservata
707 4257 897 4340 Episcopo.

287 4363 598 4445 Vigesimaquarta
608 4364 728 4425 Martii
742 4363 883 4426 Rustici
894 4363 929 4425 in
943 4363 1078 4425 Rhetia
1094 4361 1410 4443 circaNorlingam
1426 4384 1480 4425 re-

197 4473 374 4532 bellarunt
391 4470 586 4532 Comitibus
601 4483 636 4532 et
654 4470 827 4532 Praelatis
843 4491 885 4532 ac
902 4470 1100 4548 Nobilibus,
1117 4471 1179 4531 sed
1200 4467 1313 4531 caesis
1338 4468 1481 4532 rusticis

198 4598 313 4658 prope
332 4577 470 4639 Ulmam
492 4597 570 4639 cum
586 4577 637 4638 eis
653 4577 880 4640 nunciaretur
895 4579 1069 4639 adventus
1084 4576 1179 4656 ligae
1194 4576 1240 4637 ad
1254 4559 1412 4657 'propria
1426 4597 1480 4639 re·

198 4686 349 4764 dierunt,
376 4685 502 4765 quibus
527 4683 670 4745 nimium
695 4684 818 4746 confisi
842 4697 923 4746 sunt
948 4682 1081 4745 domini
1106 4703 1227 4745 eorum
1259 4681 1480 4747 dimittentes
