<?xml version="1.0" encoding="UTF-8"?>
<!DOCTYPE html PUBLIC "-//W3C//DTD XHTML 1.0 Transitional//EN"
    "http://www.w3.org/TR/xhtml1/DTD/xhtml1-transitional.dtd">
<html xmlns="http://www.w3.org/1999/xhtml" xml:lang="en" lang="en">
 <head>
  <title>
</title>
<meta http-equiv="Content-Type" content="text/html;charset=utf-8" />
  <meta name='ocr-system' content='tesseract 3.04.00' />
  <meta name='ocr-capabilities' content='ocr_page ocr_carea ocr_par ocr_line ocrx_word'/>
</head>
<body>
  <div class='ocr_page' id='page_1' title='image "./monumentareform00vatigoog_0141.png"; bbox 0 0 3330 5580; ppageno 0'>
   <div class='ocr_carea' id='block_1_1' title="bbox 708 471 989 545">
    <p class='ocr_par' dir='ltr' id='par_1_1' title="bbox 708 471 989 545">
     <span class='ocr_line' id='line_1_1' title="bbox 708 471 989 545; baseline 0.011 -15"><span class='ocrx_word' id='word_1_1' title='bbox 708 493 766 545; x_wconf 56' lang='grc' dir='ltr'>οξ]</span> <span class='ocrx_word' id='word_1_2' title='bbox 807 471 859 528; x_wconf 82' lang='grc'>100</span> <span class='ocrx_word' id='word_1_3' title='bbox 897 489 955 543; x_wconf 50' lang='grc' dir='ltr'>ΕΗ</span> <span class='ocrx_word' id='word_1_4' title='bbox 986 527 989 532; x_wconf 94' lang='grc'><em>.</em></span> 
     </span>
    </p>
   </div>
   <div class='ocr_carea' id='block_1_2' title="bbox 159 619 1476 4881">
    <p class='ocr_par' dir='ltr' id='par_1_2' title="bbox 190 619 1475 918">
     <span class='ocr_line' id='line_1_2' title="bbox 191 619 1475 702; baseline -0.002 -18"><span class='ocrx_word' id='word_1_5' title='bbox 191 624 256 684; x_wconf 84' lang='lat' dir='ltr'>che</span> <span class='ocrx_word' id='word_1_6' title='bbox 280 623 533 684; x_wconf 87' lang='lat' dir='ltr'>deverebbeno</span> <span class='ocrx_word' id='word_1_7' title='bbox 561 619 617 682; x_wconf 85' lang='lat' dir='ltr'>far</span> <span class='ocrx_word' id='word_1_8' title='bbox 645 621 737 682; x_wconf 88' lang='lat' dir='ltr'>assai</span> <span class='ocrx_word' id='word_1_9' title='bbox 767 621 802 682; x_wconf 93' lang='lat' dir='ltr'>in</span> <span class='ocrx_word' id='word_1_10' title='bbox 831 631 957 702; x_wconf 90' lang='lat' dir='ltr'>questa</span> <span class='ocrx_word' id='word_1_11' title='bbox 985 640 1069 682; x_wconf 86' lang='lat' dir='ltr'>cosa</span> <span class='ocrx_word' id='word_1_12' title='bbox 1093 620 1223 701; x_wconf 69' lang='lat' dir='ltr'>perche</span> <span class='ocrx_word' id='word_1_13' title='bbox 1248 640 1314 701; x_wconf 88' lang='lat' dir='ltr'>per</span> <span class='ocrx_word' id='word_1_14' title='bbox 1338 621 1372 682; x_wconf 91' lang='lat' dir='ltr'>la</span> <span class='ocrx_word' id='word_1_15' title='bbox 1396 621 1475 682; x_wconf 91' lang='lat' dir='ltr'>loro</span> 
     </span>
     <span class='ocr_line' id='line_1_3' title="bbox 190 725 1475 809; baseline -0.002 -18"><span class='ocrx_word' id='word_1_16' title='bbox 190 727 339 791; x_wconf 73' lang='lat' dir='ltr'>timidita</span> <span class='ocrx_word' id='word_1_17' title='bbox 365 748 403 790; x_wconf 89' lang='lat' dir='ltr'>se</span> <span class='ocrx_word' id='word_1_18' title='bbox 428 730 568 789; x_wconf 87' lang='lat' dir='ltr'>lassano</span> <span class='ocrx_word' id='word_1_19' title='bbox 593 727 725 809; x_wconf 87' lang='lat' dir='ltr'>pigliar</span> <span class='ocrx_word' id='word_1_20' title='bbox 751 729 782 789; x_wconf 91' lang='lat' dir='ltr'>el</span> <span class='ocrx_word' id='word_1_21' title='bbox 808 728 954 809; x_wconf 90' lang='lat' dir='ltr'>proprio</span> <span class='ocrx_word' id='word_1_22' title='bbox 980 747 1049 789; x_wconf 91' lang='lat' dir='ltr'>non</span> <span class='ocrx_word' id='word_1_23' title='bbox 1075 729 1140 789; x_wconf 88' lang='lat' dir='ltr'>che</span> <span class='ocrx_word' id='word_1_24' title='bbox 1165 725 1359 789; x_wconf 85' lang='lat' dir='ltr'>defendino</span> <span class='ocrx_word' id='word_1_25' title='bbox 1375 727 1399 788; x_wconf 93' lang='lat' dir='ltr'>il</span> <span class='ocrx_word' id='word_1_26' title='bbox 1417 748 1475 789; x_wconf 91' lang='lat' dir='ltr'>no·</span> 
     </span>
     <span class='ocr_line' id='line_1_4' title="bbox 190 833 1474 918; baseline 0.001 -22"><span class='ocrx_word' id='word_1_27' title='bbox 190 847 275 914; x_wconf 81' lang='lat' dir='ltr'>stre,</span> <span class='ocrx_word' id='word_1_28' title='bbox 300 845 335 898; x_wconf 90' lang='lat' dir='ltr'>et</span> <span class='ocrx_word' id='word_1_29' title='bbox 359 839 472 912; x_wconf 88' lang='lat' dir='ltr'>basta,</span> <span class='ocrx_word' id='word_1_30' title='bbox 497 856 567 897; x_wconf 89' lang='lat' dir='ltr'>non</span> <span class='ocrx_word' id='word_1_31' title='bbox 591 855 699 916; x_wconf 91' lang='lat' dir='ltr'>posso</span> <span class='ocrx_word' id='word_1_32' title='bbox 724 834 784 916; x_wconf 77' lang='lat' dir='ltr'>piu</span> <span class='ocrx_word' id='word_1_33' title='bbox 809 835 1053 918; x_wconf 88' lang='lat' dir='ltr'>descoprirmi,</span> <span class='ocrx_word' id='word_1_34' title='bbox 1075 833 1147 897; x_wconf 88' lang='lat' dir='ltr'>fino</span> <span class='ocrx_word' id='word_1_35' title='bbox 1172 836 1238 897; x_wconf 88' lang='lat' dir='ltr'>che</span> <span class='ocrx_word' id='word_1_36' title='bbox 1261 833 1297 896; x_wconf 94' lang='lat' dir='ltr'>io</span> <span class='ocrx_word' id='word_1_37' title='bbox 1322 845 1377 896; x_wconf 88' lang='lat' dir='ltr'>sto</span> <span class='ocrx_word' id='word_1_38' title='bbox 1403 834 1474 915; x_wconf 89' lang='lat' dir='ltr'>qui.</span> 
     </span>
    </p>

    <p class='ocr_par' dir='ltr' id='par_1_3' title="bbox 159 940 1476 4881">
     <span class='ocr_line' id='line_1_5' title="bbox 280 940 1475 1022; baseline -0.003 -17"><span class='ocrx_word' id='word_1_39' title='bbox 280 942 431 1005; x_wconf 88' lang='lat' dir='ltr'>Accedit</span> <span class='ocrx_word' id='word_1_40' title='bbox 455 944 500 1004; x_wconf 89' lang='lat' dir='ltr'>ad</span> <span class='ocrx_word' id='word_1_41' title='bbox 525 942 561 1004; x_wconf 91' lang='lat' dir='ltr'>id</span> <span class='ocrx_word' id='word_1_42' title='bbox 587 952 622 1004; x_wconf 88' lang='lat' dir='ltr'>et</span> <span class='ocrx_word' id='word_1_43' title='bbox 647 942 743 1005; x_wconf 88' lang='lat' dir='ltr'>aliud</span> <span class='ocrx_word' id='word_1_44' title='bbox 768 962 897 1004; x_wconf 91' lang='lat' dir='ltr'>novum</span> <span class='ocrx_word' id='word_1_45' title='bbox 921 943 1064 1020; x_wconf 84' lang='lat' dir='ltr'>malum,</span> <span class='ocrx_word' id='word_1_46' title='bbox 1091 942 1157 1004; x_wconf 91' lang='lat' dir='ltr'>che</span> <span class='ocrx_word' id='word_1_47' title='bbox 1181 940 1288 1022; x_wconf 90' lang='lat' dir='ltr'>quelli</span> <span class='ocrx_word' id='word_1_48' title='bbox 1313 943 1380 1002; x_wconf 89' lang='lat' dir='ltr'>che</span> <span class='ocrx_word' id='word_1_49' title='bbox 1404 940 1475 1002; x_wconf 91' lang='lat' dir='ltr'>vie-</span> 
     </span>
     <span class='ocr_line' id='line_1_6' title="bbox 191 1047 1475 1132; baseline -0.004 -19"><span class='ocrx_word' id='word_1_50' title='bbox 191 1072 282 1113; x_wconf 90' lang='lat' dir='ltr'>neno</span> <span class='ocrx_word' id='word_1_51' title='bbox 315 1051 350 1112; x_wconf 90' lang='lat' dir='ltr'>di</span> <span class='ocrx_word' id='word_1_52' title='bbox 378 1051 498 1112; x_wconf 88' lang='lat' dir='ltr'>Roma</span> <span class='ocrx_word' id='word_1_53' title='bbox 531 1051 725 1131; x_wconf 88' lang='lat' dir='ltr'>divulgano</span> <span class='ocrx_word' id='word_1_54' title='bbox 754 1051 886 1132; x_wconf 91' lang='lat' dir='ltr'>passim</span> <span class='ocrx_word' id='word_1_55' title='bbox 916 1051 982 1113; x_wconf 90' lang='lat' dir='ltr'>che</span> <span class='ocrx_word' id='word_1_56' title='bbox 1011 1049 1032 1111; x_wconf 74' lang='lat' dir='ltr'>a</span> <span class='ocrx_word' id='word_1_57' title='bbox 1061 1049 1180 1112; x_wconf 88' lang='lat' dir='ltr'>Roma</span> <span class='ocrx_word' id='word_1_58' title='bbox 1208 1069 1247 1111; x_wconf 92' lang='lat' dir='ltr'>se</span> <span class='ocrx_word' id='word_1_59' title='bbox 1275 1068 1320 1109; x_wconf 91' lang='lat' dir='ltr'>ne</span> <span class='ocrx_word' id='word_1_60' title='bbox 1348 1047 1475 1110; x_wconf 92' lang='lat' dir='ltr'>rideno</span> 
     </span>
     <span class='ocr_line' id='line_1_7' title="bbox 190 1155 1476 1237; baseline -0.002 -19"><span class='ocrx_word' id='word_1_61' title='bbox 190 1158 284 1220; x_wconf 91' lang='lat' dir='ltr'>delle</span> <span class='ocrx_word' id='word_1_62' title='bbox 313 1177 395 1220; x_wconf 91' lang='lat' dir='ltr'>cose</span> <span class='ocrx_word' id='word_1_63' title='bbox 425 1156 459 1218; x_wconf 94' lang='lat' dir='ltr'>di</span> <span class='ocrx_word' id='word_1_64' title='bbox 486 1157 635 1237; x_wconf 76' lang='lat' dir='ltr'>luther,</span> <span class='ocrx_word' id='word_1_65' title='bbox 667 1168 702 1218; x_wconf 91' lang='lat' dir='ltr'>et</span> <span class='ocrx_word' id='word_1_66' title='bbox 731 1158 796 1219; x_wconf 89' lang='lat' dir='ltr'>che</span> <span class='ocrx_word' id='word_1_67' title='bbox 825 1177 896 1219; x_wconf 90' lang='lat' dir='ltr'>non</span> <span class='ocrx_word' id='word_1_68' title='bbox 925 1157 954 1219; x_wconf 91' lang='lat' dir='ltr'>si</span> <span class='ocrx_word' id='word_1_69' title='bbox 983 1156 1021 1218; x_wconf 84' lang='lat' dir='ltr'>fa</span> <span class='ocrx_word' id='word_1_70' title='bbox 1044 1157 1147 1219; x_wconf 85' lang='lat' dir='ltr'>stima</span> <span class='ocrx_word' id='word_1_71' title='bbox 1171 1157 1308 1219; x_wconf 84' lang='lat' dir='ltr'>alcuna.</span> <span class='ocrx_word' id='word_1_72' title='bbox 1356 1155 1385 1216; x_wconf 93' lang='lat' dir='ltr'>Il</span> <span class='ocrx_word' id='word_1_73' title='bbox 1410 1157 1476 1216; x_wconf 90' lang='lat' dir='ltr'>che</span> 
     </span>
     <span class='ocr_line' id='line_1_8' title="bbox 189 1262 1476 1344; baseline -0.002 -19"><span class='ocrx_word' id='word_1_74' title='bbox 189 1263 224 1325; x_wconf 91' lang='lat' dir='ltr'>in</span> <span class='ocrx_word' id='word_1_75' title='bbox 250 1265 299 1324; x_wconf 90' lang='lat' dir='ltr'>tal</span> <span class='ocrx_word' id='word_1_76' title='bbox 327 1263 433 1325; x_wconf 89' lang='lat' dir='ltr'>modo</span> <span class='ocrx_word' id='word_1_77' title='bbox 462 1266 641 1325; x_wconf 87' lang='lat' dir='ltr'>exacerba</span> <span class='ocrx_word' id='word_1_78' title='bbox 669 1263 691 1325; x_wconf 87' lang='lat' dir='ltr'>l&#39;</span> <span class='ocrx_word' id='word_1_79' title='bbox 709 1264 825 1327; x_wconf 91' lang='lat' dir='ltr'>animo</span> <span class='ocrx_word' id='word_1_80' title='bbox 850 1263 935 1326; x_wconf 89' lang='lat' dir='ltr'>delli</span> <span class='ocrx_word' id='word_1_81' title='bbox 956 1263 1162 1344; x_wconf 86' lang='lat' dir='ltr'>Conselieri,</span> <span class='ocrx_word' id='word_1_82' title='bbox 1187 1262 1211 1325; x_wconf 93' lang='lat' dir='ltr'>li</span> <span class='ocrx_word' id='word_1_83' title='bbox 1235 1263 1331 1343; x_wconf 87' lang='lat' dir='ltr'>quali</span> <span class='ocrx_word' id='word_1_84' title='bbox 1355 1265 1476 1325; x_wconf 88' lang='lat' dir='ltr'>hanno</span> 
     </span>
     <span class='ocr_line' id='line_1_9' title="bbox 190 1369 1476 1452; baseline -0.001 -20"><span class='ocrx_word' id='word_1_85' title='bbox 190 1379 313 1451; x_wconf 84' lang='lat' dir='ltr'>questa</span> <span class='ocrx_word' id='word_1_86' title='bbox 329 1389 414 1432; x_wconf 89' lang='lat' dir='ltr'>cura</span> <span class='ocrx_word' id='word_1_87' title='bbox 431 1371 467 1431; x_wconf 89' lang='lat' dir='ltr'>di</span> <span class='ocrx_word' id='word_1_88' title='bbox 492 1369 700 1452; x_wconf 84' lang='lat' dir='ltr'>expedirmi,</span> <span class='ocrx_word' id='word_1_89' title='bbox 726 1373 791 1433; x_wconf 88' lang='lat' dir='ltr'>che</span> <span class='ocrx_word' id='word_1_90' title='bbox 815 1374 1042 1433; x_wconf 87' lang='lat' dir='ltr'>vorrebbeno</span> <span class='ocrx_word' id='word_1_91' title='bbox 1068 1371 1331 1452; x_wconf 88' lang='lat' dir='ltr'>quodammodo</span> <span class='ocrx_word' id='word_1_92' title='bbox 1348 1389 1421 1432; x_wconf 90' lang='lat' dir='ltr'>non</span> <span class='ocrx_word' id='word_1_93' title='bbox 1438 1388 1476 1431; x_wconf 90' lang='lat' dir='ltr'>se</span> 
     </span>
     <span class='ocr_line' id='line_1_10' title="bbox 190 1477 1475 1561; baseline -0.002 -22"><span class='ocrx_word' id='word_1_94' title='bbox 190 1478 369 1540; x_wconf 89' lang='lat' dir='ltr'>obtenisse</span> <span class='ocrx_word' id='word_1_95' title='bbox 395 1478 514 1540; x_wconf 90' lang='lat' dir='ltr'>niente</span> <span class='ocrx_word' id='word_1_96' title='bbox 539 1477 574 1540; x_wconf 93' lang='lat' dir='ltr'>in</span> <span class='ocrx_word' id='word_1_97' title='bbox 598 1489 724 1560; x_wconf 88' lang='lat' dir='ltr'>questa</span> <span class='ocrx_word' id='word_1_98' title='bbox 738 1478 845 1542; x_wconf 91' lang='lat' dir='ltr'>Dieta</span> <span class='ocrx_word' id='word_1_99' title='bbox 870 1499 935 1561; x_wconf 89' lang='lat' dir='ltr'>per</span> <span class='ocrx_word' id='word_1_100' title='bbox 959 1480 1072 1543; x_wconf 83' lang='lat' dir='ltr'>veder</span> <span class='ocrx_word' id='word_1_101' title='bbox 1094 1479 1130 1541; x_wconf 90' lang='lat' dir='ltr'>in</span> <span class='ocrx_word' id='word_1_102' title='bbox 1157 1480 1224 1541; x_wconf 91' lang='lat' dir='ltr'>che</span> <span class='ocrx_word' id='word_1_103' title='bbox 1250 1486 1342 1539; x_wconf 85' lang='lat' dir='ltr'>stato</span> <span class='ocrx_word' id='word_1_104' title='bbox 1367 1485 1475 1538; x_wconf 83' lang='lat' dir='ltr'>resta·</span> 
     </span>
     <span class='ocr_line' id='line_1_11' title="bbox 189 1583 1475 1666; baseline 0 -22"><span class='ocrx_word' id='word_1_105' title='bbox 189 1586 349 1646; x_wconf 87' lang='lat' dir='ltr'>rebbeno</span> <span class='ocrx_word' id='word_1_106' title='bbox 366 1586 398 1645; x_wconf 89' lang='lat' dir='ltr'>le</span> <span class='ocrx_word' id='word_1_107' title='bbox 414 1604 496 1646; x_wconf 88' lang='lat' dir='ltr'>cose</span> <span class='ocrx_word' id='word_1_108' title='bbox 513 1593 643 1664; x_wconf 88' lang='lat' dir='ltr'>nostre,</span> <span class='ocrx_word' id='word_1_109' title='bbox 669 1595 766 1647; x_wconf 87' lang='lat' dir='ltr'>certe</span> <span class='ocrx_word' id='word_1_110' title='bbox 791 1587 898 1666; x_wconf 86' lang='lat' dir='ltr'>male,</span> <span class='ocrx_word' id='word_1_111' title='bbox 922 1596 1004 1666; x_wconf 93' lang='lat' dir='ltr'>post</span> <span class='ocrx_word' id='word_1_112' title='bbox 1028 1586 1223 1648; x_wconf 84' lang='lat' dir='ltr'>discessum</span> <span class='ocrx_word' id='word_1_113' title='bbox 1248 1583 1403 1660; x_wconf 76' lang='lat' dir='ltr'>CesariS,</span> <span class='ocrx_word' id='word_1_114' title='bbox 1438 1603 1475 1645; x_wconf 90' lang='lat' dir='ltr'>se</span> 
     </span>
     <span class='ocr_line' id='line_1_12' title="bbox 159 1690 1475 1755; baseline 0 -3"><span class='ocrx_word' id='word_1_115' title='bbox 159 1719 162 1727; x_wconf 63' lang='lat'><strong><em>¹</em></strong></span> <span class='ocrx_word' id='word_1_116' title='bbox 190 1711 261 1752; x_wconf 91' lang='lat' dir='ltr'>non</span> <span class='ocrx_word' id='word_1_117' title='bbox 286 1690 323 1753; x_wconf 85' lang='lat' dir='ltr'>fa</span> <span class='ocrx_word' id='word_1_118' title='bbox 347 1691 603 1753; x_wconf 85' lang='lat' dir='ltr'>demostration</span> <span class='ocrx_word' id='word_1_119' title='bbox 628 1691 748 1755; x_wconf 84' lang='lat' dir='ltr'>avanti</span> <span class='ocrx_word' id='word_1_120' title='bbox 774 1694 809 1754; x_wconf 85' lang='lat' dir='ltr'>la</span> <span class='ocrx_word' id='word_1_121' title='bbox 834 1693 1068 1755; x_wconf 88' lang='lat' dir='ltr'>dissolutione</span> <span class='ocrx_word' id='word_1_122' title='bbox 1093 1694 1187 1755; x_wconf 91' lang='lat' dir='ltr'>della</span> <span class='ocrx_word' id='word_1_123' title='bbox 1203 1691 1322 1753; x_wconf 90' lang='lat' dir='ltr'>Dieta:</span> <span class='ocrx_word' id='word_1_124' title='bbox 1360 1690 1422 1752; x_wconf 85' lang='lat' dir='ltr'>Ma</span> <span class='ocrx_word' id='word_1_125' title='bbox 1438 1710 1475 1752; x_wconf 86' lang='lat' dir='ltr'>se</span> 
     </span>
     <span class='ocr_line' id='line_1_13' title="bbox 160 1797 1474 1881; baseline -0.001 -22"><span class='ocrx_word' id='word_1_126' title='bbox 160 1862 163 1868; x_wconf 71' lang='grc'><strong>,</strong></span> <span class='ocrx_word' id='word_1_127' title='bbox 188 1797 328 1860; x_wconf 77' lang='lat' dir='ltr'>iussero</span> <span class='ocrx_word' id='word_1_128' title='bbox 360 1798 419 1878; x_wconf 75' lang='lat' dir='ltr'>gia</span> <span class='ocrx_word' id='word_1_129' title='bbox 444 1819 490 1860; x_wconf 91' lang='lat' dir='ltr'>un</span> <span class='ocrx_word' id='word_1_130' title='bbox 515 1818 611 1861; x_wconf 88' lang='lat' dir='ltr'>mese</span> <span class='ocrx_word' id='word_1_131' title='bbox 636 1800 719 1861; x_wconf 88' lang='lat' dir='ltr'>stati</span> <span class='ocrx_word' id='word_1_132' title='bbox 743 1800 909 1881; x_wconf 88' lang='lat' dir='ltr'>replicati</span> <span class='ocrx_word' id='word_1_133' title='bbox 935 1801 958 1862; x_wconf 95' lang='lat' dir='ltr'>li</span> <span class='ocrx_word' id='word_1_134' title='bbox 983 1800 1083 1862; x_wconf 90' lang='lat' dir='ltr'>brevi</span> <span class='ocrx_word' id='word_1_135' title='bbox 1108 1801 1153 1863; x_wconf 88' lang='lat' dir='ltr'>ad</span> <span class='ocrx_word' id='word_1_136' title='bbox 1179 1799 1344 1862; x_wconf 85' lang='lat' dir='ltr'>Cesarem</span> <span class='ocrx_word' id='word_1_137' title='bbox 1370 1807 1405 1859; x_wconf 94' lang='lat' dir='ltr'>et</span> <span class='ocrx_word' id='word_1_138' title='bbox 1430 1799 1474 1859; x_wconf 88' lang='lat' dir='ltr'>ad</span> 
     </span>
     <span class='ocr_line' id='line_1_14' title="bbox 190 1904 1474 1989; baseline -0.002 -22"><span class='ocrx_word' id='word_1_139' title='bbox 190 1904 289 1983; x_wconf 86' lang='lat' dir='ltr'>alios,</span> <span class='ocrx_word' id='word_1_140' title='bbox 314 1925 393 1966; x_wconf 91' lang='lat' dir='ltr'>cum</span> <span class='ocrx_word' id='word_1_141' title='bbox 417 1906 525 1967; x_wconf 92' lang='lat' dir='ltr'>molto</span> <span class='ocrx_word' id='word_1_142' title='bbox 550 1905 691 1986; x_wconf 86' lang='lat' dir='ltr'>miglior</span> <span class='ocrx_word' id='word_1_143' title='bbox 715 1907 859 1989; x_wconf 88' lang='lat' dir='ltr'>meggio</span> <span class='ocrx_word' id='word_1_144' title='bbox 885 1928 923 1969; x_wconf 87' lang='lat' dir='ltr'>se</span> <span class='ocrx_word' id='word_1_145' title='bbox 947 1908 1107 1970; x_wconf 85' lang='lat' dir='ltr'>harebbe</span> <span class='ocrx_word' id='word_1_146' title='bbox 1132 1915 1256 1988; x_wconf 92' lang='lat' dir='ltr'>potuto</span> <span class='ocrx_word' id='word_1_147' title='bbox 1281 1914 1411 1967; x_wconf 88' lang='lat' dir='ltr'>trattar</span> <span class='ocrx_word' id='word_1_148' title='bbox 1427 1906 1474 1965; x_wconf 89' lang='lat' dir='ltr'>tal</span> 
     </span>
     <span class='ocr_line' id='line_1_15' title="bbox 190 2010 1472 2094; baseline -0.001 -22"><span class='ocrx_word' id='word_1_149' title='bbox 190 2031 283 2090; x_wconf 84' lang='lat' dir='ltr'>cosa,</span> <span class='ocrx_word' id='word_1_150' title='bbox 309 2022 344 2073; x_wconf 91' lang='lat' dir='ltr'>et</span> <span class='ocrx_word' id='word_1_151' title='bbox 367 2021 535 2092; x_wconf 88' lang='lat' dir='ltr'>questoro</span> <span class='ocrx_word' id='word_1_152' title='bbox 560 2013 813 2076; x_wconf 88' lang='lat' dir='ltr'>vederebbeno</span> <span class='ocrx_word' id='word_1_153' title='bbox 838 2015 903 2077; x_wconf 90' lang='lat' dir='ltr'>che</span> <span class='ocrx_word' id='word_1_154' title='bbox 928 2035 1009 2094; x_wconf 89' lang='lat' dir='ltr'>non,</span> <span class='ocrx_word' id='word_1_155' title='bbox 1035 2014 1063 2075; x_wconf 90' lang='lat' dir='ltr'>si</span> <span class='ocrx_word' id='word_1_156' title='bbox 1088 2034 1188 2077; x_wconf 89' lang='lat' dir='ltr'>come</span> <span class='ocrx_word' id='word_1_157' title='bbox 1212 2012 1342 2074; x_wconf 91' lang='lat' dir='ltr'>dicono</span> <span class='ocrx_word' id='word_1_158' title='bbox 1367 2010 1390 2072; x_wconf 91' lang='lat' dir='ltr'>li</span> <span class='ocrx_word' id='word_1_159' title='bbox 1407 2012 1472 2072; x_wconf 90' lang='lat' dir='ltr'>che</span> 
     </span>
     <span class='ocr_line' id='line_1_16' title="bbox 189 2115 1472 2204; baseline -0.001 -24"><span class='ocrx_word' id='word_1_160' title='bbox 189 2119 342 2181; x_wconf 85' lang='lat' dir='ltr'>vieneno</span> <span class='ocrx_word' id='word_1_161' title='bbox 368 2119 414 2181; x_wconf 90' lang='lat' dir='ltr'>da</span> <span class='ocrx_word' id='word_1_162' title='bbox 438 2118 566 2198; x_wconf 89' lang='lat' dir='ltr'>Roma,</span> <span class='ocrx_word' id='word_1_163' title='bbox 607 2119 738 2183; x_wconf 89' lang='lat' dir='ltr'>Nostro</span> <span class='ocrx_word' id='word_1_164' title='bbox 764 2118 918 2201; x_wconf 87' lang='lat' dir='ltr'>Signore</span> <span class='ocrx_word' id='word_1_165' title='bbox 943 2121 1057 2183; x_wconf 80' lang='lat' dir='ltr'>faccia</span> <span class='ocrx_word' id='word_1_166' title='bbox 1082 2121 1110 2182; x_wconf 91' lang='lat' dir='ltr'>si</span> <span class='ocrx_word' id='word_1_167' title='bbox 1134 2141 1247 2204; x_wconf 85' lang='lat' dir='ltr'>pocca</span> <span class='ocrx_word' id='word_1_168' title='bbox 1271 2119 1384 2181; x_wconf 90' lang='lat' dir='ltr'>stima.</span> <span class='ocrx_word' id='word_1_169' title='bbox 1423 2115 1472 2180; x_wconf 84' lang='lat' dir='ltr'>So</span> 
     </span>
     <span class='ocr_line' id='line_1_17' title="bbox 189 2226 1473 2307; baseline -0.001 -20"><span class='ocrx_word' id='word_1_170' title='bbox 189 2229 260 2288; x_wconf 91' lang='lat' dir='ltr'>ben</span> <span class='ocrx_word' id='word_1_171' title='bbox 290 2226 355 2288; x_wconf 89' lang='lat' dir='ltr'>che</span> <span class='ocrx_word' id='word_1_172' title='bbox 383 2226 430 2288; x_wconf 88' lang='lat' dir='ltr'>da</span> <span class='ocrx_word' id='word_1_173' title='bbox 454 2227 573 2289; x_wconf 85' lang='lat' dir='ltr'>Roma</span> <span class='ocrx_word' id='word_1_174' title='bbox 601 2227 629 2288; x_wconf 92' lang='lat' dir='ltr'>si</span> <span class='ocrx_word' id='word_1_175' title='bbox 658 2230 705 2289; x_wconf 86' lang='lat' dir='ltr'>ha</span> <span class='ocrx_word' id='word_1_176' title='bbox 733 2227 820 2290; x_wconf 86' lang='lat' dir='ltr'>forsi</span> <span class='ocrx_word' id='word_1_177' title='bbox 850 2239 983 2290; x_wconf 89' lang='lat' dir='ltr'>restato</span> <span class='ocrx_word' id='word_1_178' title='bbox 1013 2228 1185 2307; x_wconf 84' lang='lat' dir='ltr'>scrivere,</span> <span class='ocrx_word' id='word_1_179' title='bbox 1216 2235 1251 2289; x_wconf 91' lang='lat' dir='ltr'>et</span> <span class='ocrx_word' id='word_1_180' title='bbox 1275 2226 1332 2289; x_wconf 89' lang='lat' dir='ltr'>far</span> <span class='ocrx_word' id='word_1_181' title='bbox 1355 2244 1473 2288; x_wconf 90' lang='lat' dir='ltr'>nuove</span> 
     </span>
     <span class='ocr_line' id='line_1_18' title="bbox 189 2331 1473 2415; baseline -0.001 -21"><span class='ocrx_word' id='word_1_182' title='bbox 189 2333 357 2397; x_wconf 90' lang='lat' dir='ltr'>instantie</span> <span class='ocrx_word' id='word_1_183' title='bbox 381 2353 445 2414; x_wconf 87' lang='lat' dir='ltr'>per</span> <span class='ocrx_word' id='word_1_184' title='bbox 470 2354 540 2395; x_wconf 90' lang='lat' dir='ltr'>non</span> <span class='ocrx_word' id='word_1_185' title='bbox 566 2334 631 2396; x_wconf 86' lang='lat' dir='ltr'>dar</span> <span class='ocrx_word' id='word_1_186' title='bbox 654 2344 753 2396; x_wconf 85' lang='lat' dir='ltr'>tanta</span> <span class='ocrx_word' id='word_1_187' title='bbox 777 2334 1001 2415; x_wconf 85' lang='lat' dir='ltr'>reputatione</span> <span class='ocrx_word' id='word_1_188' title='bbox 1027 2335 1098 2397; x_wconf 89' lang='lat' dir='ltr'>alla</span> <span class='ocrx_word' id='word_1_189' title='bbox 1115 2355 1208 2413; x_wconf 87' lang='lat' dir='ltr'>cosa,</span> <span class='ocrx_word' id='word_1_190' title='bbox 1234 2343 1269 2394; x_wconf 93' lang='lat' dir='ltr'>et</span> <span class='ocrx_word' id='word_1_191' title='bbox 1284 2331 1473 2394; x_wconf 86' lang='lat' dir='ltr'>occasione</span> 
     </span>
     <span class='ocr_line' id='line_1_19' title="bbox 190 2440 1473 2522; baseline -0.002 -20"><span class='ocrx_word' id='word_1_192' title='bbox 190 2461 211 2502; x_wconf 91' lang='lat' dir='ltr'>a</span> <span class='ocrx_word' id='word_1_193' title='bbox 235 2451 402 2521; x_wconf 89' lang='lat' dir='ltr'>questoro</span> <span class='ocrx_word' id='word_1_194' title='bbox 427 2440 462 2501; x_wconf 91' lang='lat' dir='ltr'>di</span> <span class='ocrx_word' id='word_1_195' title='bbox 487 2440 620 2502; x_wconf 88' lang='lat' dir='ltr'>tenerci</span> <span class='ocrx_word' id='word_1_196' title='bbox 645 2442 678 2502; x_wconf 90' lang='lat' dir='ltr'>el</span> <span class='ocrx_word' id='word_1_197' title='bbox 702 2441 809 2522; x_wconf 91' lang='lat' dir='ltr'>piede</span> <span class='ocrx_word' id='word_1_198' title='bbox 833 2442 891 2503; x_wconf 87' lang='lat' dir='ltr'>del</span> <span class='ocrx_word' id='word_1_199' title='bbox 919 2451 1011 2504; x_wconf 89' lang='lat' dir='ltr'>tutto</span> <span class='ocrx_word' id='word_1_200' title='bbox 1038 2443 1091 2503; x_wconf 90' lang='lat' dir='ltr'>sul</span> <span class='ocrx_word' id='word_1_201' title='bbox 1120 2443 1227 2521; x_wconf 85' lang='lat' dir='ltr'>collo,</span> <span class='ocrx_word' id='word_1_202' title='bbox 1262 2441 1324 2501; x_wconf 89' lang='lat' dir='ltr'>sed</span> <span class='ocrx_word' id='word_1_203' title='bbox 1353 2448 1473 2500; x_wconf 89' lang='lat' dir='ltr'>tamen</span> 
     </span>
     <span class='ocr_line' id='line_1_20' title="bbox 190 2547 1473 2628; baseline 0 -20"><span class='ocrx_word' id='word_1_204' title='bbox 190 2557 243 2608; x_wconf 88' lang='lat' dir='ltr'>est</span> <span class='ocrx_word' id='word_1_205' title='bbox 267 2549 441 2628; x_wconf 81' lang='lat' dir='ltr'>quaedam</span> <span class='ocrx_word' id='word_1_206' title='bbox 467 2567 575 2609; x_wconf 88' lang='lat' dir='ltr'>aurea</span> <span class='ocrx_word' id='word_1_207' title='bbox 599 2547 827 2610; x_wconf 89' lang='lat' dir='ltr'>mediocritas</span> <span class='ocrx_word' id='word_1_208' title='bbox 853 2548 888 2609; x_wconf 91' lang='lat' dir='ltr'>di</span> <span class='ocrx_word' id='word_1_209' title='bbox 914 2548 1027 2611; x_wconf 88' lang='lat' dir='ltr'>evitar</span> <span class='ocrx_word' id='word_1_210' title='bbox 1052 2548 1075 2610; x_wconf 92' lang='lat' dir='ltr'>li</span> <span class='ocrx_word' id='word_1_211' title='bbox 1091 2548 1151 2610; x_wconf 89' lang='lat' dir='ltr'>doi</span> <span class='ocrx_word' id='word_1_212' title='bbox 1169 2548 1329 2625; x_wconf 85' lang='lat' dir='ltr'>extremi,</span> <span class='ocrx_word' id='word_1_213' title='bbox 1355 2556 1390 2609; x_wconf 91' lang='lat' dir='ltr'>et</span> <span class='ocrx_word' id='word_1_214' title='bbox 1405 2567 1473 2608; x_wconf 88' lang='lat' dir='ltr'>ma-</span> 
     </span>
     <span class='ocr_line' id='line_1_21' title="bbox 189 2652 1473 2737; baseline -0.001 -21"><span class='ocrx_word' id='word_1_215' title='bbox 189 2655 284 2716; x_wconf 85' lang='lat' dir='ltr'>xime</span> <span class='ocrx_word' id='word_1_216' title='bbox 312 2654 443 2735; x_wconf 68' lang='lat' dir='ltr'>perche</span> <span class='ocrx_word' id='word_1_217' title='bbox 473 2665 598 2734; x_wconf 87' lang='lat' dir='ltr'>questa</span> <span class='ocrx_word' id='word_1_218' title='bbox 628 2675 712 2717; x_wconf 85' lang='lat' dir='ltr'>cosa</span> <span class='ocrx_word' id='word_1_219' title='bbox 737 2656 754 2717; x_wconf 78' lang='grc' dir='ltr'><em>ὲ</em></span> <span class='ocrx_word' id='word_1_220' title='bbox 780 2665 913 2716; x_wconf 88' lang='lat' dir='ltr'>venuta</span> <span class='ocrx_word' id='word_1_221' title='bbox 945 2655 1005 2737; x_wconf 76' lang='lat' dir='ltr'>gii</span> <span class='ocrx_word' id='word_1_222' title='bbox 1035 2656 1081 2717; x_wconf 89' lang='lat' dir='ltr'>ad</span> <span class='ocrx_word' id='word_1_223' title='bbox 1110 2655 1248 2735; x_wconf 86' lang='lat' dir='ltr'>grande</span> <span class='ocrx_word' id='word_1_224' title='bbox 1273 2652 1473 2733; x_wconf 79' lang='lat' dir='ltr'>discrimen,</span> 
     </span>
     <span class='ocr_line' id='line_1_22' title="bbox 190 2761 1473 2844; baseline -0.001 -22"><span class='ocrx_word' id='word_1_225' title='bbox 190 2763 235 2822; x_wconf 89' lang='lat' dir='ltr'>ad</span> <span class='ocrx_word' id='word_1_226' title='bbox 264 2763 314 2822; x_wconf 85' lang='lat' dir='ltr'>tal</span> <span class='ocrx_word' id='word_1_227' title='bbox 343 2762 408 2822; x_wconf 86' lang='lat' dir='ltr'>che</span> <span class='ocrx_word' id='word_1_228' title='bbox 439 2761 553 2841; x_wconf 89' lang='lat' dir='ltr'>questi</span> <span class='ocrx_word' id='word_1_229' title='bbox 582 2762 617 2823; x_wconf 91' lang='lat' dir='ltr'>di</span> <span class='ocrx_word' id='word_1_230' title='bbox 643 2762 753 2824; x_wconf 86' lang='lat' dir='ltr'>Cesar</span> <span class='ocrx_word' id='word_1_231' title='bbox 777 2763 973 2824; x_wconf 90' lang='lat' dir='ltr'>dubbitano</span> <span class='ocrx_word' id='word_1_232' title='bbox 1000 2782 1071 2824; x_wconf 91' lang='lat' dir='ltr'>non</span> <span class='ocrx_word' id='word_1_233' title='bbox 1095 2762 1128 2824; x_wconf 88' lang='lat' dir='ltr'>ci</span> <span class='ocrx_word' id='word_1_234' title='bbox 1151 2773 1255 2844; x_wconf 90' lang='lat' dir='ltr'>poter</span> <span class='ocrx_word' id='word_1_235' title='bbox 1278 2761 1340 2842; x_wconf 78' lang='lat' dir='ltr'>piu</span> <span class='ocrx_word' id='word_1_236' title='bbox 1364 2780 1473 2822; x_wconf 87' lang='lat' dir='ltr'>reme·</span> 
     </span>
     <span class='ocr_line' id='line_1_23' title="bbox 190 2867 1472 2950; baseline -0.002 -20"><span class='ocrx_word' id='word_1_237' title='bbox 190 2869 283 2939; x_wconf 85' lang='lat' dir='ltr'>diar;</span> <span class='ocrx_word' id='word_1_238' title='bbox 308 2869 499 2930; x_wconf 88' lang='lat' dir='ltr'>tuttavolta</span> <span class='ocrx_word' id='word_1_239' title='bbox 523 2888 594 2930; x_wconf 90' lang='lat' dir='ltr'>non</span> <span class='ocrx_word' id='word_1_240' title='bbox 619 2870 811 2931; x_wconf 90' lang='lat' dir='ltr'>debbiamo</span> <span class='ocrx_word' id='word_1_241' title='bbox 836 2871 949 2931; x_wconf 88' lang='lat' dir='ltr'>lassar</span> <span class='ocrx_word' id='word_1_242' title='bbox 967 2869 1002 2930; x_wconf 91' lang='lat' dir='ltr'>di</span> <span class='ocrx_word' id='word_1_243' title='bbox 1018 2869 1095 2931; x_wconf 86' lang='lat' dir='ltr'>fare</span> <span class='ocrx_word' id='word_1_244' title='bbox 1112 2869 1137 2931; x_wconf 95' lang='lat' dir='ltr'>il</span> <span class='ocrx_word' id='word_1_245' title='bbox 1153 2868 1335 2950; x_wconf 84' lang='lat' dir='ltr'>possibile,</span> <span class='ocrx_word' id='word_1_246' title='bbox 1361 2876 1396 2929; x_wconf 88' lang='lat' dir='ltr'>et</span> <span class='ocrx_word' id='word_1_247' title='bbox 1413 2867 1472 2947; x_wconf 91' lang='lat' dir='ltr'>poi</span> 
     </span>
     <span class='ocr_line' id='line_1_24' title="bbox 190 2975 1473 3059; baseline -0.002 -21"><span class='ocrx_word' id='word_1_248' title='bbox 190 2986 358 3038; x_wconf 88' lang='lat' dir='ltr'>remetter</span> <span class='ocrx_word' id='word_1_249' title='bbox 381 2977 452 3038; x_wconf 85' lang='lat' dir='ltr'>alla</span> <span class='ocrx_word' id='word_1_250' title='bbox 476 2975 598 3038; x_wconf 91' lang='lat' dir='ltr'>divina</span> <span class='ocrx_word' id='word_1_251' title='bbox 621 2978 752 3059; x_wconf 84' lang='lat' dir='ltr'>gratia:</span> <span class='ocrx_word' id='word_1_252' title='bbox 801 2978 907 3040; x_wconf 87' lang='lat' dir='ltr'>Certo</span> <span class='ocrx_word' id='word_1_253' title='bbox 933 2979 998 3040; x_wconf 91' lang='lat' dir='ltr'>che</span> <span class='ocrx_word' id='word_1_254' title='bbox 1023 2997 1061 3038; x_wconf 88' lang='lat' dir='ltr'>se</span> <span class='ocrx_word' id='word_1_255' title='bbox 1086 2977 1115 3039; x_wconf 92' lang='lat' dir='ltr'>si</span> <span class='ocrx_word' id='word_1_256' title='bbox 1140 2977 1177 3038; x_wconf 91' lang='lat' dir='ltr'>fa</span> <span class='ocrx_word' id='word_1_257' title='bbox 1201 2976 1319 3057; x_wconf 92' lang='lat' dir='ltr'>quello</span> <span class='ocrx_word' id='word_1_258' title='bbox 1345 2977 1410 3037; x_wconf 87' lang='lat' dir='ltr'>che</span> <span class='ocrx_word' id='word_1_259' title='bbox 1439 2975 1473 3037; x_wconf 93' lang='lat' dir='ltr'>io</span> 
     </span>
     <span class='ocr_line' id='line_1_25' title="bbox 189 3082 1474 3166; baseline -0.001 -22"><span class='ocrx_word' id='word_1_260' title='bbox 189 3083 365 3164; x_wconf 90' lang='lat' dir='ltr'>pretendo</span> <span class='ocrx_word' id='word_1_261' title='bbox 390 3103 495 3163; x_wconf 89' lang='lat' dir='ltr'>spero</span> <span class='ocrx_word' id='word_1_262' title='bbox 521 3104 564 3146; x_wconf 90' lang='lat' dir='ltr'>ne</span> <span class='ocrx_word' id='word_1_263' title='bbox 590 3086 734 3146; x_wconf 89' lang='lat' dir='ltr'>haremo</span> <span class='ocrx_word' id='word_1_264' title='bbox 759 3083 852 3147; x_wconf 87' lang='lat' dir='ltr'>assai</span> <span class='ocrx_word' id='word_1_265' title='bbox 877 3086 972 3146; x_wconf 89' lang='lat' dir='ltr'>buon</span> <span class='ocrx_word' id='word_1_266' title='bbox 999 3084 1110 3162; x_wconf 88' lang='lat' dir='ltr'>exit0,</span> <span class='ocrx_word' id='word_1_267' title='bbox 1135 3085 1266 3166; x_wconf 63' lang='lat' dir='ltr'>purch&amp;</span> <span class='ocrx_word' id='word_1_268' title='bbox 1292 3084 1338 3144; x_wconf 86' lang='lat' dir='ltr'>da</span> <span class='ocrx_word' id='word_1_269' title='bbox 1355 3082 1474 3145; x_wconf 83' lang='lat' dir='ltr'>Roma</span> 
     </span>
     <span class='ocr_line' id='line_1_26' title="bbox 190 3189 1474 3271; baseline -0.001 -20"><span class='ocrx_word' id='word_1_270' title='bbox 190 3210 260 3251; x_wconf 90' lang='lat' dir='ltr'>non</span> <span class='ocrx_word' id='word_1_271' title='bbox 285 3189 314 3251; x_wconf 90' lang='lat' dir='ltr'>si</span> <span class='ocrx_word' id='word_1_272' title='bbox 339 3189 488 3252; x_wconf 91' lang='lat' dir='ltr'>manchi.</span> <span class='ocrx_word' id='word_1_273' title='bbox 536 3189 713 3271; x_wconf 81' lang='lat' dir='ltr'>Quantum</span> <span class='ocrx_word' id='word_1_274' title='bbox 738 3190 773 3252; x_wconf 93' lang='lat' dir='ltr'>in</span> <span class='ocrx_word' id='word_1_275' title='bbox 797 3213 853 3254; x_wconf 90' lang='lat' dir='ltr'>me</span> <span class='ocrx_word' id='word_1_276' title='bbox 878 3200 931 3254; x_wconf 89' lang='lat' dir='ltr'>est</span> <span class='ocrx_word' id='word_1_277' title='bbox 955 3191 1025 3253; x_wconf 92' lang='lat' dir='ltr'>Dio</span> <span class='ocrx_word' id='word_1_278' title='bbox 1050 3192 1097 3253; x_wconf 93' lang='lat' dir='ltr'>mi</span> <span class='ocrx_word' id='word_1_279' title='bbox 1122 3192 1312 3268; x_wconf 87' lang='lat' dir='ltr'>confunda,</span> <span class='ocrx_word' id='word_1_280' title='bbox 1342 3210 1380 3251; x_wconf 91' lang='lat' dir='ltr'>se</span> <span class='ocrx_word' id='word_1_281' title='bbox 1406 3189 1474 3251; x_wconf 90' lang='lat' dir='ltr'>mai</span> 
     </span>
     <span class='ocr_line' id='line_1_27' title="bbox 191 3295 1474 3380; baseline -0.001 -22"><span class='ocrx_word' id='word_1_282' title='bbox 191 3318 260 3359; x_wconf 92' lang='lat' dir='ltr'>uno</span> <span class='ocrx_word' id='word_1_283' title='bbox 290 3296 431 3359; x_wconf 91' lang='lat' dir='ltr'>minimo</span> <span class='ocrx_word' id='word_1_284' title='bbox 462 3307 639 3360; x_wconf 89' lang='lat' dir='ltr'>momento</span> <span class='ocrx_word' id='word_1_285' title='bbox 666 3301 713 3360; x_wconf 92' lang='lat' dir='ltr'>ho</span> <span class='ocrx_word' id='word_1_286' title='bbox 739 3299 872 3360; x_wconf 89' lang='lat' dir='ltr'>lassato</span> <span class='ocrx_word' id='word_1_287' title='bbox 897 3298 933 3360; x_wconf 94' lang='lat' dir='ltr'>di</span> <span class='ocrx_word' id='word_1_288' title='bbox 958 3318 1088 3380; x_wconf 89' lang='lat' dir='ltr'>operar</span> <span class='ocrx_word' id='word_1_289' title='bbox 1111 3299 1147 3361; x_wconf 93' lang='lat' dir='ltr'>in</span> <span class='ocrx_word' id='word_1_290' title='bbox 1172 3307 1298 3379; x_wconf 89' lang='lat' dir='ltr'>questa</span> <span class='ocrx_word' id='word_1_291' title='bbox 1322 3317 1405 3358; x_wconf 86' lang='lat' dir='ltr'>cosa</span> <span class='ocrx_word' id='word_1_292' title='bbox 1430 3295 1474 3358; x_wconf 75' lang='lat' dir='ltr'>ne</span> 
     </span>
     <span class='ocr_line' id='line_1_28' title="bbox 190 3404 1474 3487; baseline -0.002 -20"><span class='ocrx_word' id='word_1_293' title='bbox 190 3425 277 3467; x_wconf 88' lang='lat' dir='ltr'>sano</span> <span class='ocrx_word' id='word_1_294' title='bbox 307 3405 349 3466; x_wconf 72' lang='lat' dir='ltr'>ne</span> <span class='ocrx_word' id='word_1_295' title='bbox 379 3407 563 3486; x_wconf 84' lang='lat' dir='ltr'>amalatto,</span> <span class='ocrx_word' id='word_1_296' title='bbox 597 3416 633 3467; x_wconf 90' lang='lat' dir='ltr'>et</span> <span class='ocrx_word' id='word_1_297' title='bbox 663 3405 698 3467; x_wconf 92' lang='lat' dir='ltr'>in</span> <span class='ocrx_word' id='word_1_298' title='bbox 728 3406 952 3469; x_wconf 87' lang='lat' dir='ltr'>necessitade</span> <span class='ocrx_word' id='word_1_299' title='bbox 981 3415 1155 3487; x_wconf 87' lang='lat' dir='ltr'>extrema,</span> <span class='ocrx_word' id='word_1_300' title='bbox 1190 3417 1225 3468; x_wconf 93' lang='lat' dir='ltr'>et</span> <span class='ocrx_word' id='word_1_301' title='bbox 1258 3426 1296 3467; x_wconf 89' lang='lat' dir='ltr'>se</span> <span class='ocrx_word' id='word_1_302' title='bbox 1326 3424 1395 3467; x_wconf 89' lang='lat' dir='ltr'>non</span> <span class='ocrx_word' id='word_1_303' title='bbox 1427 3404 1474 3465; x_wconf 92' lang='lat' dir='ltr'>ho</span> 
     </span>
     <span class='ocr_line' id='line_1_29' title="bbox 190 3511 1474 3595; baseline -0.002 -21"><span class='ocrx_word' id='word_1_304' title='bbox 190 3512 313 3574; x_wconf 90' lang='lat' dir='ltr'>scritto</span> <span class='ocrx_word' id='word_1_305' title='bbox 337 3513 371 3573; x_wconf 88' lang='lat' dir='ltr'>le</span> <span class='ocrx_word' id='word_1_306' title='bbox 396 3532 479 3574; x_wconf 90' lang='lat' dir='ltr'>cose</span> <span class='ocrx_word' id='word_1_307' title='bbox 504 3511 577 3574; x_wconf 89' lang='lat' dir='ltr'>cosi</span> <span class='ocrx_word' id='word_1_308' title='bbox 602 3513 748 3595; x_wconf 86' lang='lat' dir='ltr'>grandi,</span> <span class='ocrx_word' id='word_1_309' title='bbox 773 3534 872 3576; x_wconf 90' lang='lat' dir='ltr'>come</span> <span class='ocrx_word' id='word_1_310' title='bbox 897 3515 930 3575; x_wconf 90' lang='lat' dir='ltr'>le</span> <span class='ocrx_word' id='word_1_311' title='bbox 955 3534 1060 3593; x_wconf 83' lang='lat' dir='ltr'>sonu,</span> <span class='ocrx_word' id='word_1_312' title='bbox 1085 3514 1168 3575; x_wconf 90' lang='lat' dir='ltr'>holo</span> <span class='ocrx_word' id='word_1_313' title='bbox 1188 3512 1279 3575; x_wconf 86' lang='lat' dir='ltr'>fatto</span> <span class='ocrx_word' id='word_1_314' title='bbox 1295 3511 1355 3592; x_wconf 77' lang='lat' dir='ltr'>piu</span> <span class='ocrx_word' id='word_1_315' title='bbox 1380 3520 1474 3572; x_wconf 86' lang='lat' dir='ltr'>tosto</span> 
     </span>
     <span class='ocr_line' id='line_1_30' title="bbox 190 3618 1475 3701; baseline -0.001 -20"><span class='ocrx_word' id='word_1_316' title='bbox 190 3640 255 3700; x_wconf 92' lang='lat' dir='ltr'>per</span> <span class='ocrx_word' id='word_1_317' title='bbox 283 3619 448 3681; x_wconf 84' lang='lat' dir='ltr'>attender</span> <span class='ocrx_word' id='word_1_318' title='bbox 472 3640 492 3681; x_wconf 88' lang='lat' dir='ltr'>a</span> <span class='ocrx_word' id='word_1_319' title='bbox 519 3621 696 3682; x_wconf 89' lang='lat' dir='ltr'>remediar</span> <span class='ocrx_word' id='word_1_320' title='bbox 724 3622 759 3683; x_wconf 87' lang='lat' dir='ltr'>al</span> <span class='ocrx_word' id='word_1_321' title='bbox 786 3623 893 3701; x_wconf 87' lang='lat' dir='ltr'>male,</span> <span class='ocrx_word' id='word_1_322' title='bbox 926 3622 991 3683; x_wconf 89' lang='lat' dir='ltr'>che</span> <span class='ocrx_word' id='word_1_323' title='bbox 1020 3641 1085 3701; x_wconf 91' lang='lat' dir='ltr'>per</span> <span class='ocrx_word' id='word_1_324' title='bbox 1113 3623 1146 3683; x_wconf 90' lang='lat' dir='ltr'>el</span> <span class='ocrx_word' id='word_1_325' title='bbox 1172 3620 1242 3682; x_wconf 91' lang='lat' dir='ltr'>mio</span> <span class='ocrx_word' id='word_1_326' title='bbox 1266 3619 1401 3682; x_wconf 88' lang='lat' dir='ltr'>scriver</span> <span class='ocrx_word' id='word_1_327' title='bbox 1427 3618 1475 3680; x_wconf 91' lang='lat' dir='ltr'>in·</span> 
     </span>
     <span class='ocr_line' id='line_1_31' title="bbox 191 3726 1475 3808; baseline -0.002 -19"><span class='ocrx_word' id='word_1_328' title='bbox 191 3746 312 3789; x_wconf 90' lang='lat' dir='ltr'>correr</span> <span class='ocrx_word' id='word_1_329' title='bbox 336 3726 370 3788; x_wconf 90' lang='lat' dir='ltr'>in</span> <span class='ocrx_word' id='word_1_330' title='bbox 395 3726 593 3807; x_wconf 90' lang='lat' dir='ltr'>suspitione</span> <span class='ocrx_word' id='word_1_331' title='bbox 617 3729 683 3790; x_wconf 90' lang='lat' dir='ltr'>che</span> <span class='ocrx_word' id='word_1_332' title='bbox 708 3728 742 3790; x_wconf 91' lang='lat' dir='ltr'>io</span> <span class='ocrx_word' id='word_1_333' title='bbox 766 3730 904 3791; x_wconf 80' lang='lat' dir='ltr'>facesse</span> <span class='ocrx_word' id='word_1_334' title='bbox 928 3729 961 3789; x_wconf 90' lang='lat' dir='ltr'>el</span> <span class='ocrx_word' id='word_1_335' title='bbox 986 3727 1146 3808; x_wconf 90' lang='lat' dir='ltr'>pericolo</span> <span class='ocrx_word' id='word_1_336' title='bbox 1171 3746 1293 3808; x_wconf 89' lang='lat' dir='ltr'>grave,</span> <span class='ocrx_word' id='word_1_337' title='bbox 1319 3746 1383 3806; x_wconf 90' lang='lat' dir='ltr'>per</span> <span class='ocrx_word' id='word_1_338' title='bbox 1404 3746 1475 3787; x_wconf 89' lang='lat' dir='ltr'>mo·</span> 
     </span>
     <span class='ocr_line' id='line_1_32' title="bbox 191 3831 1474 3917; baseline -0.001 -23"><span class='ocrx_word' id='word_1_339' title='bbox 191 3842 282 3896; x_wconf 87' lang='lat' dir='ltr'>strar</span> <span class='ocrx_word' id='word_1_340' title='bbox 307 3835 340 3895; x_wconf 98' lang='lat' dir='ltr'>le</span> <span class='ocrx_word' id='word_1_341' title='bbox 365 3833 434 3895; x_wconf 90' lang='lat' dir='ltr'>mie</span> <span class='ocrx_word' id='word_1_342' title='bbox 458 3834 591 3897; x_wconf 82' lang='lat' dir='ltr'>fatiche</span> <span class='ocrx_word' id='word_1_343' title='bbox 616 3855 713 3898; x_wconf 88' lang='lat' dir='ltr'>esser</span> <span class='ocrx_word' id='word_1_344' title='bbox 737 3835 914 3917; x_wconf 87' lang='lat' dir='ltr'>maggiori</span> <span class='ocrx_word' id='word_1_345' title='bbox 939 3845 975 3897; x_wconf 88' lang='lat' dir='ltr'>et</span> <span class='ocrx_word' id='word_1_346' title='bbox 998 3855 1123 3916; x_wconf 85' lang='lat' dir='ltr'>sperar</span> <span class='ocrx_word' id='word_1_347' title='bbox 1147 3834 1311 3916; x_wconf 86' lang='lat' dir='ltr'>maggior</span> <span class='ocrx_word' id='word_1_348' title='bbox 1333 3831 1474 3914; x_wconf 89' lang='lat' dir='ltr'>premii;</span> 
     </span>
     <span class='ocr_line' id='line_1_33' title="bbox 191 3940 1473 4024; baseline -0.001 -23"><span class='ocrx_word' id='word_1_349' title='bbox 191 3942 224 4002; x_wconf 91' lang='lat' dir='ltr'>al</span> <span class='ocrx_word' id='word_1_350' title='bbox 250 3940 315 4002; x_wconf 89' lang='lat' dir='ltr'>che</span> <span class='ocrx_word' id='word_1_351' title='bbox 340 3949 438 4003; x_wconf 87' lang='lat' dir='ltr'>certo</span> <span class='ocrx_word' id='word_1_352' title='bbox 463 3941 531 4003; x_wconf 91' lang='lat' dir='ltr'>mai</span> <span class='ocrx_word' id='word_1_353' title='bbox 556 3941 854 4024; x_wconf 89' lang='lat' dir='ltr'>principalmente</span> <span class='ocrx_word' id='word_1_354' title='bbox 880 3942 911 4003; x_wconf 91' lang='lat' dir='ltr'>ci</span> <span class='ocrx_word' id='word_1_355' title='bbox 935 3942 1071 4024; x_wconf 86' lang='lat' dir='ltr'>pensai‚</span> <span class='ocrx_word' id='word_1_356' title='bbox 1096 3964 1153 4005; x_wconf 90' lang='lat' dir='ltr'>ma</span> <span class='ocrx_word' id='word_1_357' title='bbox 1177 3944 1289 4004; x_wconf 85' lang='lat' dir='ltr'>solum</span> <span class='ocrx_word' id='word_1_358' title='bbox 1314 3960 1413 4002; x_wconf 90' lang='lat' dir='ltr'>come</span> <span class='ocrx_word' id='word_1_359' title='bbox 1439 3940 1473 4000; x_wconf 92' lang='lat' dir='ltr'>in</span> 
     </span>
     <span class='ocr_line' id='line_1_34' title="bbox 191 4047 1475 4130; baseline 0 -22"><span class='ocrx_word' id='word_1_360' title='bbox 191 4057 317 4127; x_wconf 90' lang='lat' dir='ltr'>questa</span> <span class='ocrx_word' id='word_1_361' title='bbox 341 4066 425 4109; x_wconf 90' lang='lat' dir='ltr'>cosa</span> <span class='ocrx_word' id='word_1_362' title='bbox 449 4047 482 4110; x_wconf 91' lang='lat' dir='ltr'>io</span> <span class='ocrx_word' id='word_1_363' title='bbox 507 4049 604 4130; x_wconf 92' lang='lat' dir='ltr'>possi</span> <span class='ocrx_word' id='word_1_364' title='bbox 630 4050 743 4111; x_wconf 90' lang='lat' dir='ltr'>servir</span> <span class='ocrx_word' id='word_1_365' title='bbox 767 4049 873 4112; x_wconf 77' lang='lat' dir='ltr'>aDio</span> <span class='ocrx_word' id='word_1_366' title='bbox 899 4059 934 4111; x_wconf 90' lang='lat' dir='ltr'>et</span> <span class='ocrx_word' id='word_1_367' title='bbox 958 4049 1100 4111; x_wconf 85' lang='lat' dir='ltr'>satisfar</span> <span class='ocrx_word' id='word_1_368' title='bbox 1123 4071 1145 4112; x_wconf 88' lang='lat' dir='ltr'>a</span> <span class='ocrx_word' id='word_1_369' title='bbox 1160 4049 1292 4112; x_wconf 91' lang='lat' dir='ltr'>Nostro</span> <span class='ocrx_word' id='word_1_370' title='bbox 1309 4047 1475 4130; x_wconf 78' lang='lat' dir='ltr'>Signore,</span> 
     </span>
     <span class='ocr_line' id='line_1_35' title="bbox 191 4154 1475 4240; baseline 0.001 -24"><span class='ocrx_word' id='word_1_371' title='bbox 191 4155 236 4216; x_wconf 88' lang='lat' dir='ltr'>ad</span> <span class='ocrx_word' id='word_1_372' title='bbox 261 4157 375 4217; x_wconf 92' lang='lat' dir='ltr'>honor</span> <span class='ocrx_word' id='word_1_373' title='bbox 405 4155 439 4216; x_wconf 92' lang='lat' dir='ltr'>di</span> <span class='ocrx_word' id='word_1_374' title='bbox 465 4154 597 4217; x_wconf 86' lang='lat' dir='ltr'>Vostra</span> <span class='ocrx_word' id='word_1_375' title='bbox 622 4155 792 4237; x_wconf 87' lang='lat' dir='ltr'>Signoria</span> <span class='ocrx_word' id='word_1_376' title='bbox 815 4156 1133 4219; x_wconf 85' lang='lat' dir='ltr'>Reverendissima</span> <span class='ocrx_word' id='word_1_377' title='bbox 1163 4158 1233 4220; x_wconf 91' lang='lat' dir='ltr'>mio</span> <span class='ocrx_word' id='word_1_378' title='bbox 1265 4166 1407 4240; x_wconf 89' lang='lat' dir='ltr'>patron,</span> <span class='ocrx_word' id='word_1_379' title='bbox 1439 4167 1475 4217; x_wconf 87' lang='lat' dir='ltr'>et</span> 
     </span>
     <span class='ocr_line' id='line_1_36' title="bbox 192 4260 1475 4346; baseline 0.002 -25"><span class='ocrx_word' id='word_1_380' title='bbox 192 4261 377 4322; x_wconf 89' lang='lat' dir='ltr'>commodo</span> <span class='ocrx_word' id='word_1_381' title='bbox 403 4260 498 4323; x_wconf 87' lang='lat' dir='ltr'>della</span> <span class='ocrx_word' id='word_1_382' title='bbox 522 4263 706 4343; x_wconf 87' lang='lat' dir='ltr'>republica</span> <span class='ocrx_word' id='word_1_383' title='bbox 723 4263 934 4326; x_wconf 88' lang='lat' dir='ltr'>Christiana.</span> <span class='ocrx_word' id='word_1_384' title='bbox 969 4263 1119 4326; x_wconf 88' lang='lat' dir='ltr'>Intendo</span> <span class='ocrx_word' id='word_1_385' title='bbox 1145 4285 1210 4346; x_wconf 94' lang='lat' dir='ltr'>per</span> <span class='ocrx_word' id='word_1_386' title='bbox 1233 4263 1475 4326; x_wconf 89' lang='lat' dir='ltr'>admonitione</span> 
     </span>
     <span class='ocr_line' id='line_1_37' title="bbox 190 4367 1475 4452; baseline 0.002 -24"><span class='ocrx_word' id='word_1_387' title='bbox 190 4367 281 4429; x_wconf 89' lang='lat' dir='ltr'>fatta</span> <span class='ocrx_word' id='word_1_388' title='bbox 313 4369 346 4429; x_wconf 90' lang='lat' dir='ltr'>al</span> <span class='ocrx_word' id='word_1_389' title='bbox 377 4367 448 4429; x_wconf 92' lang='lat' dir='ltr'>mio</span> <span class='ocrx_word' id='word_1_390' title='bbox 478 4378 688 4449; x_wconf 88' lang='lat' dir='ltr'>procurator</span> <span class='ocrx_word' id='word_1_391' title='bbox 719 4370 818 4433; x_wconf 79' lang='lat' dir='ltr'>costa</span> <span class='ocrx_word' id='word_1_392' title='bbox 850 4371 908 4432; x_wconf 91' lang='lat' dir='ltr'>dal</span> <span class='ocrx_word' id='word_1_393' title='bbox 939 4371 986 4433; x_wconf 89' lang='lat' dir='ltr'>R.</span> <span class='ocrx_word' id='word_1_394' title='bbox 1020 4369 1161 4452; x_wconf 85' lang='lat' dir='ltr'>Segnor</span> <span class='ocrx_word' id='word_1_395' title='bbox 1191 4371 1475 4451; x_wconf 86' lang='lat' dir='ltr'>Archiepiscopn</span> 
     </span>
     <span class='ocr_line' id='line_1_38' title="bbox 192 4474 1475 4558; baseline 0.004 -23"><span class='ocrx_word' id='word_1_396' title='bbox 192 4475 227 4535; x_wconf 93' lang='lat' dir='ltr'>di</span> <span class='ocrx_word' id='word_1_397' title='bbox 252 4474 375 4555; x_wconf 85' lang='lat' dir='ltr'>Capua</span> <span class='ocrx_word' id='word_1_398' title='bbox 400 4475 465 4536; x_wconf 89' lang='lat' dir='ltr'>che</span> <span class='ocrx_word' id='word_1_399' title='bbox 489 4474 637 4538; x_wconf 87' lang='lat' dir='ltr'>Erasmo</span> <span class='ocrx_word' id='word_1_400' title='bbox 662 4478 709 4539; x_wconf 92' lang='lat' dir='ltr'>ha</span> <span class='ocrx_word' id='word_1_401' title='bbox 732 4477 855 4540; x_wconf 88' lang='lat' dir='ltr'>scritto</span> <span class='ocrx_word' id='word_1_402' title='bbox 882 4479 900 4539; x_wconf 74' lang='lat' dir='ltr'>a</span> <span class='ocrx_word' id='word_1_403' title='bbox 925 4477 1045 4540; x_wconf 89' lang='lat' dir='ltr'>Roma</span> <span class='ocrx_word' id='word_1_404' title='bbox 1070 4479 1215 4558; x_wconf 84' lang='lat' dir='ltr'>querele</span> <span class='ocrx_word' id='word_1_405' title='bbox 1249 4477 1283 4538; x_wconf 87' lang='lat' dir='ltr'>di</span> <span class='ocrx_word' id='word_1_406' title='bbox 1308 4498 1378 4557; x_wconf 90' lang='lat' dir='ltr'>me,</span> <span class='ocrx_word' id='word_1_407' title='bbox 1408 4479 1475 4540; x_wconf 89' lang='lat' dir='ltr'>che</span> 
     </span>
     <span class='ocr_line' id='line_1_39' title="bbox 192 4579 1474 4666; baseline 0.005 -25"><span class='ocrx_word' id='word_1_408' title='bbox 192 4579 226 4641; x_wconf 89' lang='lat' dir='ltr'>io</span> <span class='ocrx_word' id='word_1_409' title='bbox 252 4581 403 4663; x_wconf 86' lang='lat' dir='ltr'>denigro</span> <span class='ocrx_word' id='word_1_410' title='bbox 428 4582 462 4643; x_wconf 86' lang='lat' dir='ltr'>la</span> <span class='ocrx_word' id='word_1_411' title='bbox 486 4581 581 4645; x_wconf 83' lang='lat' dir='ltr'>fama</span> <span class='ocrx_word' id='word_1_412' title='bbox 605 4603 669 4646; x_wconf 89' lang='lat' dir='ltr'>sua</span> <span class='ocrx_word' id='word_1_413' title='bbox 693 4588 788 4665; x_wconf 90' lang='lat' dir='ltr'>apud</span> <span class='ocrx_word' id='word_1_414' title='bbox 806 4584 1004 4665; x_wconf 89' lang='lat' dir='ltr'>Principes,</span> <span class='ocrx_word' id='word_1_415' title='bbox 1029 4587 1147 4647; x_wconf 89' lang='lat' dir='ltr'>donde</span> <span class='ocrx_word' id='word_1_416' title='bbox 1172 4585 1301 4647; x_wconf 82' lang='lat' dir='ltr'>Nostro</span> <span class='ocrx_word' id='word_1_417' title='bbox 1320 4584 1474 4666; x_wconf 80' lang='lat' dir='ltr'>Signore</span> 
     </span>
     <span class='ocr_line' id='line_1_40' title="bbox 191 4688 1473 4774; baseline 0.007 -27"><span class='ocrx_word' id='word_1_418' title='bbox 191 4707 230 4750; x_wconf 83' lang='lat' dir='ltr'>se</span> <span class='ocrx_word' id='word_1_419' title='bbox 257 4707 302 4750; x_wconf 93' lang='lat' dir='ltr'>ne</span> <span class='ocrx_word' id='word_1_420' title='bbox 332 4688 350 4750; x_wconf 77' lang='grc' dir='ltr'>ἐ</span> <span class='ocrx_word' id='word_1_421' title='bbox 379 4688 489 4751; x_wconf 90' lang='lat' dir='ltr'>molto</span> <span class='ocrx_word' id='word_1_422' title='bbox 518 4690 699 4752; x_wconf 82' lang='lat' dir='ltr'>resentito</span> <span class='ocrx_word' id='word_1_423' title='bbox 751 4691 810 4753; x_wconf 92' lang='lat' dir='ltr'>Me</span> <span class='ocrx_word' id='word_1_424' title='bbox 840 4691 1008 4773; x_wconf 89' lang='lat' dir='ltr'>despiace</span> <span class='ocrx_word' id='word_1_425' title='bbox 1037 4692 1145 4771; x_wconf 88' lang='lat' dir='ltr'>assai,</span> <span class='ocrx_word' id='word_1_426' title='bbox 1180 4695 1245 4755; x_wconf 91' lang='lat' dir='ltr'>che</span> <span class='ocrx_word' id='word_1_427' title='bbox 1271 4713 1308 4754; x_wconf 91' lang='lat' dir='ltr'>se</span> <span class='ocrx_word' id='word_1_428' title='bbox 1334 4694 1382 4755; x_wconf 92' lang='lat' dir='ltr'>dii</span> <span class='ocrx_word' id='word_1_429' title='bbox 1413 4695 1473 4774; x_wconf 80' lang='lat' dir='ltr'>piu</span> 
     </span>
     <span class='ocr_line' id='line_1_41' title="bbox 191 4793 1475 4881; baseline 0.006 -26"><span class='ocrx_word' id='word_1_430' title='bbox 191 4793 274 4856; x_wconf 86' lang='lat' dir='ltr'>fede</span> <span class='ocrx_word' id='word_1_431' title='bbox 302 4795 321 4856; x_wconf 75' lang='lat' dir='ltr'>a</span> <span class='ocrx_word' id='word_1_432' title='bbox 349 4796 473 4876; x_wconf 90' lang='lat' dir='ltr'>parole</span> <span class='ocrx_word' id='word_1_433' title='bbox 502 4796 538 4857; x_wconf 91' lang='lat' dir='ltr'>di</span> <span class='ocrx_word' id='word_1_434' title='bbox 567 4797 728 4879; x_wconf 87' lang='lat' dir='ltr'>Erasm0,</span> <span class='ocrx_word' id='word_1_435' title='bbox 761 4800 826 4861; x_wconf 88' lang='lat' dir='ltr'>che</span> <span class='ocrx_word' id='word_1_436' title='bbox 854 4801 900 4861; x_wconf 86' lang='lat' dir='ltr'>ha</span> <span class='ocrx_word' id='word_1_437' title='bbox 929 4799 1052 4861; x_wconf 88' lang='lat' dir='ltr'>scritto</span> <span class='ocrx_word' id='word_1_438' title='bbox 1086 4800 1219 4881; x_wconf 90' lang='lat' dir='ltr'>peggio</span> <span class='ocrx_word' id='word_1_439' title='bbox 1249 4802 1315 4862; x_wconf 91' lang='lat' dir='ltr'>che</span> <span class='ocrx_word' id='word_1_440' title='bbox 1340 4800 1475 4863; x_wconf 86' lang='lat' dir='ltr'>Luther</span> 
     </span>
    </p>
   </div>
   <div class='ocr_carea' id='block_1_3' title="bbox 0 0 1670 5580">
    <p class='ocr_par' dir='ltr' id='par_1_4' title="bbox 0 0 1670 5580">
     <span class='ocr_line' id='line_1_42' title="bbox 0 0 1670 5580; baseline 0 0"><span class='ocrx_word' id='word_1_441' title='bbox 0 0 1670 5580; x_wconf 95' lang='lat' dir='ltr'> </span> 
     </span>
    </p>
   </div>
  </div>
 </body>
</html>
