3330 5580
728 461 785 519 sag
824 461 859 515 95
899 458 956 514 [5³0

188 606 353 670 Martino
377 604 490 679 favet;
515 609 669 689 populus
695 609 787 672 enim
812 611 946 671 vultum
976 619 1011 670 et
1043 618 1195 671 mentem
1221 608 1398 691 Principis
1431 630 1482 672 re-

190 714 315 797 spicit:
363 712 409 776 Et
432 716 482 796 (ut
507 714 593 777 dicit
616 715 855 796 Herodianus)
879 717 995 778 solent
1019 715 1150 778 subditi
1175 716 1282 780 vitam
1306 716 1483 799 Principis

192 821 380 887 aemulari.

286 928 409 991 Habet
432 938 620 1010 praeterea
643 928 876 1009 consiliarios
901 939 937 992 et
952 930 1231 1011 praedicatores,
1256 931 1316 1012 qui
1334 932 1361 994 si
1376 953 1482 1013 quan-

194 1047 268 1098 tum
301 1035 401 1117 prius
431 1036 588 1099 Martino
619 1035 805 1116 favebant,
840 1057 932 1099 nunc
963 1037 1066 1100 aliter
1096 1041 1231 1120 populo
1266 1041 1482 1119 persuadere

194 1143 375 1222 studeant,
400 1143 591 1225 dicantque
616 1164 685 1205 non
711 1155 856 1226 putasse
873 1164 911 1206 se
928 1144 1104 1225 principio
1121 1155 1256 1207 tantam
1272 1145 1482 1208 seditionem

194 1259 231 1311 et
261 1248 417 1312 schisma
450 1271 495 1313 ex
519 1250 595 1313 istis
619 1250 919 1332 disputationibus
943 1250 1128 1330 orituram,
1160 1262 1257 1314 certe
1283 1253 1401 1315 omnia
1425 1255 1482 1315 vel

193 1354 303 1418 facile
327 1359 558 1419 sedabuntur.

289 1463 456 1528 Addatur
479 1466 584 1529 etiam
610 1465 704 1547 quod
720 1465 895 1527 Martinus
920 1464 1042 1527 scribit
1056 1465 1332 1527 illustrissimum
1346 1466 1482 1528 Ducem

194 1569 397 1633 Fridricum
422 1592 500 1636 curu
526 1583 600 1635 tota
624 1593 688 1634 sua
711 1573 793 1635 aula
817 1572 884 1633 sibi
904 1571 1047 1634 iavere:
1064 1568 1168 1654 'quod
1184 1572 1213 1633 si
1231 1583 1295 1653 est,
1321 1585 1483 1636 cessante

194 1678 260 1740 tali
286 1677 423 1757 favore,
452 1681 607 1743 cessabit
631 1679 737 1741 etiam
761 1678 912 1741 hominis
936 1679 1142 1759 petulantia.
1191 1677 1342 1761 Scripsit
1366 1691 1483 1742 autern

195 1786 263 1846 hoc
290 1785 468 1849 Martinus
492 1788 536 1849 ad
563 1786 706 1849 Crotum
731 1785 971 1848 Erfordiensis
996 1787 1214 1850 Academiae
1239 1798 1424 1850 rectorem.

288 1891 330 1954 In
355 1893 545 1974 postremis
569 1894 707 1956 dicatur
732 1893 867 1956 animus
892 1892 1067 1973 Caesaris
1100 1915 1203 1976 quem
1228 1896 1424 1957 declaravit
1448 1897 1482 1958 in

197 1998 348 2062 consilio
380 2020 521 2062 suarum
553 2001 735 2063 nationum
766 2000 887 2063 habito
913 2001 970 2062 die
995 2000 1143 2064 XXIX.
1191 2003 1416 2064 Decembris:
1449 2015 1484 2064 et

198 2105 421 2187 significetur
452 2128 531 2170 eum
563 2128 628 2189 pro
653 2128 716 2171 sua
739 2108 874 2189 pietate
899 2118 934 2170 et
958 2108 1132 2190 religione
1156 2109 1262 2170 etiam
1284 2111 1483 2190 juramento

198 2225 233 2276 et
257 2214 455 2296 imperialis
480 2215 674 2293 Dignitatis
698 2214 828 2294 officie,
853 2236 923 2296 quo
948 2216 1143 2277 advocatus
1168 2226 1223 2278 est
1246 2229 1391 2278 sanctae
1411 2217 1483 2277 Ro-

199 2341 327 2383 manae
359 2332 394 2383 et
423 2322 635 2385 universalis
659 2322 857 2402 Ecclesiae,
892 2333 926 2384 et
957 2322 1114 2385 debiturn
1146 2324 1316 2385 honorem
1349 2345 1484 2385 summo

200 2427 367 2493 Pontifici
398 2429 576 2510 promisit,
609 2451 679 2493 non
711 2449 914 2511 passurum,
948 2439 985 2490 ut
1016 2428 1084 2491 ista
1114 2429 1199 2491 talia
1231 2450 1295 2492 suo
1324 2441 1484 2510 tempore

201 2549 258 2598 aut
284 2536 509 2617 suscitentur,
534 2549 594 2599 aut
619 2538 823 2618 perdurent,
856 2546 891 2599 et
916 2535 950 2598 iu
974 2537 1042 2598 hoc
1068 2536 1271 2599 decrevisse
1295 2557 1411 2618 neque
1436 2537 1484 2598 fa-

202 2643 393 2705 cultatibus
419 2663 483 2706 nec
509 2644 677 2726 propriae
700 2664 878 2726 personae
903 2663 1061 2725 parcere.

290 2752 469 2814 Advertat
500 2753 642 2814 tandem
670 2750 926 2813 illustrissimus
952 2752 1035 2812 Dux
1061 2749 1211 2830 imperia
1235 2761 1271 2813 et
1294 2769 1407 2831 regna
1431 2751 1486 2813 his

204 2859 423 2939 potissimum
448 2860 584 2921 artibus
608 2857 824 2936 conservari,
849 2857 976 2938 quibus
991 2867 1095 2938 parta
1110 2867 1200 2936 sunt,
1226 2867 1261 2919 et
1278 2857 1381 2919 sicuti
1399 2856 1484 2920 Ger-

204 2965 294 3027 mani
320 2965 475 3028 favendo
493 2965 674 3028 Ecclesiae
689 2965 877 3027 Romanae
900 2964 1039 3045 imperii
1055 2964 1175 3026 titulos
1191 2975 1226 3025 et
1241 2965 1485 3027 electoriatum

204 3073 482 3154 acquisiverunt,
514 3073 562 3135 ita
593 3082 744 3134 caveant
775 3071 824 3133 illi
857 3071 916 3152 qui
944 3075 990 3134 ab
1015 3072 1140 3134 eadem
1165 3070 1326 3133 Ecclesia
1351 3073 1484 3134 dissen-

205 3180 291 3242 tiunt
317 3189 353 3242 et
377 3200 454 3242 eam
480 3191 660 3262 spernunt,
686 3199 730 3242 ne
754 3179 829 3241 istis
854 3179 1088 3262 dignitatibus
1113 3188 1148 3240 et
1164 3179 1232 3240 Dei
1254 3190 1289 3241 et
1306 3180 1485 3241 hominum

203 3287 331 3367 judicio
356 3286 494 3368 indigni
519 3287 717 3367 videantur,
743 3297 778 3349 et
802 3296 1024 3350 censeantur.

291 3395 385 3456 Illud
422 3395 526 3457 etiarn
563 3395 598 3456 in
634 3403 817 3475 comperto
850 3395 982 3455 habeat
1014 3393 1203 3455 Caesarem
1238 3392 1377 3455 interim
1415 3414 1484 3455 non

207 3512 422 3565 cessaturum
454 3522 475 3564 a
512 3502 753 3564 destructione
789 3512 824 3563 et
855 3500 1102 3581 persecutione
1135 3500 1280 3563 istorum
1314 3500 1484 3562 librorum

207 3627 245 3670 eo
269 3618 482 3692 argumento
506 3611 601 3691 quod
626 3628 768 3690 semper
790 3608 861 3670 dux
878 3609 1023 3689 allegat,
1049 3608 1159 3670 libros
1176 3607 1283 3669 luisse
1300 3608 1486 3669 damnatos

207 3736 271 3778 non
304 3716 426 3778 audito
455 3715 638 3797 scriptore.
686 3715 791 3795 Quod
816 3717 866 3796 (ut
891 3712 1167 3799 supradiximus)
1192 3734 1262 3776 non
1288 3727 1341 3774 est
1366 3735 1483 3775 neces·

207 3823 342 3903 sarium,
368 3833 428 3885 aut
452 3823 678 3902 rationabile,
713 3843 793 3884 nam
817 3821 991 3884 Martinus
1015 3822 1050 3883 in
1075 3822 1148 3882 suis
1172 3821 1312 3902 scriptis
1337 3841 1407 3883 non
1432 3842 1481 3883 so·

209 3931 273 3993 lum
305 3930 589 4009 evidentissime,
624 3930 718 4011 quod
752 3928 859 3990 sentit
893 3929 1063 4010 loquitur,
1096 3937 1130 3989 et
1163 3948 1250 4007 quas
1282 3937 1383 4006 putat
1407 3928 1483 4008 ipse

208 4037 438 4100 validissimas
468 4037 625 4100 rationes
649 4037 811 4115 adducit,
843 4055 964 4097 verum
989 4036 1095 4097 etiam
1120 4035 1366 4096 resolutorium
1392 4055 1482 4096 corn·

207 4145 332 4224 posuit,
356 4143 391 4205 in
417 4164 487 4225 quo
512 4165 550 4207 se
574 4143 623 4205 ita
647 4142 778 4206 sentire
803 4144 912 4204 multo
938 4142 1043 4204 etiam
1068 4142 1290 4204 manifestius
1314 4136 1482 4204 declarat.

292 4250 395 4331 ¹Quod
434 4250 463 4312 si
498 4249 761 4331 propositiones
796 4251 912 4312 nudae
948 4261 1085 4328 essent,
1122 4249 1227 4310 nullis
1260 4250 1484 4330 argumentis

209 4361 467 4438 corroboratae,
492 4359 550 4419 vel
575 4356 667 4420 forte
691 4357 834 4420 fortuna
855 4369 973 4419 essent
988 4355 1187 4437 ambiguae,
1213 4367 1295 4418 tunc
1313 4357 1481 4436 loquendi

208 4466 348 4528 daretur
372 4465 486 4546 copia,
512 4476 550 4526 ut
572 4465 668 4545 quod
684 4467 872 4527 obscurum
890 4475 994 4543 esset,
1020 4465 1207 4526 dilucidius
1225 4477 1483 4546 exponeretur:

207 4573 260 4634 ubi
281 4592 369 4635 vero
386 4593 439 4652 ea,
464 4592 555 4653 quae
579 4573 764 4634 traduntur
788 4582 923 4654 aperte,
949 4574 995 4632 ab
1012 4593 1075 4634 usu
1092 4571 1273 4634 Ecclesiae
1298 4574 1481 4650 recedunt,

208 4699 246 4742 ea
275 4700 341 4762 per
373 4701 412 4742 se
443 4681 500 4742 vel
529 4679 643 4762 primo
675 4689 822 4761 aspectu
855 4690 934 4741 sunt
968 4681 1212 4741 condemnata.
1260 4677 1319 4740 Sic
1345 4700 1484 4740 errores

207 4787 319 4868 multi,
344 4786 603 4870 opinionesque
627 4798 663 4850 et
687 4790 873 4870 haereses,
907 4809 927 4850 a
952 4786 1103 4849 Summis
1128 4785 1370 4869 PontificibuS,
1395 4786 1482 4849 Con-
