3330 5580
788 729 852 793 204

618 844 829 947 Campegius
855 779 1030 926 iamlam.

562 992 734 1060 (lluutlat.
759 992 908 1052 German
934 990 1009 1050 lani
1036 990 1088 1060 80.)

683 1112 735 1180 (26.
757 1113 859 1178 Aprilis
882 1110 968 1175 1525.)

360 1243 463 1306 Circa
488 1245 521 1306 le
545 1265 628 1308 cose
652 1247 861 1327 pruthenice
886 1267 953 1308 con
976 1248 1011 1309 le
1027 1246 1144 1309 littere
1168 1245 1214 1307 de
1230 1245 1356 1307 XXX
1372 1264 1471 1307 man·

188 1349 245 1410 dai
271 1350 375 1431 copia
398 1351 444 1412 de
468 1353 503 1413 la
526 1351 644 1414 littera
668 1354 733 1416 che
758 1353 793 1414 di
818 1353 852 1415 la
885 1353 1048 1415 scriveva
1079 1350 1221 1415 Statilio
1254 1362 1401 1415 oratore
1433 1350 1469 1414 in

188 1457 338 1519 Polonia
361 1458 396 1518 di
421 1470 562 1539 questa,
592 1479 657 1540 per
682 1462 799 1541 quella
824 1461 988 1533 materia;
1014 1470 1049 1523 et
1072 1460 1209 1522 bench&
1234 1478 1305 1522 non
1330 1457 1470 1540 potessi

188 1565 431 1644 persuadermi
457 1565 491 1626 di
516 1569 597 1647 quel
622 1587 661 1629 re
686 1569 751 1630 che
768 1570 918 1631 havesse
936 1589 957 1630 a
972 1567 1174 1630 consentire
1197 1587 1219 1628 a
1234 1569 1306 1629 cosi
1332 1564 1471 1629 enormi

189 1670 405 1751 condicioni,
434 1692 501 1753 pur
532 1675 567 1735 la
597 1674 825 1738 conclusione
857 1685 893 1738 et
921 1695 1011 1759 pace
1040 1674 1240 1737 universale
1274 1674 1293 1736 ὲ
1327 1671 1471 1755 seguita

187 1774 244 1837 fra
268 1778 343 1839 loro
369 1789 404 1855 et
429 1785 501 1842 cosl
526 1781 641 1844 scrive
666 1782 765 1844 detto
790 1779 932 1845 Statilio
957 1792 992 1844 et
1016 1782 1051 1843 la
1074 1780 1195 1863 quinta
1215 1780 1304 1843 feria
1320 1778 1471 1843 Maioris

189 1886 410 1948 ebdomadae
442 1886 465 1948 il
496 1907 535 1950 re
566 1887 590 1949 li
620 1889 718 1951 dette
751 1889 775 1950 il
805 1889 997 1951 stendardo
1031 1898 1067 1950 et
1098 1891 1132 1951 lo
1167 1886 1315 1950 infeudd
1353 1888 1399 1949 de
1435 1887 1470 1949 la

189 1990 331 2053 Prussia
356 2004 391 2054 et
415 1995 449 2055 lo
475 1996 520 2056 ha
543 1994 634 2058 fatto
659 1995 694 2056 di
711 2016 800 2077 gran
818 2004 981 2075 maestro,
1007 1995 1150 2059 dimissa
1165 1992 1352 2075 religione,
1377 1994 1469 2056 duca

189 2097 223 2160 di
249 2098 392 2161 Prussia
417 2109 452 2162 et
477 2100 550 2164 cosi
574 2102 622 2163 lui
648 2103 676 2165 si
694 2103 809 2166 scrive
827 2114 862 2166 et
879 2102 1031 2166 nomina.
1078 2103 1123 2165 Et
1146 2099 1285 2164 banchis
1310 2102 1344 2164 el
1369 2102 1468 2164 detto

189 2226 258 2267 non
283 2206 399 2269 scriva
422 2208 733 2290 particolarmente
758 2213 790 2273 le
816 2210 1027 2289 condicioni,
1052 2230 1108 2272 ma
1132 2211 1165 2271 le
1189 2206 1316 2271 riservi
1344 2208 1381 2270 al
1405 2227 1468 2270 suo

187 2311 323 2376 ritorno
348 2315 413 2377 che
437 2315 518 2377 sara
541 2328 684 2399 presto,
720 2339 786 2400 pur
819 2338 857 2380 se
881 2317 1117 2380 intende'che
1141 2316 1201 2399 gia
1223 2318 1259 2379 lo
1283 2316 1330 2378 ha
1354 2314 1467 2378 infeu-

189 2421 273 2482 dato
298 2442 363 2503 pro
388 2443 426 2486 se
451 2433 487 2485 et
511 2426 810 2489 descendentibus
840 2438 874 2488 et
898 2427 989 2488 altra
1012 2445 1077 2506 pro
1102 2423 1277 2503 Joachino
1310 2424 1470 2486 electore

190 2537 225 2590 et
249 2527 318 2590 alio
343 2527 452 2592 fratre
478 2531 535 2611 qui
561 2544 615 2594 est
639 2533 673 2594 in
699 2532 873 2615 Hispania
900 2533 1002 2614 quale
1027 2533 1072 2594 ha
1096 2551 1161 2613 per
1186 2528 1316 2611 moglie
1351 2530 1386 2591 la
1411 2530 1470 2592 del

189 2637 368 2718 quondam
403 2657 442 2698 re
476 2639 670 2720 catholico,
704 2650 739 2702 et
777 2649 902 2721 questo
937 2638 1257 2702 successivamente
1293 2656 1362 2699 con
1398 2656 1469 2699 non

188 2762 281 2824 poco
306 2754 466 2826 suspetto
491 2748 556 2808 che
574 2746 596 2808 ’l
621 2747 719 2809 detto
749 2767 789 2821 re
816 2747 869 2809 sia
892 2766 957 2828 per
981 2744 1072 2807 darli
1094 2746 1129 2807 la
1151 2742 1286 2825 figliola
1311 2763 1376 2805 sua
1400 2743 1470 2824 pri·

190 2848 372 2930 mogenita
397 2852 442 2914 de
465 2852 487 2914 l'
503 2852 594 2916 altra
618 2853 791 2936 mogliera
814 2864 852 2916 ut
875 2854 1004 2916 malurn
1030 2855 1120 2914 malo
1142 2852 1305 2932 addatur,
1329 2848 1359 2912 si
1388 2868 1470 2930 per·

190 2956 255 3019 che
280 2977 367 3020 sono
393 2958 570 3023 coniuncti
593 2961 627 3022 in
653 2962 810 3024 secundo
844 2962 977 3042 gradu,
1013 2964 1040 3022 sl
1075 2959 1205 3041 perche
1243 2959 1342 3020 detto
1379 2976 1472 3038 gran

191 3075 345 3127 maestro
369 3066 387 3128 ὲ
412 3067 555 3130 addicto
579 3069 625 3131 ad
650 3068 717 3130 tria
740 3079 846 3142 vota;
881 3069 1015 3130 anchor
1043 3067 1108 3128 che
1132 3065 1166 3128 io
1191 3066 1299 3127 creda
1323 3064 1379 3127 ch'
1398 3063 1473 3146 egli

188 3191 254 3253 per
277 3191 395 3234 essere
418 3173 582 3237 immerso
611 3174 645 3236 in
679 3185 804 3256 questa
835 3176 1026 3238 maledetta
1050 3181 1142 3236 setta
1172 3173 1360 3235 lutherana
1394 3191 1468 3234 non

190 3278 219 3341 si
243 3279 368 3342 curera
393 3281 436 3343 ni
462 3279 507 3343 de
531 3281 553 3343 l’
567 3301 637 3344 uno
662 3283 705 3344 ne
731 3284 767 3344 di
789 3282 812 3343 l'
830 3283 920 3344 altro
954 3290 989 3343 et
1014 3281 1117 3344 stimo
1150 3281 1215 3343 che
1248 3278 1285 3340 di
1313 3287 1407 3341 tutto
1442 3279 1472 3342 si

190 3387 340 3466 pensino
365 3387 567 3450 facilmente
591 3398 754 3452 ottenere
778 3388 1039 3470 approbatione
1068 3396 1103 3448 et
1132 3385 1400 3467 dispensatione
1425 3386 1474 3448 da

190 3493 231 3556 N.
258 3491 293 3555 S.
319 3495 513 3558 colorando
538 3504 628 3558 tutto
654 3507 778 3577 questo
804 3504 949 3558 trattato
975 3495 1031 3556 col
1056 3512 1158 3555 nome
1183 3494 1228 3555 de
1252 3493 1287 3554 la
1310 3511 1403 3573 pace
1436 3502 1474 3555 et

192 3601 227 3661 di
252 3608 377 3683 potere
401 3602 462 3684 piis
486 3603 688 3666 facilmente
713 3602 859 3687 opporsi
882 3612 1007 3665 contra
1030 3599 1144 3662 turchi
1169 3620 1189 3661 o
1214 3618 1315 3662 come
1338 3598 1474 3680 meglio

191 3728 380 3789 sapranno,
404 3730 471 3791 pur
494 3711 560 3773 che
585 3711 635 3792 gli
660 3711 712 3773 sia
736 3711 894 3773 creduto.
942 3709 980 3771 Io
1005 3707 1082 3770 diro
1106 3705 1131 3768 il
1155 3726 1241 3769 vero
1266 3725 1288 3768 a
1303 3704 1346 3771 V.
1364 3704 1402 3769 S.
1424 3708 1473 3770 ho

192 3823 291 3877 tanto
321 3817 528 3898 despiacere
558 3818 594 3880 di
634 3828 759 3898 questa
794 3837 878 3879 cosa
910 3817 976 3879 che
1011 3814 1117 3877 niuno
1153 3813 1242 3875 altro
1277 3812 1476 3894 particolar

191 3923 261 3985 mio
287 3925 352 3986 che
376 3924 422 3986 mi
447 3945 653 3988 accascasse
684 3924 719 3988 in
753 3923 948 3999 contrario,
972 3922 1068 3984 fosse
1092 3921 1205 3983 anche
1229 3920 1264 3981 la
1287 3929 1404 3982 morte
1427 3921 1474 3983 de

192 4052 239 4092 un
267 4029 337 4093 mio
372 4029 523 4112 figliolO,
555 4032 615 4114 pila
648 4032 693 4095 mi
720 4031 897 4114 potrebbe
930 4031 1052 4092 dolere
1086 4038 1121 4091 et
1154 4047 1273 4090 essere
1309 4029 1473 4108 molesto,

192 4139 401 4221 parendomi
426 4140 491 4201 che
516 4139 568 4202 sia
592 4160 675 4202 cosa
701 4138 735 4201 di
760 4147 858 4201 tanto
882 4139 974 4200 mala
990 4146 1085 4199 sorte
1102 4136 1168 4197 che
1190 4133 1251 4216 piis
1267 4153 1339 4196 non
1365 4154 1474 4215 possa

194 4268 330 4327 essere,
364 4257 400 4310 et
422 4247 706 4310 massimamente
730 4267 751 4307 a
775 4243 890 4327 questi
914 4243 1023 4325 tempi
1047 4263 1092 4304 ne
1121 4241 1144 4304 li
1176 4240 1272 4322 quali
1305 4239 1335 4302 si
1371 4250 1471 4304 sente

194 4355 259 4417 che
295 4354 376 4417 tutti
410 4354 434 4416 li
469 4354 550 4416 altri
585 4351 862 4417 commendatori
898 4352 933 4413 in
967 4349 1112 4413 Prussia
1145 4367 1305 4430 pensano
1337 4349 1472 4411 anchor

195 4461 314 4543 eglino
339 4461 375 4524 di
399 4471 495 4525 torre
519 4461 651 4542 moglie
674 4458 973 4543 appropriandosi
998 4457 1021 4520 li
1046 4456 1129 4519 beni
1145 4458 1190 4518 de
1206 4457 1240 4517 le
1253 4456 1471 4534 commende,

196 4580 230 4633 et
255 4574 327 4632 cosl
352 4591 374 4632 a
397 4571 491 4633 bove
515 4569 638 4632 maiori
663 4568 767 4631 discit
791 4587 892 4630 arare
916 4567 1040 4629 minor.
1088 4565 1127 4626 In
1157 4561 1307 4625 Livonia
1338 4564 1471 4625 anchor

194 4688 362 4759 presento
387 4679 452 4740 che
476 4677 629 4759 pessime
653 4676 810 4740 sentiunt
832 4677 878 4736 de
901 4672 972 4735 fide
988 4682 1024 4736 et
1040 4681 1132 4734 tutta
1148 4673 1182 4732 la
1198 4669 1470 4752 quadragesima

195 4786 456 4871 publicamente
480 4787 599 4848 hanno
617 4784 797 4866 mangiato
814 4801 922 4846 carne
932 4829 941 4860 ,
967 4780 1074 4843 credo
1092 4778 1226 4840 anchor
1241 4778 1275 4839 lo
1291 4775 1468 4860 Episcopo
