3330 5580
700 494 947 551 essffllffl

185 643 344 718 tamque,
383 639 531 702 solemni
571 641 750 722 pontificio
796 650 1021 705 monumento
1054 640 1225 701 sancitam
1264 636 1464 719 vigintiduo

185 743 384 807 cardinales
426 747 572 828 propria
623 748 884 830 subscriptione
929 747 1177 810 solemniorem
1222 744 1465 807 reddiderunt.

184 850 449 916 Monumentum
466 857 533 917 hoc
551 856 739 936 historicis,
759 866 796 918 ut
813 856 999 935 credimus,
1017 852 1160 916 omnino
1175 853 1346 934 ignotum,
1373 871 1464 912 nunc

185 958 285 1040 quasi
310 960 530 1023 collectionis
556 974 698 1025 nostrae
723 963 917 1044 pretiosum
951 961 1246 1043 complementum
1283 980 1329 1020 ex
1353 978 1464 1021 secre-

184 1064 335 1127 tioribus
352 1066 387 1131 S.
405 1067 508 1131 Sedis
523 1070 707 1133 tabulariis
725 1082 861 1133 erutum
887 1069 921 1131 in
947 1070 1060 1131 lucem
1085 1068 1225 1137 damus:
1251 1066 1349 1128 multi
1375 1064 1466 1127 enim

186 1193 249 1235 nec
279 1173 443 1238 minimae
475 1177 696 1240 auctoritatis
729 1177 921 1259 scriptores
955 1176 1172 1238 Clementem
1205 1172 1353 1236 Concilii
1386 1193 1465 1234 con·

186 1281 409 1344 vocationem
426 1284 652 1346 adversatum
673 1287 720 1347 ob
736 1284 905 1347 natalium
923 1282 1101 1346 defectum
1119 1281 1350 1358 tradiderunt,
1376 1300 1467 1343 eum·

186 1409 255 1469 que
279 1388 486 1470 aliquandiu
502 1391 682 1454 remissius
703 1393 828 1454 eadem
853 1393 897 1454 de
922 1410 1029 1454 causa
1053 1389 1088 1452 in
1113 1390 1221 1451 rebus
1246 1386 1467 1450 Germanicis

187 1495 321 1575 egisse;
360 1497 606 1577 quodfalsum
632 1499 773 1562 omnino
805 1520 849 1562 ex
885 1499 1098 1561 documento
1131 1506 1252 1556 nostro
1285 1496 1466 1576 probatur.

188 1602 356 1667 Attamen
382 1625 448 1667 nec
474 1605 660 1685 conviciis,
686 1627 750 1669 nec
776 1604 975 1683 calumniis,
1008 1624 1072 1666 nec
1097 1600 1304 1664 monstrosis
1329 1599 1467 1681 quibus-

189 1729 257 1791 que
283 1713 601 1776 obtrectationibus
625 1713 659 1775 in
676 1714 893 1777 Clementem
914 1710 1237 1776 neoreformatores
1261 1710 1467 1790 parcebant.

278 1817 411 1881 Eodem
437 1831 597 1902 tempore
621 1821 796 1884 mirabilia
820 1820 1121 1902 praedicabantur
1146 1818 1190 1879 de
1216 1817 1388 1893 luthero,
1412 1835 1467 1875 cu·

189 1922 242 1984 ius
266 1923 435 2006 fautores,
459 1939 559 1991 tanto
583 1929 810 1992 audentiores
834 1939 965 2011 quanto
998 1925 1191 1989 timidiores
1216 1922 1410 1985 catholicos
1435 1932 1469 1982 et

190 2031 416 2113 magistratus
465 2047 499 2097 et
544 2035 722 2118 principes
760 2037 949 2114 videbant,
991 2033 1324 2096 submurmurabant
1361 2027 1469 2109 prius,

191 2139 320 2202 deinde
345 2153 468 2223 aperte
494 2143 791 2223 disseminabant,
824 2147 918 2206 nullo
955 2143 1059 2205 modo
1085 2141 1277 2202 liutherum
1303 2137 1468 2198 damnan-

191 2247 273 2308 dum
297 2258 486 2330 antequam
528 2251 723 2325 audiretur;
761 2253 789 2313 si
827 2252 1024 2328 audiretur,
1061 2247 1221 2311 miranda
1257 2242 1470 2321 dicturum¹).

191 2353 272 2415 Dux
290 2354 492 2419 Fridericus
511 2358 608 2421 Saxo
629 2358 765 2422 interea
780 2358 1000 2442 principibus
1023 2357 1191 2418 narrabat
1210 2374 1248 2415 se
1264 2363 1361 2414 certo
1381 2349 1470 2411 scire

192 2460 326 2542 Papam
344 2462 512 2544 Luthero,
537 2464 565 2526 si
583 2487 603 2527 a
628 2465 811 2546 proposito
830 2464 1028 2543 desisteret,
1054 2482 1217 2544 magnam
1236 2456 1470 2538 archiepisco-

192 2570 308 2648 palem
340 2571 461 2633 sedem
494 2574 550 2634 vel
575 2593 766 2653 purpuram
798 2572 909 2653 ipsam
942 2570 1031 2632 sicut
1055 2568 1266 2651 promiserat
1290 2568 1470 2631 daturum:

193 2676 287 2755 quod
321 2678 541 2741 mendacium
575 2681 755 2742 rlleander
790 2678 956 2742 refutavit
988 2699 1066 2741 cum
1092 2679 1246 2739 electore
1270 2668 1473 2743 'lrevirensi

194 2781 397 2863 loquutusi).
449 2784 550 2848 Nunc
579 2786 697 2869 imago
723 2786 867 2849 Lutheri
894 2786 1013 2849 nimbo
1030 2784 1247 2847 circumdata
1270 2801 1334 2844 ceu
1360 2775 1472 2840 sancti

193 2888 345 2950 hominis
360 2890 503 2970 publice
519 2896 791 2961 ostendebatur:
818 2915 910 2957 nunc
934 2891 1275 2955 circumferebantur
1298 2885 1472 2966 imagines

194 2995 340 3057 Lutheri
366 3009 400 3058 et
418 2998 563 3062 liutteni
590 3023 735 3085 priorum
761 3001 830 3064 rou
844 3010 931 3086 proc
956 2998 1112 3062 isarnho
1134 2998 1240 3059 sariba!
1261 2993 1345 3057 lr'bcr
1369 2990 1473 3054 alteri

194 3101 334 3182 gladius
359 3125 436 3167 cum
462 3107 670 3190 subscriptis
695 3109 832 3171 verbis:
863 3106 1077 3170 t'lrrr'stmnnc
1100 3100 1470 3184 liberiani·propugna-

193 3207 322 3271 lorr'bns
347 3211 396 3273 ll.
423 3213 583 3294 larlln‘ro,
613 3215 728 3279 (farn-0
751 3217 791 3278 ab
818 3217 973 3283 lino-nb.

265 3314 1474 3401 .Pmfflmmmfflfflmhmmmcmmmmiwffluemimmmea

196 3423 459 3507 Wittemberga
473 3430 517 3490 ad
526 3428 757 3493 Wormatiam
772 3433 853 3492 dum
868 3432 912 3493 ad
923 3429 1075 3492 diaetam
1086 3421 1319 3489 delibrissuis
1329 3439 1472 3499 respon·

196 3532 604 3613 surusproficisceretur;
619 3549 655 3599 at
666 3538 851 3600 Ersordiae
866 3557 995 3619 magno
1009 3533 1131 3616 populi
1145 3550 1319 3594 concursu
1332 3525 1473 3608 publice

196 3641 469 3723 selemniterque
502 3644 747 3724 concionatus,
780 3646 846 3706 iter
870 3655 1107 3725 prosequutus
1132 3651 1185 3702 est
1210 3636 1362 3700 maximo
1379 3633 1473 3694 fastu

197 3768 217 3808 a
250 3768 313 3839 sex
348 3748 568 3827 doctoribus,
603 3752 832 3833 plurimisque
868 3751 1045 3814 nobilibus
1070 3743 1293 3822 comitatus⁴).
1341 3741 1473 3804 Caesar

197 3855 407 3935 promiserat
432 3856 567 3918 nunciis
592 3858 789 3940 ingressum
818 3858 960 3921 lutheri
985 3857 1021 3919 in
1045 3854 1224 3918 civitatem
1240 3844 1473 3911 Wormatiam

197 3974 370 4025 secretum
395 3963 569 4031 futurum:
595 3977 630 4027 at
659 3966 831 4029 lutherus
856 3964 1059 4028 solemniter
1084 3960 1191 4039 venit,
1216 3968 1356 4020 centum
1381 3950 1474 4034 equi·

198 4069 292 4131 tibus
315 4091 426 4152 usque
451 4077 495 4136 ad
521 4088 657 4155 portam
683 4077 836 4139 civitatis
860 4073 1124 4143 comitantibus;
1151 4088 1290 4132 currum
1316 4061 1476 4129 ascendit

200 4187 280 4239 octo
317 4181 494 4259 equitibus
536 4183 793 4263 circumdatus,
831 4183 984 4245 maximo
1019 4178 1142 4262 populi
1166 4194 1360 4252 concursu,
1394 4172 1475 4233 dum

199 4285 341 4364 quidam
367 4301 531 4368 apostata
567 4293 773 4373 presbyter,
807 4292 920 4372 ipsum
954 4289 987 4351 in
1026 4286 1115 4350 ulnis
1144 4282 1337 4364 accipiens,
1370 4278 1475 4340 incla-

201 4394 320 4455 mabat
355 4414 393 4457 se
430 4397 617 4459 maximum
651 4399 757 4461 totius
791 4397 910 4461 mundi
939 4408 1099 4458 sanctum
1124 4390 1298 4474 tetigisse.
1345 4385 1477 4448 Caesar

201 4501 339 4562 demum
366 4501 503 4565 nunciis
527 4504 737 4583 promiserat
762 4505 872 4567 virum
898 4503 994 4565 illum
1029 4500 1158 4563 nemini
1198 4499 1475 4577 alloquuturum;

200 4609 264 4670 sed
288 4607 404 4670 statim
428 4610 569 4691 plurimi
594 4610 742 4690 nobiles,
766 4609 967 4691 iurisperiti,
992 4609 1240 4686 cuiuscumque
1264 4595 1477 4664 conditionis

276 4758 296 4828 ¹)
315 4729 427 4813 Docum.
452 4776 489 4813 11.
511 4765 554 4813 l‘ol.
578 4776 609 4827 25
630 4774 656 4812 ct
676 4770 716 4815 27.
867 4760 890 4828 ²)
910 4765 1022 4812 Ducum.
1047 4773 1086 4824 14.
1106 4759 1153 4818 iol,
1172 4770 1215 4819 39,
1234 4748 1277 4820 46.

275 4840 296 4911 ⁸)
316 4845 428 4892 Docnm.
448 4850 490 4903 30.
512 4845 557 4898 l'ol.
582 4856 638 4905 103.
872 4841 894 4911 ⁴)
915 4845 1026 4892 Docum.
1047 4848 1089 4894 ba.
1110 4840 1156 4888 fol.
1180 4842 1236 4890 101.
