3330 5580
675 448 922 504 ι><331οῑζ>”<’

129 613 253 660 novo
277 589 445 673 pontifice
470 591 552 653 mihi
577 612 682 673 quam
707 595 857 657 molesta
881 614 962 657 esse
986 593 1161 675 cepisset,
1186 613 1272 657 ecce
1297 591 1456 656 affertur

132 699 308 767 nuncius
339 718 408 780 quo
432 699 548 761 nullus
572 719 726 780 unquam
750 701 880 763 allatus
904 703 962 764 vel
987 701 1144 784 optatior
1176 701 1234 764 vel
1257 699 1455 763 iucundior

133 829 228 894 quo
255 804 518 869 Beatitudinem
549 815 702 869 vestram
727 806 932 890 pontificem
963 818 1121 871 creatum
1153 827 1195 870 ac
1224 807 1454 870 declaratum

136 928 189 981 et
224 921 363 997 patrum
395 909 489 974 omni
520 915 654 975 calculo
686 911 816 976 Christi
848 913 1018 977 vicarium
1055 914 1281 996 designatum
1314 911 1454 996 signifi-

137 1032 277 1091 catur:
314 1020 408 1081 undo
439 1028 510 1080 tam
541 1018 741 1083 incredibili
775 1020 907 1101 gaudio
940 1019 1090 1084 affectus
1121 1042 1196 1084 sum
1227 1029 1267 1084 ut
1297 1040 1454 1104 prorsus

139 1125 349 1196 dubitarim
373 1125 428 1187 cui
452 1124 672 1207 potissimum
698 1127 869 1209 gratulari
894 1129 1057 1208 debeam,
1081 1127 1301 1192 Beatitudini
1318 1127 1366 1191 V.
1394 1126 1454 1190 cui

142 1244 279 1303 tantus
311 1230 537 1313 pontificatus
570 1234 622 1313 (ut
655 1234 761 1296 audio
796 1244 832 1297 et
864 1236 960 1317 quod
984 1235 1167 1317 optabam)
1201 1255 1266 1298 nec
1297 1233 1455 1316 petendi

144 1362 225 1411 noc
252 1338 433 1421 cogitandi
458 1338 669 1421 contigerit,
702 1361 747 1403 an
772 1341 995 1422 pontificatui
1019 1342 1087 1424 ipsi
1120 1362 1162 1405 ac
1187 1361 1323 1405 summo
1348 1340 1456 1405 orbis

148 1445 404 1518 ecclesiastico
433 1445 654 1528 magistratui
686 1447 747 1528 qui
771 1468 865 1511 nunc
889 1450 1033 1513 tandem
1065 1447 1287 1532 splendidior
1310 1446 1453 1531 magni·

151 1553 392 1635 licontiorque
416 1551 605 1633 videbitur,
629 1563 818 1636 postquam
843 1555 905 1617 tali
928 1555 1006 1618 viro
1031 1556 1170 1620 delatus
1194 1565 1263 1636 est,
1289 1554 1349 1636 qui
1376 1553 1455 1618 suis

152 1660 349 1730 virtutibus
374 1669 409 1722 et
435 1659 651 1744 ornamentis
674 1659 720 1722 sit
742 1660 908 1742 dignitati
937 1662 1005 1744 ipsi
1030 1684 1135 1746 quam
1159 1661 1317 1743 suscepit
1339 1661 1453 1744 pluri·

154 1788 255 1839 mum
281 1764 473 1829 maiestatis
500 1768 690 1848 allaturus,
725 1788 771 1830 an
795 1768 914 1850 potius
939 1769 1130 1833 christiane
1155 1768 1351 1852 reipublice
1379 1789 1454 1850 que

155 1880 268 1945 taioni
301 1873 345 1935 sit
368 1873 571 1955 pontificem
601 1875 767 1938 habitura
798 1875 858 1956 qui
888 1877 991 1939 clavo
1014 1876 1217 1940 fluctuantis
1247 1874 1453 1958 apostolice

157 1983 290 2070 cymbo-
321 1978 479 2044 assidens
511 1982 698 2043 nauclerus
707 2029 715 2061 ,
747 1985 792 2044 ab
817 1982 1098 2064 impingentibus
1122 1982 1158 2044 in
1183 2001 1260 2044 eam
1290 1980 1454 2044 motibus

159 2094 243 2159 iiiuc
269 2087 506 2171 sanguinariis
530 2087 748 2150 Thurcarum
779 2087 903 2165 armis,
937 2089 1033 2152 illinc
1058 2088 1337 2152 heresiarcarum
1361 2097 1452 2152 tem·

160 2198 360 2287 postatibus
384 2216 425 2259 ac
450 2194 656 2277 impetuosis
681 2195 858 2277 procelliS,
882 2197 961 2260 Deo
987 2196 1218 2277 concedente,
1241 2195 1386 2258 fortiter
1407 2216 1453 2259 ac

161 2320 305 2375 strenuo
330 2304 443 2386 ipsam
469 2305 515 2366 ab
540 2302 634 2366 omni
654 2301 781 2365 iniuria
795 2303 989 2385 vindicare,
1015 2307 1235 2386 eandemque
1249 2304 1453 2386 prudenter

163 2410 341 2482 ruodorari
371 2429 569 2490 regereque
593 2410 721 2473 valeat.
769 2409 925 2472 Proinde
956 2431 977 2473 o
1002 2411 1095 2474 diem
1119 2412 1228 2473 letum
1251 2408 1453 2473 christiano

163 2520 239 2586 orbi
266 2516 516 2581 candidissimo
540 2518 733 2580 notandum
763 2518 919 2599 calculo,
945 2528 980 2581 et
1004 2519 1088 2582 mihi
1111 2518 1282 2601 precipue
1305 2536 1371 2599 pro
1399 2516 1452 2580 in·

164 2624 326 2693 credibili
358 2623 494 2687 meniu
520 2622 556 2686 S.
582 2624 625 2686 V.
657 2643 792 2686 summa
815 2644 957 2705 semper
981 2624 1211 2687 observantia
1243 2643 1307 2687 nec
1340 2624 1452 2688 unico

165 2731 357 2813 irrrtrgarito
381 2730 603 2811 signandum.
649 2730 775 2810 Itaque
805 2729 841 2792 in
865 2731 989 2812 primis
1013 2732 1054 2795 B.
1081 2732 1124 2794 V.
1156 2741 1194 2794 ut
1216 2729 1454 2813 pontificatus

165 2844 230 2907 isto
264 2839 330 2923 ipsi
365 2835 571 2919 sempiterni
603 2836 700 2900 laudi
733 2835 778 2899 sit
801 2836 998 2919 reipublice
1032 2848 1205 2921 perpetuo
1238 2837 1376 2901 faustus
1414 2845 1453 2902 e't

167 2947 249 3013 l'olix
284 2955 435 3029 exopto,
472 2945 691 3026 eandemque
716 2943 756 3006 B.
782 2943 826 3007 V.
857 2943 909 3006 uti
940 2965 1063 3008 verum
1088 2944 1218 3008 Christi
1242 2942 1455 3009 Servatoris

166 3052 275 3121 nostrl
312 3052 346 3114 in
382 3051 486 3115 terris
511 3050 692 3113 Vicarium
726 3070 768 3112 ac
803 3049 1041 3114 indubitatum
1070 3052 1168 3114 Petri
1204 3070 1453 3116 successorem

169 3163 401 3242 ltounquuo
433 3168 468 3222 et
492 3157 701 3223 universalis
726 3158 875 3220 ecclesie
899 3170 1080 3241 pastorem
1108 3168 1215 3240 atque
1239 3156 1453 3241 pontificem

167 3277 371 3337 tuvorontor
401 3269 516 3330 saluto
546 3275 653 3349 atque
677 3265 805 3344 adoro,
841 3286 979 3347 proque
1011 3266 1133 3329 debita
1165 3287 1206 3329 ac
1236 3265 1335 3329 filiali
1364 3268 1453 3332 obe-

166 3375 299 3441 diontia
324 3396 420 3453 inea,
444 3383 614 3456 quantum
637 3391 702 3455 per
726 3371 923 3435 absentiam
947 3372 1031 3436 licet
1055 3371 1132 3437 S¹¹¹⁰¹
1156 3374 1268 3456 pedes
1290 3373 1452 3438 devotis-

166 3483 251 3547 simo
277 3482 476 3561 oxosculor‚
501 3501 634 3561 oroque
656 3489 695 3543 ut
708 3500 764 3542 me
784 3478 867 3541 olim
886 3479 1089 3543 clientulum
1105 3500 1205 3543 suum
1229 3489 1265 3544 et
1281 3478 1453 3546 addictis·

166 3590 289 3656 niumm
313 3589 492 3654 servulum
517 3598 552 3651 et
576 3607 668 3650 nunc
686 3584 722 3649 S.
737 3586 781 3649 V.
808 3585 1135 3650 obedientissimum
1151 3585 1259 3649 filiurn
1275 3587 1454 3653 ecclesias

167 3720 262 3763 tultus
287 3716 419 3776 (minos,
444 3680 484 3758 ac
510 3693 662 3775 denique
687 3692 889 3756 universam
912 3714 1026 3756 meam
1051 3692 1220 3756 familiam
1244 3696 1310 3756 sub
1333 3693 1453 3776 ipsius

167 3807 325 3871 aruinam
350 3812 472 3887 utpote
497 3799 735 3885 pientissimus
759 3810 795 3862 et
818 3799 1109 3864 clementissimus
1126 3801 1234 3864 Pater
1253 3801 1454 3868 clementer

168 3923 387 3999 patruusque
412 3910 603 3974 fovendum
627 3907 867 3989 tuendumque
892 3908 1071 3990 suscipere
1095 3907 1354 3990 complectique
1371 3909 1452 3993 dig·

168 4029 278 4085 notur.
328 4018 370 4083 llt
394 4020 485 4080 bene
517 4027 553 4079 et
576 4013 728 4077 feliciter
751 4013 871 4076 valeat
895 4014 935 4077 Β.
960 4013 1005 4076 V.
1037 4034 1142 4096 quam
1166 4014 1264 4077 Deus
1289 4014 1451 4098 omnipo-

168 4139 245 4191 tous
276 4127 321 4191 iul
352 4122 449 4188 orbis
480 4120 770 4203 tranquillitatem
801 4131 836 4182 et
864 4120 947 4184 fidei
976 4141 1038 4183 sue
1071 4121 1326 4185 exaltationem
1356 4123 1452 4186 chri-

167 4235 279 4300 stiano
305 4230 500 4316 reipublice
523 4227 672 4310 gloriam
696 4237 908 4308 perpetuum
932 4237 1051 4291 servet
1074 4228 1295 4291 incolumem.

259 4359 385 4423 ilatum
410 4354 525 4418 llallis
549 4352 607 4416 die
631 4351 687 4414 IX
711 4352 922 4415 Decembris
945 4352 1163 4415 MDXXIII.

699 4591 820 4608 γνννφ-νιν,
825 4594 905 4610 ’ΝΜ
