3330 5580
709 471 957 533 esset&

187 625 250 689 ille
275 622 387 688 videri
412 621 526 706 possit
550 625 596 686 ab
620 624 687 685 hac
711 622 866 686 factione
895 622 1005 686 luisse
1039 623 1097 687 vel
1130 642 1208 688 esse
1240 643 1386 706 prorsus
1414 622 1471 688 hn-

190 733 318 796 munis.
366 731 480 812 Quam
505 734 552 793 ob
577 751 651 793 rem
669 734 787 793 multis
802 746 954 815 apparet
978 752 1048 794 non
1067 753 1145 795 esse
1161 732 1263 795 nimis
1277 735 1474 796 consultum

189 838 281 901 S¹¹¹¹¹¹²³
305 841 349 901 D.
374 839 416 900 N.
440 841 497 900 vel
523 838 693 900 brevibus
716 839 762 899 ad
786 839 963 901 hominem
989 839 1140 920 scriptis.
1165 841 1221 901 vel
1239 838 1342 902 lactis
1358 854 1470 903 osten»

189 949 277 1009 dere
303 965 341 1008 se
366 946 556 1007 admodum
582 947 638 1006 vel
665 944 893 1027 magnificare
918 947 974 1007 vel
999 946 1106 1007 etiam
1131 945 1254 1008 timere
1279 946 1388 1021 illum,
1413 960 1473 1010 aut

190 1066 340 1136 propter
372 1072 452 1115 eum
488 1053 671 1132 imponere
704 1051 881 1114 silentium
912 1052 1016 1114 bonis
1052 1062 1087 1114 et
1118 1052 1243 1114 zelosis
1273 1053 1474 1117 hominibus

191 1161 327 1242 scripta
351 1159 427 1221 eius
451 1159 577 1221 merito
601 1171 637 1220 et
661 1160 862 1220 necessario
896 1158 1097 1221 hominibus
1125 1171 1291 1240 suspecta
1325 1162 1469 1223 redden·

190 1267 285 1329 tibus
303 1278 338 1328 et
353 1267 388 1327 in
404 1265 533 1347 quibus
546 1286 629 1327 vere
645 1264 940 1346 reprehensibilia
958 1278 1036 1327 sunt
1055 1286 1097 1327 ea
1114 1266 1473 1346 reprehendentibus:

191 1394 238 1436 ne
271 1372 439 1435 videlicet
467 1372 527 1433 alii
559 1373 733 1451 Theologi
774 1384 809 1433 et
840 1372 1106 1452 praedicatores
1136 1392 1205 1434 non
1236 1392 1346 1456 usque
1381 1375 1472 1437 adeo

191 1479 331 1557 fervidi,
356 1482 423 1541 hoc
454 1489 642 1541 cernentes
667 1478 860 1560 tepidiores
883 1479 1079 1541 reddantur
1102 1479 1147 1540 ad
1172 1479 1408 1543 obiiciendum
1434 1502 1472 1543 se

190 1586 303 1649 rabiei
328 1586 610 1647 lutheranorum
636 1601 670 1646 et
696 1585 790 1648 mille
814 1585 991 1666 periculis.
1039 1585 1080 1646 Id
1104 1586 1199 1666 quod
1221 1587 1286 1648 hoc
1311 1598 1472 1668 tempore

191 1693 343 1756 maxime
366 1694 563 1754 cavendum
588 1704 651 1769 est,
677 1711 754 1754 cum
779 1692 862 1755 inde
887 1695 1032 1755 multum
1057 1693 1135 1774 plus
1160 1693 1242 1755 mali
1266 1708 1473 1775 sequeretur

193 1821 300 1881 quam
325 1801 353 1861 si
378 1800 545 1862 Erasmus
568 1819 589 1859 a
614 1796 707 1860 SS¹²¹⁰
732 1799 797 1861 D¹¹⁰
819 1799 859 1861 N.
886 1810 1109 1880 contemptus
1133 1801 1178 1862 de
1195 1799 1366 1863 industrie
1391 1803 1469 1865 scri·

191 1910 295 1970 beret
335 1907 369 1968 in
406 1906 481 1968 eius
512 1906 745 1967 Sanctitatem
778 1917 813 1968 et
849 1905 1050 1969 universam
1083 1909 1233 1985 bedem,
1264 1922 1387 1991 utpote
1414 1911 1470 1991 qui

191 2015 298 2076 etiarn
321 2013 351 2075 si
374 2011 528 2093 pessime
552 2012 708 2074 scribere
733 2024 932 2089 conaretur,
959 2011 1080 2094 peiora
1105 2013 1146 2075 iis
1179 2036 1270 2096 quae
1299 2016 1472 2079 lutherus

192 2120 333 2201 scripsit
358 2121 514 2181 scribere
541 2140 609 2181 non
635 2134 765 2201 posset.
823 2120 948 2182 Sciunt
976 2133 1164 2202 praeterea
1196 2142 1318 2184 omnes
1343 2124 1470 2186 eruditi

192 2240 227 2290 et
251 2228 357 2288 etiam
383 2237 480 2307 magl
502 2225 757 2287 hieruditorum
789 2246 810 2288 a
841 2227 944 2290 bonis
975 2228 1281 2309 praedicatoribus
1312 2229 1472 2294 instructi

190 2353 295 2415 quam
320 2353 446 2413 parum
470 2331 553 2393 fidei
578 2332 804 2395 tribuendum
830 2333 874 2395 sit
891 2333 1036 2396 Erasmo
1060 2334 1093 2397 in
1121 2337 1227 2397 rebus
1252 2337 1472 2417 theologicis,

191 2461 268 2502 cum
286 2440 320 2501 in
337 2439 454 2520 patria
470 2438 651 2520 utriusque
669 2439 812 2521 linguae
828 2451 863 2502 et
882 2440 1134 2522 grammaticae
1150 2453 1256 2523 atque
1276 2444 1472 2507 meraritae.

190 2551 334 2609 multum
359 2546 501 2608 omnino
526 2549 571 2607 sit
599 2547 833 2627 tribuendum,
858 2548 950 2610 intra
979 2568 1126 2629 quarum
1158 2549 1356 2628 linguarum
1389 2552 1470 2614 arti·

191 2674 319 2734 umque
344 2653 472 2715 limites
497 2653 524 2714 si
541 2636 619 2715 sese
636 2654 877 2734 continuisset,
896 2674 964 2716 non
984 2655 1074 2717 adeo
1092 2654 1281 2718 infeliciter
1305 2669 1471 2738 tanquam

191 2781 304 2841 parvo
328 2760 445 2821 fructu
471 2780 549 2822 sese
573 2763 680 2822 rebus
704 2761 915 2841 theologicis
940 2760 1157 2841 ingessisset.
1206 2761 1330 2843 Neque
1355 2776 1471 2827 tamen

192 2867 396 2947 negaverim
423 2887 501 2928 eum
527 2871 635 2929 multa
668 2867 852 2949 scripsisse
883 2870 978 2930 bona
1010 2881 1115 2950 etque
1151 2868 1249 2931 utilia
1280 2884 1313 2930 et
1346 2869 1473 2951 ‹prihus

191 2974 339 3036 studiosi
363 2973 466 3035 etiam
493 2973 696 3053 theologiae
722 2994 790 3035 non
815 2994 939 3055 parurn
965 2974 1124 3037 adiuvari
1150 2975 1286 3056 possint
1317 2975 1343 3037 si
1370 2989 1473 3039 (aute

191 3090 226 3143 et
255 3101 331 3142 curn
356 3080 486 3141 iudicio
512 3100 554 3142 ea
579 3083 719 3161 legant;
756 3081 818 3141 sed
850 3092 998 3162 propter
1030 3082 1133 3142 valde
1169 3083 1275 3144 multu
1312 3103 1402 3163 quae
1437 3084 1470 3146 in

191 3187 241 3249 eis
265 3187 383 3249 insunt
399 3189 456 3248 vel
481 3208 630 3249 erronea
655 3188 711 3249 vel
736 3189 948 3249 scandaloso
973 3190 1028 3250 vel
1054 3188 1190 3269 piarum
1212 3188 1347 3251 aurium
1364 3190 1458 3253 olli-n

191 3295 276 3374 siva,
303 3295 485 3357 crederem
511 3315 579 3376 ego
612 3295 726 3376 magis
751 3295 991 3377 profecturum
1023 3295 1132 3359 fuisse
1157 3294 1378 3359 Christianae
1410 3297 1458 3359 rei

191 3402 355 3485 publicae
385 3403 413 3463 si
439 3401 604 3463 Erasmus
640 3402 726 3464 nihil
763 3402 904 3465 omnine
939 3403 983 3465 de
1017 3404 1123 3464 rebus
1154 3401 1366 3483 theologicis
1395 3402 1457 3465 atti

190 3511 302 3592 gisset
335 3510 392 3570 vel
427 3508 637 3590 scripsisset.
700 3510 810 3571 lmmo
843 3530 911 3572 non
954 3511 1081 3571 desunt
1113 3509 1170 3591 qui
1202 3520 1328 3591 putent
1361 3509 1473 3574 ntinus

191 3618 388 3680 nociturum
413 3617 522 3678 fuisse
547 3617 574 3677 si
601 3627 724 3698 aperte
749 3637 814 3698 pro
832 3617 987 3679 ¹luthero
1012 3616 1168 3680 stetisset
1192 3638 1296 3698 quatu
1323 3627 1472 3699 utroquo

192 3726 285 3805 pede
310 3724 545 3786 claudicando
571 3736 605 3785 et
630 3725 719 3785 duos
744 3726 793 3803 (ut
818 3723 852 3785 in
878 3722 1015 3801 adamis
1041 3723 1115 3786 eius
1140 3728 1204 3804 est)
1240 3723 1394 3807 parietes
1426 3745 1468 3787 ex

190 3853 259 3894 una
284 3830 402 3892 fidelia
426 3831 637 3907 dealbando,
664 3851 753 3892 nunc
771 3831 827 3892 uni
846 3850 937 3892 nunc
956 3831 1056 3893 alteri
1082 3832 1174 3913 parti
1200 3831 1311 3895 videri
1338 3832 1453 3895 adhue

190 3959 268 4000 rere
294 3940 401 4008 velle;
434 3938 624 4018 dicuntque
654 3938 819 3999 doctores
853 3939 931 4019 plus
963 3957 1091 4000 nocere
1122 3958 1185 4001 erm
1218 3937 1276 4019 qui
1311 3948 1471 4019 ternpore

191 4045 417 4107 schismatum
453 4046 569 4124 (quale
610 4062 703 4105 nunc
733 4054 786 4106 est
821 4043 854 4105 in
893 4043 1050 4107 Ecclesia
1082 4046 1149 4107 ehu
1176 4044 1316 4107 nimium
1342 4052 1467 4125 grove)

192 4151 373 4231 utriusque
397 4150 530 4231 pariter
555 4161 589 4212 et
615 4150 772 4212 neutrius
796 4150 908 4232 partis
933 4172 1012 4212 esse
1038 4150 1171 4228 volunt,
1195 4171 1299 4232 quern
1324 4151 1468 4235 eosqui

192 4263 298 4339 plane
324 4279 427 4320 unam
452 4270 590 4339 partem
615 4258 719 4321 etiarn
745 4257 957 4320 deteriorem
982 4259 1251 4340 amplectuntur.
1312 4257 1375 4321 llis
1409 4258 1467 4322 ita·

196 4387 265 4448 que
290 4381 325 4428 et
350 4365 521 4428 similibus
546 4365 742 4428 rationibus
767 4364 906 4427 videtur
930 4365 1025 4446 qnod
1053 4364 1161 4425 SSffl'·
1182 4364 1221 4431 h,
1240 4363 1280 4428 h.
1298 4376 1332 4428 et
1355 4378 1469 4429 rev·¹¹‘¹·

193 4583 315 4642 Lugduni
331 4585 421 4632 Batav.
445 4582 521 4643 1705)
562 4582 670 4644 Atipsa
690 4580 722 4627 ad
739 4578 951 4627 Melanchtonetu
972 4579 1051 4628 tuisne
1070 4580 1183 4643 opidohi
1202 4581 1245 4630 ute
1265 4586 1289 4635 o,
1309 4586 1381 4647 hetti.
1407 4592 1470 4647 ¹5²4

192 4680 242 4711 non
263 4664 343 4710 dubie
363 4663 478 4710 ostendit
499 4664 614 4710 lennem
635 4678 688 4725 «tuo
709 4662 849 4715 Erastrtus,
867 4661 915 4709 uiti
941 4661 1044 4717 tttttttitt,
1071 4670 1141 4709 rene
1160 4660 1242 4709 titolo
1264 4662 1370 4711 botheri
1390 4677 1472 4725 torreto

191 4754 216 4791 et
236 4745 333 4807 scripta
353 4744 569 4807 prosequebatur.
609 4744 732 4790 Nondum
752 4741 820 4788 enirn
842 4741 866 4789 in
891 4756 950 4789 curn
977 4750 1068 4805 arteria
1092 4742 1213 4790 convictu
1244 4740 1401 4803 hetheloni,
1426 4758 1472 4811 ope

192 4841 280 4872 secum
301 4825 375 4873 illum
397 4825 511 4873 habendi
532 4825 643 4890 perdita,
664 4824 815 4879 iniecerant,
835 4821 901 4871 sicut
922 4821 1004 4869 aerius
1024 4824 1134 4875 lection,
