3344 5564
707 461 953 520 fluctuum

191 605 369 691 intelligit.
416 610 505 673 Nam
530 622 566 674 et
590 632 772 694 expensae
796 632 862 695 per
890 631 947 674 me
978 609 1123 672 habitae
1155 608 1189 671 in
1222 606 1472 689 impetratione

191 716 344 797 Judicis,
374 717 410 779 in
435 717 620 799 citatione,
648 719 683 782 in
709 739 879 801 processu
903 716 1104 797 iudiciari0,
1136 736 1257 779 omnes
1289 726 1371 777 sunt
1394 734 1471 796 per-

192 823 287 885 ditae
311 844 377 905 per
399 824 599 888 huiusmodi
634 826 917 906 revocationem,
941 824 1119 903 similiter,
1151 833 1187 886 et
1216 825 1321 885 labor
1344 820 1473 893 omnis;

193 938 228 991 et
252 941 290 992 ut
314 930 437 994 maiori
462 951 666 1015 exponeret
689 931 860 1012 ludibri0,
893 952 948 994 me
972 934 1156 994 absentem
1181 929 1390 993 Curtisanus
1416 927 1474 990 ille

192 1035 316 1099 citavit
339 1036 375 1099 in
400 1040 514 1101 valvis
538 1037 729 1103 Ecclesiae.
776 1039 907 1101 Merito
932 1038 1127 1116 excandui,
1152 1058 1230 1100 cum
1254 1035 1331 1100 heri
1355 1054 1473 1098 rever·

193 1164 251 1206 sus
275 1143 336 1206 illa
360 1145 533 1209 relatione
557 1146 748 1209 amicorum
773 1146 1025 1230 intelligerem3
1056 1146 1120 1208 sed
1151 1145 1252 1207 huius
1276 1143 1328 1206 rei
1353 1161 1475 1205 curam

193 1247 228 1315 S.
246 1250 285 1312 T.
303 1250 462 1332 Datario,
487 1263 547 1315 aut
562 1251 666 1315 alicui
682 1253 784 1316 alteri
801 1252 1012 1327 committat;
1037 1261 1182 1334 paratus
1199 1272 1276 1314 sum
1290 1248 1474 1330 suscipere

192 1355 375 1436 iustitiam,
405 1360 512 1421 modo
543 1356 578 1423 S.
612 1359 652 1422 T.
684 1359 879 1423 committat
903 1380 1060 1432 causam;
1086 1358 1202 1439 Judici
1232 1357 1267 1420 in
1301 1356 1475 1440 partibus,

194 1464 251 1544 qui
275 1465 389 1546 possit
417 1486 481 1547 per
504 1475 614 1529 testes
639 1468 798 1530 oculatos
822 1467 1009 1530 veritatem
1025 1465 1191 1549 experiri,
1208 1473 1268 1527 aut
1284 1464 1313 1527 si
1327 1462 1473 1526 omnino

194 1572 334 1635 Romae
368 1573 624 1654 experiendum
663 1585 716 1637 est
747 1576 792 1638 de
824 1575 920 1654 iure,
950 1595 1021 1637 non
1055 1573 1237 1657 permittat
1273 1569 1309 1635 S.
1344 1570 1386 1634 T.
1419 1589 1475 1632 me

193 1678 320 1757 rotari,
354 1680 418 1741 sed
447 1681 641 1744 committat
666 1682 769 1744 alicui
804 1702 849 1744 ex
874 1679 1199 1743 Reverendissimis
1223 1676 1475 1741 Cardinalibus

194 1785 237 1847 D.
263 1785 421 1849 Antonio
445 1789 490 1850 de
514 1788 648 1869 Monte,
684 1797 744 1850 aut
767 1789 811 1850 D.
837 1788 945 1851 Petro
970 1786 1212 1867 Anconitan0,
1244 1794 1305 1848 aut
1333 1785 1378 1847 D.
1404 1783 1474 1847 Do-

193 1891 321 1955 minico
355 1895 400 1956 de
431 1894 644 1976 Jacobatiis,
686 1896 744 1977 qui
775 1895 1018 1978 appellatione
1051 1902 1187 1958 remota
1217 1891 1408 1955 summarie
1440 1899 1475 1952 et

194 1998 400 2080 simpliciter
424 2013 619 2082 cognoscat
643 2004 687 2065 de
712 2003 886 2084 equitate,
919 2012 954 2064 et
984 1999 1116 2063 iustitia
1140 2019 1279 2062 causae.
1327 1995 1367 2060 Si
1390 1995 1475 2059 fide·

196 2104 274 2167 liter
299 2106 469 2170 servirem
494 2107 636 2171 minimo
661 2109 789 2190 nobili,
814 2109 873 2172 ille
898 2108 1094 2190 susciperet
1118 2128 1173 2170 me
1197 2105 1475 2184 defendendum,

195 2222 328 2292 quanto
353 2214 466 2294 magis
498 2212 556 2278 Se.
589 2217 657 2298 Ap.
691 2215 748 2278 cui
777 2216 845 2278 iam
876 2225 929 2278 tot
959 2212 1060 2276 annis
1090 2212 1293 2276 fidelissime
1318 2232 1399 2274 cum
1424 2222 1477 2274 tot

195 2318 388 2399 laboribus,
413 2332 449 2383 et
472 2321 640 2403 periculis
664 2322 812 2400 servivi,
844 2343 914 2385 non
944 2321 1122 2402 relinquat
1152 2341 1207 2383 me
1238 2319 1476 2383 indefensum.

196 2422 231 2486 S.
249 2425 288 2490 T.
304 2427 437 2489 habeat
453 2428 639 2510 negocium
664 2427 748 2491 fidei
765 2430 1058 2509 commendatum,
1074 2429 1158 2491 licet
1174 2427 1348 2491 Catholici
1362 2426 1477 2490 ferme

196 2552 317 2594 omnes
331 2535 522 2615 desperent
534 2535 691 2598 haeresis
705 2535 978 2619 extirpationem
995 2535 1061 2599 nisi
1080 2535 1212 2599 Caesar
1228 2556 1292 2597 sua
1309 2554 1476 2616 praesen·

196 2637 245 2701 tia
268 2639 405 2704 iuverit.
452 2642 550 2704 Deus
575 2640 657 2725 Opt.
682 2643 780 2708 Max.
805 2642 838 2706 S.
864 2643 903 2706 T.
928 2653 1079 2722 tueatur,
1104 2662 1145 2705 ac
1171 2641 1312 2723 dirigat.

284 2746 494 2827 Ingolstadii
518 2748 638 2812 XVII.
663 2747 884 2831 Septembris
909 2751 1016 2814 Anno
1040 2749 1177 2832 gratiae
1202 2749 1405 2813 MDXXV.

357 2852 391 2918 S.
417 2856 456 2919 T.

1111 2963 1283 3012 Humillimus
1303 2964 1423 3012 Servitor

1177 3051 1216 3112 tv.
1235 3050 1350 3112 Μαι.

797 3465 861 3529 256

398 3591 605 3671 willelmus
632 3590 822 3671 Palatinus
850 3589 967 3669 Rheni
995 3587 1166 3668 Clementi
1193 3588 1272 3669 tut

621 3747 703 3816 (hill.
721 3746 881 3820 Principum
899 3745 921 3803 1.
940 3743 985 3803 fol.
1005 3745 1057 3814 tt.)

712 3889 763 3940 124.
783 3877 855 3940 Sept.
878 3878 962 3937 1525.)

288 4018 472 4081 Neminem
497 4018 667 4101 praeterit
691 4018 732 4080 B.
758 4017 797 4080 P.
830 4017 975 4099 dignum
1005 4014 1083 4078 fore
1117 4027 1152 4077 et
1176 4014 1303 4078 rationi
1329 4035 1477 4078 consen·

199 4136 359 4206 taneum,
391 4136 429 4187 ut
459 4145 536 4204 eos,
570 4123 628 4206 qui
665 4126 788 4187 sedula
820 4123 923 4185 nobis
956 4121 1141 4203 vigilantia
1173 4120 1388 4200 inserviunt,
1421 4142 1478 4185 ve·

199 4237 384 4296 hementer
399 4251 540 4313 quoque
557 4231 738 4293 favoribus
755 4249 1024 4312 prosequamur,
1036 4248 1076 4290 ac
1094 4227 1262 4291 molestiis
1286 4228 1477 4310 presertim

200 4339 368 4403 indebitis
391 4342 559 4402 levemus.
607 4336 709 4418 Quod
743 4335 872 4399 Sedem
904 4335 1149 4416 Apostolicam
1178 4334 1238 4396 ubi
1267 4334 1479 4416 benignissi-

201 4468 291 4510 mam
326 4468 366 4508 ac
410 4446 601 4528 piissimam
641 4443 735 4506 circa
769 4463 852 4505 suos
892 4441 1083 4504 servitores
1118 4441 1240 4502 sedulo
1284 4444 1480 4505 observare

200 4575 271 4616 non
308 4553 527 4631 dubitamuS,
569 4571 677 4631 quare
720 4551 858 4613 facilius
894 4549 1047 4611 animum
1081 4547 1283 4610 induximus
1319 4558 1479 4612 nostrum

201 4682 265 4744 pro
296 4661 392 4724 fideli
430 4671 551 4723 nostro
592 4669 626 4721 et
667 4658 770 4720 nobis
804 4657 933 4719 dilecto
962 4657 1124 4734 Johanne
1154 4655 1265 4717 Echio
1297 4655 1479 4718 ordinario

202 4769 409 4832 Professore
434 4780 470 4830 et
494 4788 559 4850 pro
585 4765 804 4829 Cancellario
836 4763 942 4826 studii
973 4763 1083 4825 nostri
1107 4761 1285 4844 generalis
1309 4760 1476 4843 ingolsta-
