3330 5580
703 448 949 508 ecesse*

187 603 299 664 malos
323 601 647 684 exploratissimum
671 611 767 664 certe
793 610 847 663 est
871 610 931 663 aut
954 599 1041 663 nihil
1065 607 1126 661 aut
1140 597 1334 660 admodum
1348 614 1472 680 parum

187 708 355 792 praesidii
379 709 415 772 in
439 708 509 772 illis
532 707 647 773 situm.

276 815 316 878 ln
341 816 432 878 hanc
456 817 579 878 horam
595 835 707 896 usque
723 813 1063 897 Wittembergensis
1086 813 1210 878 schola
1232 822 1310 876 toto
1326 822 1474 895 pectore

187 924 359 985 incumbit
386 924 431 984 ad
461 923 729 1003 provehendam
755 922 1026 985 commotionem
1050 920 1234 1003 nephariis
1257 919 1332 982 suis
1357 918 1473 1003 dispu-

189 1030 384 1093 tationibus
409 1040 444 1092 et
468 1029 610 1111 scriptis
639 1029 851 1100 maledictis;
883 1028 1140 1091 calumniantur
1172 1035 1272 1101 vota;
1304 1027 1475 1089 damnant

188 1137 223 1201 in
239 1137 440 1200 universum
458 1137 721 1199 confessionem
746 1136 826 1199 oris
874 1135 1066 1199 Affirmant
1086 1154 1238 1217 peccare
1254 1142 1291 1196 et
1307 1134 1475 1197 schisma·

189 1245 233 1307 tis
258 1265 337 1311 esse
362 1264 444 1306 reos
468 1244 680 1325 quicumque
696 1242 887 1307 Sanctitati
911 1253 1053 1306 vestrae
1078 1245 1342 1323 obsequuntur;
1367 1261 1477 1323 super

190 1352 338 1414 articulo
364 1349 693 1413 communicationis
717 1353 783 1412 sub
807 1350 927 1432 specie
951 1350 1054 1431 panis
1069 1348 1321 1412 commendant
1337 1368 1476 1410 rursum

191 1460 368 1521 Bohemos
393 1468 560 1538 tanquam
577 1477 746 1540 germane
771 1456 992 1520 christianos.
1030 1457 1084 1519 Ac
1101 1455 1206 1518 editis
1223 1454 1380 1518 scedulis
1405 1463 1476 1517 tam

192 1567 401 1647 blasphema
424 1563 492 1647 ipsi
517 1563 648 1647 passim
674 1564 871 1647 divulgant.

280 1672 320 1735 In
346 1671 423 1734 dies
446 1680 530 1753 post
553 1671 707 1734 omnium
724 1673 898 1734 bonorum
915 1668 1071 1731 virorum
1095 1679 1270 1750 conatum,
1295 1678 1378 1751 post
1403 1670 1477 1731 bul·

190 1780 259 1840 lam
285 1777 522 1840 Beatitudinis
555 1785 698 1840 vestrae
730 1786 766 1840 et
790 1776 1003 1839 Caesareum
1036 1776 1189 1837 edictum
1223 1775 1258 1837 in
1283 1776 1476 1843 Martinum

192 1897 227 1948 et
245 1885 446 1965 complices,
464 1893 639 1965 augentur
654 1883 756 1965 copie
772 1883 1062 1960 lutheranorum,
1088 1882 1228 1963 iamque
1243 1882 1416 1946 rarissimi
1430 1883 1477 1946 in·

191 1993 381 2056 veniuntur
406 1991 486 2053 laici
511 1991 570 2072 qui
596 1990 748 2052 candide
773 1999 809 2052 et
828 1990 1034 2071 simpliciter
1050 1989 1197 2052 faveant
1213 1989 1479 2071 ecclesiasticis,

193 2101 255 2162 sed
281 2108 316 2161 et
340 2101 436 2161 bona
460 2117 544 2181 pars
569 2098 793 2159 sacerdotum
822 2095 908 2159 lacit
939 2116 1018 2158 cum
1043 2096 1200 2159 Luthero
1225 2106 1260 2159 et
1283 2098 1478 2180 plerosque

193 2209 304 2288 pudet
327 2214 423 2268 stare
449 2226 469 2266 a
494 2213 596 2285 parte
613 2204 780 2266 Romane
804 2202 975 2282 Ecclesia,
1001 2203 1091 2265 adeo
1108 2202 1258 2265 invisum
1277 2212 1332 2266 est
1347 2225 1479 2267 nomen

194 2315 449 2376 curtisanorum
475 2322 511 2374 et
535 2312 758 2373 decretorum
783 2309 1014 2373 beatitudinis
1038 2321 1157 2372 vestre
1181 2330 1249 2391 que
1266 2314 1400 2392 magno
1425 2332 1478 2373 su·

194 2420 341 2502 percilio
365 2428 447 2501 post
471 2418 820 2500 Wittembergenses
845 2426 881 2480 et
905 2416 963 2479 alii
987 2437 1129 2499 quoque
1154 2417 1326 2481 reiiciunt.

283 2526 533 2588 Erfordienses
558 2524 689 2588 subditi
714 2525 799 2587 dicti
813 2533 999 2587 creaturae
1023 2535 1165 2587 vestrae
1190 2525 1252 2587 sed
1278 2526 1419 2606 perfidi,
1444 2524 1478 2587 in

195 2636 335 2697 Ducatu
364 2633 451 2696 illmi
477 2630 658 2695 Saxoniae
682 2632 792 2694 Ducis
817 2631 981 2694 electoris
1010 2641 1076 2695 etc.
1108 2639 1291 2694 manentes
1320 2632 1480 2695 excitato

196 2761 310 2824 nuper
334 2739 583 2803 seditiosorum
609 2740 770 2818 tumultu,
795 2738 1038 2801 dissimulante
1063 2748 1188 2801 senatu
1211 2738 1396 2820 utriusque
1421 2740 1480 2803 de·

196 2847 275 2910 cani
299 2859 369 2909 tam
396 2847 500 2908 divae
525 2845 674 2926 virginis
698 2866 803 2926 quam
828 2845 941 2907 sancti
967 2845 1082 2907 severi
1108 2866 1149 2908 ac
1172 2855 1253 2908 octo
1278 2855 1313 2908 et
1329 2847 1480 2928 quadra·

196 2954 297 3036 ginta
321 2952 470 3015 aliorum
494 2951 748 3014 canonicorum
772 2961 808 3014 et
832 2952 1043 3014 vicariorum
1069 2953 1337 3033 collegiatarum
1368 2957 1480 3018 eccle·

196 3061 325 3123 siarum
350 3061 460 3122 aedes
485 3060 709 3140 diripuerunt
733 3068 910 3141 nocteque
934 3069 969 3122 et
993 3060 1086 3122 inter
1109 3061 1168 3122 diu
1184 3060 1320 3123 foribus
1337 3063 1481 3125 aedium

196 3166 396 3230 huiusmodi
413 3166 645 3246 comminutis,
671 3165 793 3228 fractis
807 3165 983 3245 fenestris,
1006 3166 1147 3245 mensis,
1172 3168 1351 3247 tabulatiS,
1377 3168 1481 3250 arcis,

197 3273 358 3336 armariis
381 3273 480 3335 libris
504 3272 671 3353 omnique
695 3271 765 3334 alio
790 3273 1038 3354 suppellectile
1064 3282 1099 3335 et
1123 3273 1286 3337 dissectis
1299 3276 1481 3339 variorum

196 3379 345 3442 vinculis
370 3378 572 3441 effuderunt
596 3378 679 3440 vina
697 3388 732 3440 et
749 3380 968 3445 cerevisiam.
1017 3382 1074 3444 Ad
1090 3383 1180 3444 haec
1196 3392 1325 3462 vestes,
1342 3402 1481 3463 carnee,

198 3487 351 3550 butirum
377 3496 411 3548 et
436 3486 573 3567 reliqua
597 3488 789 3565 esculenta,
815 3487 1002 3567 pecuniam
1027 3508 1179 3570 quoque,
1205 3499 1378 3570 argentea
1394 3511 1483 3553 vasa

198 3605 233 3657 et
262 3592 426 3656 clenodia
450 3611 568 3654 secum
594 3594 829 3655 abstulerunt.
878 3594 1048 3657 Preterea
1071 3594 1105 3657 in
1123 3597 1263 3658 domurn
1280 3597 1482 3660 consistorii

198 3699 393 3782 praepositi
409 3698 592 3780 utriusque
616 3699 792 3761 ecclesiae
816 3699 991 3763 irruentes
1015 3722 1093 3763 eam
1110 3711 1219 3764 totam
1238 3705 1482 3784 devastarunt,

199 3818 327 3870 tectum
354 3806 609 3887 confregerunt
633 3815 669 3868 et
686 3806 853 3887 quicquid
871 3807 1051 3887 librorum,
1076 3818 1236 3871 actorum
1253 3808 1482 3890 iudicialium,

199 3914 440 3996 depositarum
457 3913 651 3975 litterarum
670 3922 705 3975 et
719 3923 1022 3976 monumentorum
1036 3926 1272 3996 reppererunt
1286 3915 1483 3999 discerpse-

199 4031 289 4085 runt.
338 4020 462 4101 Neque
487 4029 594 4081 antea
618 4041 639 4082 a
663 4022 915 4101 prosequendo
941 4022 1036 4083 clero
1054 4031 1108 4083 est
1125 4022 1275 4084 desitum
1291 4042 1398 4104 quarn
1423 4026 1484 4088 ubi

199 4128 408 4210 perterritus
424 4128 458 4190 in
476 4126 660 4189 tuitionem
676 4148 755 4189 sese
771 4136 916 4189 senatus
934 4128 1100 4208 dedisset,
1127 4129 1485 4213 eiusquepresidium

199 4236 434 4315 implorasset.
482 4231 636 4295 Senatus
653 4232 762 4296 nihilo
780 4233 889 4296 setius
904 4255 925 4295 a
941 4236 1186 4298 sacerdotibus
1204 4246 1238 4298 et
1254 4237 1350 4299 clero
1368 4238 1485 4302 huius·

201 4341 295 4404 modi
321 4341 443 4423 exegit
467 4340 635 4402 articulos
660 4342 831 4422 quosdam
862 4342 1171 4422 nephandissimos
1202 4352 1326 4424 utpote
1354 4345 1486 4425 quibus

201 4449 246 4511 ad
280 4468 442 4530 quaeque
474 4446 619 4509 sordida
648 4455 685 4509 et
716 4447 835 4510 civilia
864 4469 975 4512 onera
1005 4451 1191 4512 subeunda
1214 4470 1256 4513 ac
1280 4450 1327 4512 ad
1351 4451 1487 4516 tributa

201 4555 392 4637 pendenda
416 4563 453 4615 ut
477 4553 651 4634 reliquum
674 4555 804 4636 vulgus
829 4558 1106 4637 perpelleretur;
1131 4559 1311 4639 multaque
1326 4558 1396 4620 alia
1414 4580 1487 4623 non

203 4663 316 4725 solum
347 4682 438 4743 quae
469 4661 605 4723 faciunt
635 4662 808 4724 adversus
832 4662 1033 4727 libertatem
1059 4655 1335 4727 ecclesiasticam
1361 4668 1486 4731 sedet

203 4768 288 4831 iuris
312 4771 498 4831 humanam
524 4767 739 4849 aequitatem
764 4772 977 4833 subvertunt
1001 4773 1047 4833 ab
1065 4771 1197 4833 eisdem
1215 4783 1426 4856 exegerunt,
1451 4785 1489 4837 et
