3330 5580
713 476 955 538 *sedeo

192 626 226 692 io
251 626 356 692 andai
381 651 401 690 a
428 628 575 691 Palazzo
601 648 665 709 per
690 629 744 690 far
768 627 904 709 sigillat
932 629 1060 690 alcuno
1093 627 1127 688 di
1152 627 1268 709 questi
1301 628 1412 692 edicti
1441 642 1474 693 et

193 736 250 818 qui
277 734 350 799 Sua
373 734 510 797 Maesti
535 735 581 797 mi
606 736 841 798 raccomandd
866 736 965 797 detta
989 755 1095 797 causa
1119 756 1229 800 ancor
1253 736 1386 800 iterato
1411 740 1473 801 che

192 865 230 906 se
256 844 431 905 scrivesse
457 863 477 904 a
502 842 543 906 N.
562 839 597 906 S.
624 843 719 904 della
743 841 867 904 melior
890 852 986 904 sorte
1010 840 1108 905 fusse
1130 842 1319 924 possibile,
1344 845 1474 926 perchd

192 972 231 1014 re
255 971 341 1012 vera
366 949 475 1012 Cesar
499 950 608 1011 molto
632 949 820 1012 volentieri
845 948 880 1011 fa
906 949 1074 1030 appiacer
1091 952 1125 1013 al
1140 951 1323 1033 Episcopo
1346 963 1382 1016 et
1399 975 1473 1036 pre·

192 1058 312 1120 sertim
337 1056 446 1138 dopoi
471 1067 594 1138 questa
620 1056 790 1118 mutation
817 1057 875 1119 del
900 1056 1052 1119 fratello,

281 1163 453 1246 Supplico
478 1165 544 1225 che
568 1164 603 1225 in
628 1173 755 1244 questa
778 1183 885 1225 causa
918 1183 956 1225 se
981 1163 1105 1225 habbii
1136 1166 1245 1227 molto
1278 1185 1371 1246 gran
1405 1189 1472 1232 res-

191 1282 293 1354 pesto
318 1292 339 1332 a
363 1272 463 1333 detto
488 1271 658 1352 episcopo
691 1271 724 1331 el
747 1271 830 1351 qual
854 1271 1020 1332 havendo
1045 1290 1151 1351 speso
1178 1291 1215 1349 ²3
1244 1271 1328 1335 mila
1354 1275 1473 1339 ducati

191 1378 226 1441 in
251 1380 285 1440 la
310 1378 516 1460 expedition
542 1378 723 1441 valentina
739 1398 817 1440 cum
833 1377 1033 1439 retentione
1049 1387 1115 1439 etc.
1141 1379 1206 1441 che
1230 1380 1249 1441 ἐ
1275 1382 1307 1443 la
1335 1393 1475 1446 entrata

192 1486 227 1548 di
251 1486 337 1548 sorsi
362 1496 416 1548 tre
441 1485 542 1566 anni,
576 1486 816 1567 computando
849 1486 869 1547 l'
897 1485 1069 1548 interesse
1101 1488 1168 1548 che
1191 1485 1229 1548 fu
1253 1501 1390 1569 pagato
1415 1492 1474 1553 alli

192 1593 361 1655 bancheri
400 1598 466 1655 che
501 1592 622 1656 fecero
656 1594 704 1654 tal
738 1592 967 1673 expeditione
1005 1603 1041 1654 et
1076 1591 1189 1672 perhd
1219 1593 1340 1658 hanno
1375 1598 1474 1661 detto

192 1700 400 1782 episcopato
424 1722 445 1763 a
469 1700 581 1764 ferma
605 1721 670 1782 per
694 1708 748 1762 tre
772 1700 854 1762 anni
879 1699 1050 1780 proximi,
1085 1710 1121 1760 et
1148 1699 1207 1781 gia
1236 1704 1474 1784 besognando

191 1827 305 1888 pagar
329 1808 362 1868 al
387 1810 579 1870 arendator
603 1809 717 1891 primo
741 1827 808 1888 per
831 1808 900 1868 due
925 1806 1028 1885 anni,
1060 1826 1130 1869 non
1156 1807 1174 1869 ἐ
1198 1810 1413 1891 maraviglia
1436 1833 1474 1877 se

191 1915 454 1995 quodammodo
479 1936 516 1976 se
542 1915 705 1994 despera,
730 1923 766 1976 et
791 1925 889 1976 tanto
915 1912 1028 1994 magis
1053 1914 1183 1993 perche
1208 1914 1256 1976 lui
1272 1936 1343 1978 non
1363 1921 1473 1983 molto

190 2020 379 2084 volentieri
402 2021 514 2102 perde
539 2019 562 2081 il
588 2022 722 2083 danaro
748 2034 782 2082 et
807 2019 992 2101 presertim
1017 2019 1052 2081 in
1077 2030 1176 2082 tanta
1199 2041 1346 2087 summa.

279 2127 381 2191 Molti
406 2127 486 2208 capi
520 2147 608 2190 sono
642 2148 707 2209 per
737 2128 760 2190 11
793 2128 888 2208 quali
920 2148 1007 2209 pare
1042 2128 1106 2189 che
1131 2128 1240 2192 Cesar
1274 2141 1309 2192 et
1346 2126 1475 2214 questa

191 2243 288 2297 corte
313 2236 533 2297 tumultuario
557 2255 622 2315 per
651 2239 723 2297 taie
754 2237 1003 2297 arrendatione
1037 2244 1072 2297 et
1105 2235 1292 2316 presertim
1323 2239 1348 2300 il
1384 2239 1473 2304 Con·

190 2341 319 2417 sessor,
344 2342 475 2422 perche
501 2363 522 2404 a
546 2353 672 2423 questo
696 2344 802 2404 modo
827 2343 966 2424 dicono,
991 2345 1057 2404 che
1082 2342 1111 2404 si
1134 2346 1311 2425 potrebbe
1337 2322 1475 2411 aiienar

190 2457 282 2511 tutta
306 2449 326 2511 l'
346 2456 486 2510 entrata
510 2448 544 2509 di
569 2448 777 2530 Episcopati
803 2450 860 2510 del
885 2450 1026 2526 mundo,
1052 2449 1230 2528 donando,
1256 2455 1305 2530 (ut
1329 2452 1400 2533 ipsi
1425 2455 1473 2517 di·

191 2556 287 2637 cunt)
313 2557 462 2636 qualche
488 2575 571 2617 cosa
596 2557 629 2618 al
650 2557 773 2639 ¹Papa,
805 2557 902 2618 accio
927 2557 951 2618 li
976 2557 1144 2639 Episcopi
1168 2558 1388 2639 pigliasseno
1415 2563 1473 2625 da-

191 2662 268 2725 nari
293 2663 378 2724 dalli
402 2663 625 2725 arrendatori
648 2663 752 2725 etiam
778 2675 859 2744 post
874 2673 1033 2740 mortem,
1059 2665 1249 2746 allegando
1275 2667 1382 2730 etiam
1407 2673 1474 2735 che

189 2770 248 2851 qui
274 2770 377 2832 altari
402 2769 511 2832 servit
536 2771 581 2832 de
606 2770 708 2831 altari
732 2769 854 2833 vivere
880 2773 1006 2849 debet,
1041 2773 1073 2833 el
1098 2773 1164 2834 che
1189 2791 1257 2834 non
1284 2786 1370 2855 pote
1395 2777 1474 2841 iare

190 2879 221 2938 el
246 2878 417 2939 moderno
441 2876 712 2957 archiepiscopo
737 2887 852 2938 stante
877 2879 911 2938 la
935 2878 1195 2941 arrendatione.

280 2984 418 3045 Dicono
443 2984 509 3045 che
534 2983 557 3044 'l
581 2983 728 3046 defunto
753 2983 1024 3065 archiepiscopo
1052 2989 1100 3047 ha
1122 2985 1212 3049 fatto
1236 2987 1336 3049 molti
1361 2991 1473 3072 legati

190 3091 234 3152 de
260 3110 342 3153 cose
367 3110 438 3152 non
464 3110 536 3170 sue,
563 3090 586 3152 11
611 3089 706 3172 quali
730 3090 839 3171 legati
865 3090 893 3152 si
918 3101 1050 3172 poteno
1076 3113 1218 3174 romper
1243 3103 1279 3156 et
1303 3096 1389 3157 delli
1414 3099 1473 3160 da-

191 3197 266 3259 nari
292 3199 357 3260 che
382 3197 416 3259 in
442 3201 511 3260 essi
535 3197 564 3259 si
589 3200 740 3260 havesse
765 3198 810 3259 ad
836 3199 1021 3278 expender
1045 3219 1160 3280 pagar
1188 3201 1211 3261 li
1236 3204 1473 3269 arrendatori.

280 3305 450 3366 Preterea
475 3306 641 3385 allegano
667 3325 765 3367 esser
788 3305 823 3365 in
847 3324 963 3366 rerum
989 3315 1113 3367 natura
1152 3307 1249 3368 molti
1282 3307 1366 3369 beni
1401 3331 1474 3373 mo·

189 3411 252 3474 bili
276 3411 311 3473 in
336 3431 441 3474 mano
471 3411 555 3473 delli
585 3411 709 3474 heredi
746 3411 829 3473 delli
863 3411 958 3492 quali
991 3415 1041 3474 tal
1075 3413 1196 3476 debito
1229 3414 1258 3476 si
1291 3416 1474 3480 harrebbe

189 3539 211 3580 a
235 3537 358 3599 pagar.

278 3626 323 3687 Et
348 3626 379 3686 d’
406 3625 598 3706 avantagio
623 3627 688 3687 che
713 3625 843 3687 Nostro
857 3622 1011 3706 Signore
1035 3628 1081 3688 ha
1106 3648 1276 3691 concesso
1293 3648 1340 3691 un
1358 3632 1474 3695 breve

189 3734 223 3795 al
247 3732 426 3813 Episcopo
445 3730 643 3793 Leodiense
668 3734 725 3794 nei
751 3734 833 3811 qual
858 3731 886 3793 si
911 3731 948 3793 ia
971 3733 1149 3795 mentione
1175 3746 1210 3796 et
1235 3735 1474 3815 derogatione

191 3841 286 3902 della
309 3839 426 3920 gratia
451 3859 621 3901 concessa
645 3860 666 3900 a
691 3839 780 3900 detti
804 3839 1026 3901 arrendatori
1061 3852 1096 3903 et
1127 3842 1239 3923 perhd
1263 3863 1332 3904 non
1358 3843 1388 3906 si
1412 3846 1473 3908 de·

190 3948 347 4008 verehbe
372 3949 444 4007 cosi
469 3944 671 4007 faciImente
696 3946 821 4006 levarii
846 3947 894 4006 tal
919 3946 1118 4027 privilegio

278 4052 428 4115 Accedit
444 4052 510 4113 che
526 4050 635 4113 Cesar
652 4061 688 4113 et
711 4053 744 4113 el
761 4051 943 4113 confessor
969 4074 1006 4114 se
1030 4055 1150 4116 hanno
1175 4075 1291 4117 messo
1315 4056 1350 4118 in
1378 4078 1472 4140 capo

189 4162 254 4222 che
279 4169 405 4240 questa
429 4159 446 4220 d
471 4178 540 4220 una
565 4155 723 4238 iniquitis,
748 4176 848 4219 come
873 4159 949 4220 loro
975 4159 1113 4239 (1100110,
1139 4171 1174 4223 et
1199 4163 1310 4244 perho
1335 4166 1472 4247 suppli·

189 4287 278 4329 cano
312 4269 376 4328 che
401 4263 475 4328 Sua
499 4263 637 4327 Santith
662 4285 700 4326 se
725 4265 834 4346 degni
863 4285 930 4328 con
964 4268 1072 4347 quelli
1105 4269 1240 4331 meliori
1272 4271 1395 4352 meggi
1428 4273 1472 4337 sii

189 4372 358 4456 possibile
383 4381 569 4434 contentar
593 4373 691 4434 detto
717 4371 905 4452 Episcopo

277 4478 355 4541 Non
381 4482 544 4559 besogna
568 4498 699 4559 pensar
723 4481 788 4540 che
814 4477 923 4541 Cesar
948 4501 1016 4543 non
1042 4482 1164 4545 habbii
1188 4485 1223 4545 la
1247 4504 1331 4547 cosa
1347 4505 1369 4547 a
1384 4506 1472 4552 core

188 4605 253 4666 per
277 4586 396 4666 quella
419 4585 618 4646 coniettura
643 4586 708 4646 che
740 4585 761 4646 l'
784 4588 1006 4650 ambassator
1030 4589 1184 4653 Cesareo
1209 4612 1230 4652 a
1254 4591 1373 4655 Roma
1398 4614 1469 4659 non

189 4693 297 4754 molto
326 4694 359 4754 la
384 4691 521 4753 solicita
546 4696 657 4773 (come
683 4691 740 4773 qui
766 4691 794 4753 si
819 4692 978 4775 divulga)
1003 4698 1133 4777 perche
1166 4700 1258 4760 oltra
1281 4700 1316 4761 la
1340 4701 1470 4782 ragion

188 4799 358 4880 generale
383 4800 427 4861 de
452 4798 507 4860 far
530 4798 589 4879 pii
615 4819 679 4881 per
704 4819 748 4862 un
775 4802 1021 4880 corregnicola
1046 4807 1110 4865 che
1126 4826 1191 4885 per
1216 4827 1261 4867 un
1278 4806 1470 4891 forestieri,
