3330 5580
799 851 852 919 94.

441 977 694 1058 Aleauder
727 978 1197 1059 vicecancellario.

618 1125 760 1195 mutiat
779 1126 905 1187 German.
923 1126 954 1186 lt
965 1126 1034 1197 uo.)

701 1241 755 1312 (23.
776 1248 841 1296 Maii
864 1244 950 1314 1521.)

275 1385 400 1447 Ancor
423 1386 489 1448 che
512 1385 547 1448 io
571 1386 684 1449 dubiti
708 1390 775 1451 che
798 1389 820 1451 l'
834 1390 925 1451 altra
949 1390 1086 1468 lettera,
1112 1390 1184 1452 alla
1201 1392 1283 1471 qual
1300 1392 1465 1454 habiamo

190 1501 280 1554 sotto
304 1483 431 1555 scritto
454 1494 488 1555 el
505 1489 637 1574 Signor
654 1492 824 1558 Carazolo
849 1507 885 1558 et
908 1497 953 1577 i0‚
977 1495 1106 1579 parere
1130 1517 1196 1578 pur
1212 1508 1342 1579 troppo
1357 1499 1467 1581 longa

190 1609 223 1660 et
255 1597 397 1661 tediosa
429 1620 450 1661 a
473 1599 607 1663 Vestra
643 1597 810 1683 Signoria
833 1602 1167 1684 Reverendissima‚
1204 1625 1274 1667 non
1313 1605 1466 1686 dimen0‚

189 1705 319 1786 perche
343 1705 436 1768 cossi
459 1704 626 1770 rechiede
650 1708 778 1771 lhonor
801 1717 837 1771 et
860 1708 937 1771 lutil
961 1710 1006 1771 de
1042 1711 1076 1772 la
1109 1707 1222 1773 Santa
1254 1711 1359 1792 sede,
1396 1733 1466 1774 non

188 1812 323 1875 restare
362 1811 496 1876 scriver
533 1833 643 1876 ancor
665 1823 809 1895 questa,
847 1836 912 1898 per
948 1816 981 1877 la
1013 1817 1358 1897 quall'advertisco
1383 1819 1465 1882 etii

189 1919 349 2002 supplico
374 1940 413 1982 se
437 1919 546 2002 degni
569 1918 626 1983 far
649 1922 715 1983 che
752 1922 811 2004 piri
845 1931 966 2005 presto
1002 1923 1032 1985 si
1068 1932 1168 2005 pote,
1209 1924 1237 1986 si
1276 1925 1397 1987 habbii
1432 1928 1467 1988 la

189 2028 303 2106 bulla,
343 2047 388 2090 ne
423 2028 457 2089 la
492 2028 575 2108 qual
608 2027 628 2089 ὲ
662 2028 867 2093 dechiarato
893 2029 1025 2092 Luther
1049 2030 1106 2092 del
1132 2039 1224 2094 tutto
1249 2032 1406 2094 heretico
1432 2046 1467 2094 et

189 2143 395 2197 contumace
418 2142 501 2216 post
525 2135 684 2217 elapsum
708 2136 911 2216 terminum,
945 2157 1050 2199 senza
1080 2136 1135 2199 far
1164 2138 1318 2201 mention
1352 2159 1397 2201 ne
1421 2139 1466 2201 de

190 2240 338 2322 Hutten,
370 2261 415 2305 ne
447 2242 492 2304 de
516 2241 614 2321 altri,
643 2244 709 2305 che
734 2244 779 2306 de
804 2242 955 2316 Luther;
990 2255 1117 2325 questa
1149 2245 1215 2307 che
1239 2244 1276 2306 fu
1301 2247 1468 2307 mandata

189 2347 309 2411 ultima
333 2351 486 2412 sarebbe
510 2348 713 2428 bonissima,
737 2370 775 2412 se
800 2371 871 2413 non
896 2350 1034 2413 iussero
1051 2350 1222 2414 nominati
1238 2352 1329 2431 altri,
1355 2351 1467 2434 perho

191 2475 226 2516 se
249 2457 311 2537 pol
335 2455 453 2518 subito
478 2454 650 2521 reformat
674 2465 710 2519 et
734 2458 935 2537 mandarla,
965 2457 1097 2540 perche
1121 2458 1143 2520 l'
1160 2456 1291 2521 official
1315 2459 1360 2520 de
1384 2459 1466 2520 Tre-

190 2562 261 2624 veri
286 2561 330 2625 m’
348 2563 395 2625 ha
418 2562 516 2626 detto
534 2563 599 2626 che
616 2564 744 2626 alcuno
759 2562 796 2625 di
811 2564 927 2645 questi
945 2564 1113 2648 Principi,
1137 2566 1184 2626 ad
1201 2565 1466 2646 suggestionem

191 2668 308 2750 utique
341 2669 490 2732 alicuius
523 2669 692 2733 causidici
717 2670 928 2748 Lutherani,
961 2671 1021 2752 gia
1059 2671 1267 2734 commincia
1300 2673 1376 2735 dire
1401 2674 1467 2734 che

192 2773 297 2837 Cesar
328 2794 398 2837 non
426 2776 473 2838 ha
500 2797 521 2838 a
549 2775 605 2839 far
628 2778 754 2840 alcuno
779 2779 946 2841 mandato
971 2787 1095 2840 contra
1120 2777 1276 2858 Luther,
1299 2777 1371 2840 fino
1401 2780 1467 2840 che

193 2902 259 2946 non
294 2882 408 2944 consti
447 2883 514 2944 che
538 2882 668 2947 Nostro
697 2882 852 2966 Signore
891 2884 1000 2948 lhabii
1039 2885 1249 2949 dechiarato
1289 2906 1389 2948 corne
1422 2888 1467 2948 de

193 3010 304 3072 sopra.
351 2989 397 3052 Et
419 2999 529 3053 an‘cor
552 2992 617 3053 che
641 2991 806 3068 habiamo
830 3003 950 3055 nostre
974 2991 1131 3073 regioni,
1155 2995 1222 3057 che
1247 3013 1352 3055 senza
1377 2995 1467 3055 altra

195 3096 432 3160 dechiaration
457 3094 531 3159 Sua
553 3097 690 3160 Maesta
716 3099 833 3162 debbe
857 3099 1044 3181 procedet,
1071 3119 1141 3163 non
1168 3100 1310 3163 dimeno
1336 3100 1468 3183 perche

194 3203 355 3267 habiamo
378 3204 424 3267 ad
447 3202 503 3266 far
526 3223 606 3266 cunr
630 3205 724 3268 mille
748 3205 896 3268 terribili
922 3204 1028 3290 Capi,
1053 3210 1148 3270 bono
1172 3207 1192 3269 ὲ
1215 3207 1328 3269 haver
1351 3208 1467 3269 subito

195 3312 287 3375 detta
310 3311 417 3392 bulla,
442 3312 477 3374 la
500 3313 583 3392 qual
607 3320 728 3393 presto
753 3333 791 3375 se
816 3315 876 3394 poi
901 3312 1084 3392 reformat,
1109 3312 1240 3394 perche
1266 3313 1309 3376 de
1334 3314 1489 3394 produt·

194 3428 334 3500 questa,
367 3419 461 3481 dove
494 3418 514 3480 ὲ
547 3419 728 3482 nominato
759 3419 913 3500 Hutten,
948 3440 1016 3482 non
1043 3419 1062 3481 ὲ
1086 3419 1130 3481 ne
1155 3420 1341 3481 commodo
1366 3419 1408 3479 ne
1433 3419 1468 3479 al

195 3523 375 3608 proposito
407 3544 473 3606 per
503 3524 640 3606 niente,
671 3535 771 3588 tanto
802 3527 868 3588 che
901 3524 1090 3588 habbiamo
1121 3545 1143 3586 a
1166 3521 1222 3586 far
1245 3523 1280 3586 in
1304 3525 1338 3586 la
1362 3522 1467 3603 dieta,

195 3631 323 3712 perche
346 3630 644 3695 concitaressemo
668 3632 763 3696 mille
786 3631 924 3710 fuochi,
958 3651 1028 3694 non
1060 3631 1139 3694 dico
1164 3651 1230 3714 per
1253 3631 1287 3693 el
1310 3630 1468 3711 pericolo

195 3749 313 3803 nostro
335 3739 532 3821 particolar
554 3748 664 3819 tanto,
689 3749 822 3820 quanto
846 3759 911 3821 per
935 3737 1028 3800 assai
1052 3736 1191 3818 parenti
1216 3745 1251 3799 et
1275 3735 1377 3799 amici
1401 3736 1468 3799 No·

195 3846 253 3909 bili
277 3845 403 3928 poveri
426 3846 473 3908 ha
493 3845 639 3927 Hutten,
665 3847 696 3908 el
720 3848 804 3927 qual
826 3845 862 3907 fa
886 3865 954 3927 pur
977 3853 1112 3926 troppo
1137 3844 1181 3905 de
1205 3845 1275 3905 mal
1300 3865 1320 3904 a
1344 3853 1469 3924 questo

196 3956 307 4030 modo,
332 3963 369 4016 et
391 3953 423 4015 ci
442 3954 585 4016 retarda
602 3972 680 4015 curn
709 3972 772 4013 sue
799 3951 959 4033 pratiehe
976 3951 1060 4033 ogni
1076 3960 1197 4012 nostro
1221 3959 1306 4012 atto.
1354 3949 1468 4012 Senza

197 4062 270 4124 chel
294 4082 333 4125 se
357 4040 446 4123 irriti
470 4060 530 4142 piu
556 4080 621 4142 per
644 4061 677 4122 el
702 4068 884 4141 presente,
915 4057 1079 4121 confesso
1105 4060 1170 4119 che
1197 4057 1330 4119 Hutten
1356 4056 1375 4117 e
1400 4077 1469 4118 una

197 4169 322 4249 bestia,
355 4176 391 4231 et
425 4168 461 4230 di
489 4187 583 4249 poco
615 4177 721 4249 poter
744 4185 809 4248 per
833 4186 888 4245 se,
922 4187 978 4229 rna
1009 4165 1044 4228 in
1069 4164 1183 4247 questi
1208 4167 1297 4228 tanti
1322 4163 1469 4242 tumulti,

198 4275 257 4338 che
280 4284 372 4338 tutto
396 4276 430 4337 el
455 4273 584 4337 mondo
609 4273 641 4336 ci
665 4273 684 4335 e
708 4283 841 4353 contra,
867 4282 902 4334 et
925 4273 949 4334 li
973 4273 1032 4355 piu
1058 4272 1196 4353 grandi,
1221 4271 1307 4353 ogni
1330 4270 1469 4353 piccolo

199 4381 297 4445 homo
321 4400 411 4444 noce
434 4379 539 4443 assai.

282 4488 453 4550 Preterea
476 4487 607 4570 perche
632 4487 650 4550 ὲ
675 4506 859 4550 commune
883 4484 978 4548 fama
1001 4487 1068 4548 che
1085 4485 1219 4547 Luther
1241 4485 1271 4547 si
1294 4484 1395 4547 habii
1418 4504 1469 4547 re·

202 4592 278 4658 tirar
301 4594 337 4658 in
361 4594 520 4675 Boemia,
545 4598 617 4658 bon
642 4595 794 4657 sarebbe
818 4595 883 4655 che
907 4591 1053 4674 pervia
1078 4593 1122 4655 de
1148 4591 1334 4674 Hungaria
1358 4611 1396 4654 se
1420 4591 1467 4654 fa·

204 4717 293 4765 cesse
315 4711 439 4784 presta
461 4700 662 4785 provision,
697 4702 764 4763 che
797 4701 856 4763 nel
891 4719 1017 4782 passar
1048 4701 1081 4760 el
1105 4698 1201 4761 fusse
1226 4718 1348 4781 preso,
1387 4706 1471 4761 ante

206 4806 262 4870 che
294 4809 316 4871 l’
331 4807 483 4872 intrasse
515 4809 551 4873 in
586 4807 750 4890 Boemia,
787 4807 919 4890 perche
953 4804 1061 4888 dopoi
1094 4805 1173 4868 sera
1200 4803 1409 4867 difficillimo
1434 4813 1471 4868 et
