3330 5580
711 458 957 515 *ousta-2

178 580 334 670 'ficienui
359 606 477 688 aliqua
501 609 796 670 sustentabamur.
845 608 894 669 At
918 628 1004 670 vero
1029 630 1138 688 nunc,
1171 622 1359 692 postquam
1384 609 1472 674 eius·

192 715 273 776 dem
298 713 365 776 Dei
390 713 508 776 omnia
532 715 763 794 gubernantis
788 714 935 792 iudici0,
972 717 1066 797 quod
1091 728 1174 781 tunc
1198 738 1382 782 commune
1408 719 1472 781 tibi

193 842 270 883 cum
297 821 374 882 aliis
399 821 624 902 Principibus
648 821 729 902 fuit,
753 822 788 883 id
813 832 924 884 toturn
950 823 1191 888 videturesse
1216 829 1260 888 ad
1275 837 1357 889 tuae
1378 825 1476 889 Ser¹³⁸

193 927 377 990 arbitrium
409 938 696 1009 potestatemque
721 929 892 1007 delatum,
928 941 964 991 ut
989 951 1099 1012 penes
1124 941 1158 993 te
1184 952 1289 995 unum
1315 933 1368 995 ius
1390 934 1475 995 belli

194 1034 363 1117 pacisque
388 1034 452 1103 sit;
479 1036 602 1097 eadem
628 1034 769 1116 quidem
794 1056 912 1098 sumus
937 1036 1131 1118 cupiditate
1157 1048 1192 1100 et
1216 1040 1406 1118 sententia,
1439 1050 1476 1102 ut

195 1141 404 1204 conficiatur
427 1161 511 1222 pax,
537 1143 599 1201 sed
624 1161 688 1222 spe
713 1152 748 1202 et
771 1141 841 1203 fide
867 1142 1025 1206 ducimur
1048 1146 1158 1206 multo
1189 1146 1332 1209 maiore.
1380 1147 1476 1210 Satis

196 1248 287 1310 enim
312 1248 472 1330 aspirare
496 1248 635 1327 coeptis
659 1248 860 1330 optatisque
886 1250 1014 1312 nostris
1039 1250 1152 1313 Deum
1178 1253 1371 1333 cernimuS,
1397 1274 1475 1317 cum

196 1358 290 1437 quod
314 1358 360 1417 ab
386 1375 428 1417 eo
452 1354 632 1435 supplices
656 1358 908 1434 precabamur,
944 1355 1018 1418 eius
1042 1357 1145 1419 nobis
1170 1359 1406 1441 concedendi,
1430 1362 1476 1423 ad

197 1463 365 1544 optimum
391 1473 425 1523 et
456 1460 782 1523 christianissimum
806 1461 1008 1544 Principem
1043 1464 1358 1547 dignissimumque
1392 1467 1476 1531 Cae·

197 1590 309 1631 sarem
335 1568 496 1630 videmus
520 1568 674 1629 delatam
700 1589 778 1630 esse
803 1579 1028 1649 potestatem.
1076 1570 1148 1632 Nos
1173 1591 1259 1633 vero
1284 1573 1343 1653 qui
1376 1585 1476 1637 tanto

198 1678 312 1740 studio
338 1679 547 1738 curabamus
572 1695 714 1756 pacem,
747 1689 830 1737 tunc
863 1697 941 1738 cum
977 1678 1076 1758 pacis
1110 1699 1202 1759 pene
1239 1680 1351 1742 omnis
1386 1681 1477 1744 ratio

197 1787 385 1866 desperata
409 1793 504 1856 erat;
539 1803 631 1844 nunc
655 1782 692 1843 in
716 1792 815 1844 tanta
840 1803 903 1863 spe
928 1794 1069 1862 nostra,
1105 1796 1202 1847 tanta
1226 1787 1477 1868 expectatione

197 1891 406 1954 iustissimae
431 1901 465 1951 et
490 1889 761 1951 clementissime
786 1902 868 1950 tuae
893 1889 1019 1951 mentis
1053 1911 1093 1952 ac
1123 1892 1332 1968 voluntatis,
1367 1893 1395 1954 si
1431 1898 1476 1956 ab

198 2000 255 2062 illa
280 1997 379 2080 pacis
404 1995 544 2058 actione
569 1995 830 2073 desisteremus,
855 1995 1053 2059 faceremus
1076 1997 1238 2060 iniuriam
1254 1999 1417 2081 profecto
1442 2015 1477 2063 et

197 2106 261 2188 ipsi
288 2107 367 2167 Deo
392 2113 428 2165 et
460 2101 587 2164 honori
621 2114 758 2163 nostro:
792 2121 907 2182 neque
938 2114 1020 2165 tunc
1053 2124 1176 2184 pacem
1206 2106 1380 2185 voluisse,
1412 2109 1475 2169 sed

198 2214 292 2276 aliud
322 2211 489 2292 quiddam
522 2218 703 2289 spectasse
737 2210 949 2273 videremur.
1002 2208 1074 2272 Sed
1099 2211 1126 2272 si
1158 2212 1339 2294 quippiam
1370 2215 1474 2276 habe-

198 2342 282 2399 mus,
308 2321 366 2381 vel
389 2317 575 2379 habuimus
590 2336 744 2397 unquam
764 2317 950 2379 desideriis
967 2318 1096 2380 nostris
1119 2319 1232 2400 magis
1255 2322 1476 2402 propositum

198 2448 302 2509 quam
330 2445 472 2508 pacem,
507 2424 606 2506 digni
631 2443 749 2486 sumus
780 2443 868 2503 quos
893 2445 963 2487 non
996 2425 1164 2488 exaudiat
1192 2428 1305 2499 Deus:
1332 2428 1360 2490 si
1391 2450 1477 2492 vero

198 2545 318 2598 nostra
343 2532 490 2596 consilia
516 2528 625 2613 ipsius
648 2530 715 2591 Dei
747 2531 935 2611 honorem,
970 2552 1188 2594 communem
1215 2534 1478 2598 christianitatis

198 2644 346 2704 salutem
373 2649 408 2701 et
431 2642 561 2701 bonum
587 2648 731 2718 optatae
756 2637 854 2718 pacis
879 2649 1150 2720 spectaverunt,
1176 2643 1338 2703 cumdem
1364 2643 1478 2705 Deum

200 2768 349 2825 oramus,
374 2757 411 2808 ut
436 2744 548 2807 Ser²⁰¹¹¹
573 2754 666 2806 tuam
691 2743 726 2806 in
752 2744 851 2807 cuius
874 2766 976 2807 manu
995 2765 1120 2826 pacem
1137 2766 1215 2807 esse
1233 2748 1353 2828 voluit,
1378 2750 1478 2830 pacis

199 2856 319 2918 iubeat
343 2872 421 2915 esse
446 2850 672 2929 effectricem,
697 2853 765 2912 hoc
790 2863 905 2914 estut
930 2853 1024 2933 quod
1049 2852 1305 2916 sanctissimam
1323 2867 1477 2918 mentem

200 2973 292 3024 tuam
319 2960 524 3023 desiderare
549 2958 724 3021 cernimus
748 2957 848 3042 (nihil
874 2960 965 3021 enim
991 2960 1119 3021 clarius
1136 2969 1189 3022 est
1205 2981 1310 3042 quam
1333 2974 1367 3025 te
1385 2966 1477 3026 velle

200 3089 323 3151 pacem
348 3078 383 3129 et
412 3067 596 3148 appetere)
632 3067 707 3128 eius
743 3065 954 3129 conficiendi
991 3078 1025 3129 et
1061 3067 1302 3149 transigendi,
1336 3071 1480 3132 remotis

201 3174 459 3258 impedimentis
494 3173 672 3254 omnibus,
709 3172 772 3234 tibi
798 3194 818 3234 a
844 3194 978 3235 summo
1005 3174 1082 3235 Deo
1107 3173 1282 3237 tribuatur
1316 3175 1479 3238 facilitas.

201 3282 271 3346 Sed
298 3303 360 3345 cur
383 3302 455 3362 pax
480 3280 633 3343 maxime
658 3280 860 3342 necessaria
884 3280 939 3359 sit,
965 3279 1082 3360 aliqua
1107 3280 1259 3343 dicenda
1283 3293 1382 3360 sunt,
1407 3304 1477 3345 non

201 3401 269 3453 tam
294 3390 355 3452 illa
380 3388 520 3470 quidem
536 3407 629 3449 nova
650 3407 794 3468 genere,
820 3406 925 3468 quam
941 3386 1066 3467 gravia
1083 3387 1323 3468 diuturnitate,
1351 3389 1478 3470 quibus

202 3497 266 3559 nisi
290 3496 395 3559 citum
420 3493 613 3557 remedium
638 3493 863 3573 adhibeatur,
888 3502 927 3554 ut
950 3493 985 3555 in
1011 3492 1141 3556 effoeto
1166 3494 1305 3557 mortali
1329 3516 1479 3577 corpore

203 3604 341 3686 longior
364 3604 508 3664 morbus
544 3599 689 3663 exitium
721 3611 755 3663 et
779 3611 927 3662 mortem
952 3598 1072 3680 affert,
1097 3599 1145 3662 sic
1170 3601 1205 3663 in
1223 3601 1479 3667 christianitate

203 3711 267 3774 iam
293 3709 492 3790 defatigata
516 3719 550 3771 et
576 3707 696 3770 attrita
724 3708 906 3788 proximus
937 3716 991 3768 est
1026 3705 1188 3769 interitus
1213 3711 1478 3792 expectandus:

204 3830 339 3899 urgent,
364 3817 455 3878 enim
482 3826 516 3877 et
541 3815 745 3897 opprimunt
770 3816 839 3876 duo
863 3814 1074 3896 gravissima
1097 3817 1190 3877 mala
1214 3824 1321 3897 atque
1350 3816 1477 3879 incom-

205 3926 306 3987 moda
331 3923 642 4000 christianitatem,
667 3941 815 4003 quorum
844 3923 992 3984 alterum
1018 3930 1072 3984 est
1104 3943 1125 3984 a
1148 3922 1271 3985 Turcis
1295 3923 1353 4004 qui
1366 3971 1375 4001 ,
1401 3944 1479 3985 con·

204 4031 306 4095 tinuis
331 4030 553 4093 successibus
578 4029 678 4108 elati,
717 4038 752 4090 et
787 4040 908 4091 nostra
943 4029 1088 4108 ignavia
1120 4050 1162 4090 ac
1198 4030 1420 4112 negligentia
1445 4033 1478 4093 in

205 4159 300 4220 spem
316 4137 505 4200 maximam
521 4136 640 4213 erecti,
658 4134 872 4197 christianae
890 4135 1109 4216 reipublicae
1125 4137 1267 4217 penitus
1283 4139 1465 4219 opprimen

206 4243 268 4308 dae
291 4245 415 4306 ineunt
439 4243 621 4306 rationem.
663 4241 719 4304 An
745 4253 782 4302 tu
808 4251 1045 4304 trecentarum
1061 4239 1211 4328 {navium
1235 4255 1394 4325 paratam
1411 4245 1479 4307 iam

205 4353 365 4429 classem,
397 4362 433 4412 et
463 4359 650 4412 terrestres
681 4348 860 4410 exercitus
890 4347 926 4409 in
957 4347 1062 4410 armis
1093 4351 1221 4412 adesse
1245 4350 1375 4429 iussos,
1411 4352 1480 4413 alio

205 4456 350 4519 consilio
374 4456 514 4539 aliaque
546 4467 664 4518 mente
695 4466 839 4517 coactos
867 4475 946 4517 esse
970 4465 1094 4536 putas,
1128 4455 1194 4518 nisi
1225 4466 1263 4517 ut
1296 4459 1480 4537 septentri-

204 4565 325 4626 onales
349 4563 619 4626 christianorum
636 4562 841 4644 provinciae
858 4565 904 4624 ab
919 4561 998 4643 ipso
1022 4561 1143 4625 littore
1160 4561 1290 4643 lllyrici
1309 4582 1418 4644 usque
1435 4565 1480 4624 ad

206 4669 388 4733 Poloniam
412 4670 529 4751 impiis
549 4670 617 4732 illis
641 4670 746 4732 armis
772 4680 806 4731 et
823 4669 934 4750 signis
959 4671 1179 4731 obruantur?
1220 4671 1278 4730 An
1304 4689 1368 4731 nos
1392 4672 1480 4732 haec

206 4779 268 4841 soli
297 4778 540 4860 intelligimus,
574 4793 704 4860 tuaque
734 4776 906 4838 serenitas
939 4778 1063 4838 harum
1095 4795 1210 4839 rerum
1243 4777 1368 4858 ignara
1401 4779 1481 4839 est?
