3330 5580
701 462 948 525 ‘’4464&

788 757 863 822 213.

573 873 804 953 Rorarius
841 871 1078 953 Sadoleto.

613 1020 734 1090 (varior.
759 1019 797 1078 ad
821 1020 903 1078 mem.
928 1019 965 1078 11.
990 1019 1043 1091 4⁵.)

699 1139 753 1204 (²5·
775 1141 839 1189 Maii
863 1139 952 1206 1525.)

275 1275 333 1337 Ho
364 1285 535 1337 recevuto
560 1273 619 1354 ogi
644 1275 679 1336 la
703 1275 748 1336 de
772 1274 816 1337 V.
842 1271 878 1336 S.
903 1274 980 1336 R¹¹¹⁸
1003 1274 1048 1336 de
1073 1271 1169 1336 XIX
1202 1293 1270 1336 con
1296 1276 1329 1336 el
1353 1273 1481 1337 Breve

187 1385 220 1445 al
246 1380 352 1445 Ser¹¹¹⁰
376 1380 544 1463 Principe
576 1394 612 1442 et
637 1382 667 1442 el
692 1381 787 1461 plico
812 1401 878 1463 per
901 1379 1080 1463 Ongaria‚
1110 1382 1195 1462 qual
1218 1380 1336 1444 subito
1367 1401 1481 1462 expe-

187 1490 261 1552 dito
296 1488 400 1551 andai
437 1489 482 1550 da
507 1485 580 1550 Sua
606 1485 770 1550 Serenita
803 1496 839 1550 et
862 1488 886 1549 li
910 1486 1092 1569 presentai
1116 1489 1150 1551 el
1172 1490 1284 1552 breve
1318 1497 1355 1551 et
1381 1489 1482 1552 disse

188 1607 320 1678 quanto
344 1595 391 1658 mi
415 1615 525 1676 parea
550 1605 752 1676 opportuno
778 1594 872 1657 circa
904 1597 937 1657 el
961 1596 1099 1676 grande
1123 1594 1243 1658 affano
1267 1595 1410 1676 prende
1434 1594 1481 1659 N.

188 1702 224 1767 S.
250 1704 294 1765 de
324 1703 439 1783 questi
463 1702 602 1764 tumulti
634 1721 703 1763 non
730 1704 807 1764 solo
832 1722 897 1784 per
921 1722 1018 1764 esser
1043 1722 1146 1765 cossa
1176 1702 1382 1784 pertinente
1406 1703 1481 1765 alla

187 1811 270 1873 fede
296 1821 330 1871 et
347 1809 555 1889 Relligione
580 1809 784 1888 christiana,
808 1831 864 1872 ma
888 1812 1032 1891 quando
1051 1812 1187 1873 anchor
1203 1820 1330 1890 questa
1344 1810 1477 1891 ragion

189 1938 348 1981 cessasse
373 1937 438 1999 per
462 1918 495 1979 el
520 1916 655 1978 cordial
679 1937 799 1979 amore
824 1928 928 1998 porta
952 1938 973 1979 a
998 1914 1071 1980 Sua
1095 1915 1260 1979 Serenita
1284 1925 1322 1980 et
1345 1918 1394 1978 de
1417 1937 1478 1979 ve·

189 2026 288 2087 derla
322 2027 413 2085 cussl
447 2022 723 2105 indegnamente
748 2036 887 2087 vexata.
936 2021 1009 2086 Sua
1042 2021 1206 2086 Serenita
1235 2043 1291 2085 me
1324 2043 1479 2105 respose

189 2134 253 2194 che
278 2152 322 2193 ne
348 2151 408 2193 era
433 2130 492 2212 pio
518 2132 583 2193 che
604 2141 702 2192 certa
726 2132 783 2193 del
800 2140 950 2212 paterno
966 2150 1086 2193 amore
1110 2131 1155 2192 de
1171 2128 1206 2195 S.
1225 2128 1277 2193 δ’*
1291 2131 1350 2193 del
1367 2132 1478 2212 quale

189 2239 266 2301 acio
291 2237 398 2300 habia
423 2258 444 2299 a
468 2239 596 2299 durare
612 2247 907 2319 perpetuamente
932 2258 976 2300 ne
993 2236 1080 2300 dara
1097 2257 1237 2319 sempre
1253 2240 1350 2301 bona
1365 2258 1479 2301 causa

188 2345 223 2408 in
249 2345 332 2426 ogni
359 2344 546 2407 occasione
570 2365 608 2406 se
633 2345 657 2406 li
681 2343 865 2425 offerisca,
900 2353 935 2406 et
959 2347 1024 2407 che
1049 2355 1183 2427 quanto
1207 2345 1276 2408 alle
1301 2365 1407 2408 cosse
1431 2346 1478 2407 de

190 2453 249 2534 qui
274 2452 321 2514 lui
355 2472 399 2514 ne
423 2453 470 2514 ha
502 2453 585 2515 data
611 2451 718 2534 piena
741 2450 990 2514 informatione
1021 2472 1043 2514 a
1066 2450 1102 2516 S.
1128 2449 1180 2514 8¹⁶
1202 2451 1237 2514 in
1271 2454 1355 2534 qual
1380 2453 1478 2515 labe·

189 2561 319 2642 ryntho
344 2580 381 2621 se
406 2558 542 2621 ritrova
566 2561 642 2620 solo
667 2578 732 2639 per
755 2560 856 2620 voler
881 2559 1053 2621 defender
1077 2559 1112 2621 la
1126 2557 1255 2622 Chiesa
1278 2567 1314 2620 et
1338 2561 1373 2620 la
1398 2559 1478 2623 reli·

189 2668 315 2748 gione‚
352 2667 417 2728 che
449 2668 592 2746 quando
625 2686 728 2728 cerca
759 2667 813 2727 cio
846 2668 985 2727 volesse
1016 2665 1136 2746 sequir
1171 2667 1205 2727 la
1235 2666 1384 2728 volunta
1418 2666 1477 2728 dei

189 2775 312 2856 populi
336 2771 448 2836 havra
473 2775 591 2854 quello
617 2793 762 2855 sapesse
784 2773 968 2835 desiderar
991 2774 1037 2834 da
1051 2774 1159 2838 lorr0.
1197 2772 1249 2834 La
1269 2775 1353 2854 qual
1371 2793 1478 2837 cossa

190 2882 207 2943 ὸ
233 2881 291 2962 piri
326 2881 391 2941 che
416 2901 511 2943 vera.
559 2879 605 2942 Et
634 2881 714 2942 chel
746 2890 940 2961 expettava
971 2882 1006 2941 la
1036 2890 1201 2961 resposta
1231 2880 1276 2941 de
1301 2877 1344 2942 N.
1370 2877 1408 2942 S.
1442 2888 1479 2942 et

190 3008 342 3070 sperava
373 3008 443 3050 non
474 2986 499 3058 li
534 2987 736 3049 mancheria
769 2990 813 3049 de
848 2987 962 3065 aiuto,
999 2996 1034 3049 et
1066 2986 1220 3048 maxime
1253 2987 1347 3048 dove
1381 2986 1407 3047 li
1431 3006 1479 3049 va

190 3106 281 3158 tutto
306 3097 341 3157 lo
365 3092 538 3156 interesse
563 3097 608 3156 de
632 3096 666 3155 la
684 3094 813 3158 Chiesa
836 3106 872 3156 et
896 3096 962 3157 che
987 3115 1090 3156 cerea
1114 3095 1147 3156 al
1172 3102 1341 3175 presente
1363 3095 1479 3156 breve

190 3204 225 3263 lo
251 3201 387 3282 legeria
412 3212 447 3264 et
471 3203 571 3265 daria
595 3211 767 3282 resposta.

279 3309 330 3372 Le
354 3329 446 3370 nove
469 3310 503 3371 al
527 3319 694 3390 presente
718 3329 756 3371 se
780 3310 875 3371 hano
900 3308 943 3373 V.
969 3306 1005 3371 S.
1022 3308 1099 3370 R¹¹¹⁸
1122 3327 1160 3369 se
1184 3307 1336 3389 dignari
1360 3305 1475 3370 inten-

192 3418 290 3478 derle
316 3412 361 3478 'da
384 3417 419 3477 la
440 3417 571 3478 iettera
596 3417 662 3478 che
686 3415 802 3478 scrivo
827 3417 861 3477 al
886 3416 982 3478 Rmo
1007 3415 1188 3497 Capuano.

280 3541 319 3602 In
345 3540 561 3623 Hinspruch‚
587 3541 644 3602 die
669 3541 783 3603 XXV
808 3540 894 3603 Maii
919 3539 1119 3605 MDXXV.

799 3958 863 4022 214

627 4073 838 4178 Campegius
867 4010 1039 4155 indolem.

589 4221 759 4290 (Nuntiat.
789 4223 892 4282 Germ.
919 4222 994 4281 nm.
1023 4221 1077 4294 90.)

705 4341 761 4409 (26.
782 4343 849 4392 Maii
872 4341 959 4409 1525.)

365 4468 420 4531 De
444 4470 479 4532 la
503 4486 586 4531 cosa
611 4467 800 4531 Prutenica
824 4467 868 4531 V.
901 4464 937 4529 S.
969 4467 1087 4528 hebbe
1117 4485 1182 4547 per
1215 4466 1249 4528 le
1280 4465 1475 4547 penultime

192 4578 260 4642 mie
285 4580 319 4640 la
344 4598 414 4638 non
439 4579 548 4639 molto
572 4576 695 4638 lodata
719 4574 943 4653 risolutione,
981 4576 1025 4636 de
1050 4575 1085 4634 la
1116 4575 1220 4653 quale
1245 4593 1370 4636 omnes
1393 4572 1476 4636 fidei

191 4698 228 4749 ct
263 4684 441 4747 Ecclesiae
477 4685 598 4746 hostes
632 4683 755 4746 mirum
789 4682 824 4744 in
858 4683 999 4745 modum
1033 4683 1230 4752 laetantur;
1267 4700 1337 4743 non
1377 4681 1424 4743 mi
1457 4681 1477 4744 ὲ

192 4813 299 4875 parso
333 4801 552 4874 opportune,
589 4811 627 4851 re
660 4788 729 4852 iam
762 4789 813 4852 sic
849 4787 1012 4851 confecta
1046 4796 1082 4849 et
1112 4796 1292 4849 transacta
1320 4787 1476 4852 scrivere
