3330 5580
759 461 1006 524 eollo&

331 609 382 672 La
407 608 574 692 dispensa
599 608 628 674 si
652 616 781 676 manda
806 635 869 694 per
901 615 926 676 il
956 612 1117 696 figlinolo
1150 615 1387 698 delportieri
1421 618 1534 699 quale

242 716 309 780 mai
334 717 362 778 si
387 719 486 781 suole
510 719 596 782 dare
620 719 656 782 in
680 719 756 783 XV
781 721 864 786 anni
888 722 932 784 ad
950 723 1020 784 duo
1037 722 1337 805 incompatibilia:
1362 725 1531 789 mandasi

242 825 353 887 anche
369 826 404 888 la
419 825 596 906 desponsa
614 826 907 891 inhabilitationis
932 830 976 892 ad
1002 829 1177 893 beneficia
1202 850 1266 911 per
1291 831 1346 893 Μο
1370 831 1425 910 J0.
1441 831 1531 895 Bur·

242 932 350 1012 cardi,
378 933 482 1012 quale
507 954 576 994 non
602 933 630 994 si
656 935 702 1007 da
728 936 772 997 ad
798 935 876 997 altri
902 936 945 996 ed
972 937 990 998 ὲ
1016 937 1250 1017 composition
1276 937 1531 1020 grandissima.

242 1040 271 1100 T
274 1050 349 1101 utto
375 1039 396 1099 li
421 1041 572 1103 havemo
598 1040 688 1103 fatto
714 1062 844 1105 venere
861 1042 972 1121 gratis
988 1044 1033 1105 da
1051 1042 1093 1106 N.
1111 1042 1148 1106 S.
1180 1044 1320 1107 Vedete
1335 1047 1402 1108 che
1426 1047 1533 1112 sieno

242 1146 333 1227 grati
361 1168 380 1208 a
406 1145 477 1208 Sua
502 1144 641 1209 Santitl
667 1157 702 1209 et
728 1150 795 1211 alla
820 1147 916 1211 Sede
942 1150 1163 1230 Apostolica.

969 1274 1070 1339 valor
1087 1274 1195 1346 trater,
1216 1283 1283 1332 vrce
1300 1284 1491 1338 emelianus.

330 1439 405 1500 R¹¹¹⁰
433 1460 536 1501 mess.
573 1439 803 1522 Hieronymo.
857 1419 886 1502 i:
927 1441 1080 1506 'arrivata
1119 1443 1232 1526 hoggi
1271 1443 1306 1505 in
1333 1443 1453 1506 Roma
1493 1445 1530 1507 la

242 1557 363 1609 vostra
388 1548 433 1608 de
458 1547 585 1628 cinque
610 1548 668 1608 del
693 1567 790 1609 mese
823 1556 858 1609 et
887 1547 1014 1611 farassi
1046 1560 1180 1631 quanto
1211 1560 1331 1613 vostra
1357 1548 1531 1633 Signoria

241 1653 376 1726 scrive;
401 1653 475 1715 cosi
493 1653 572 1715 dice
586 1674 688 1717 mess.
706 1652 785 1719 Gio,
803 1655 949 1717 Matheo
968 1657 1003 1717 di
1028 1655 1124 1720 Sena
1149 1666 1185 1720 et
1209 1676 1272 1739 per
1296 1657 1320 1720 il
1346 1658 1461 1740 primo
1485 1678 1528 1720 se

241 1761 263 1822 li
290 1760 456 1823 manderi
482 1770 517 1823 et
542 1760 712 1842 expediri
737 1762 1051 1843 p'articularmente
1075 1765 1120 1828 de
1146 1774 1248 1829 tutto
1295 1753 1341 1826 'Et
1365 1785 1385 1826 a
1417 1764 1463 1827 V.
1489 1762 1530 1830 S.

241 1889 296 1929 me
323 1869 569 1931 raccomando
1460 1885 1462 1889 ‘

330 1983 469 2046 Romae
495 1984 579 2048 XV.
606 1984 741 2066 Aprilis
771 2006 863 2064 1521.

1150 2119 1230 2183 rollx
1248 2119 1363 2182 tntu.

856 2567 909 2631 64.

571 2681 784 2762 Aloander
811 2644 1192 2765 vicecancellario.

670 2829 812 2898 (Nuntiat.
831 2831 956 2890 (ioman.
976 2829 1007 2888 L.
1026 2831 1092 2902 12L)

739 2952 790 3009 (16.
812 2949 914 3015 Aprilis
937 2949 1023 3019 1521.)

330 3084 397 3148 Gia
420 3085 536 3148 havea
560 3095 694 3147 serrata
719 3084 741 3146 l'
760 3087 848 3147 altra
873 3087 979 3147 lettra
1004 3088 1146 3166 quando
1170 3105 1204 3148 tn
1227 3085 1340 3167 quest'
1355 3088 1444 3152 hora
1459 3107 1527 3170 per

241 3193 328 3255 varii
353 3192 458 3254 messi
484 3204 519 3256 et
543 3214 607 3274 per
632 3195 781 3255 tumulto
807 3192 855 3254 dil
880 3193 1012 3256 mundo
1037 3196 1102 3256 che
1127 3215 1262 3274 correa‚
1287 3192 1334 3256 mi
1357 3193 1527 3275 tuderto,

241 3301 320 3362 chel
345 3301 482 3380 grande
505 3297 734 3363 heresiarcha
757 3299 859 3361 facea
884 3302 916 3360 le
941 3321 1003 3362 soe
1031 3299 1179 3372 intrate;
1212 3300 1354 3363 mandai
1385 3322 1455 3364 uno
1489 3303 1527 3365 di

199 3434 204 3441 ’
240 3407 323 3480 mei,
358 3408 389 3468 el
416 3408 519 3489 quale
545 3427 599 3468 me
625 3406 792 3469 reserisce
817 3407 882 3469 che
907 3404 978 3468 fino
1013 3408 1081 3469 alla
1106 3419 1209 3488 porta
1243 3407 1339 3471 della
1367 3417 1461 3471 terra
1486 3409 1526 3472 fu

241 3521 523 3594 accompagnato
549 3515 594 3575 da
618 3513 705 3576 forsi
730 3523 834 3575 cento
860 3512 1013 3593 Cavalli,
1045 3515 1154 3576 credo
1179 3514 1269 3576 siino
1294 3514 1329 3575 di
1355 3515 1463 3597 quelli
1488 3517 1526 3579 di

241 3618 479 3700 Sichinghen;
505 3620 566 3701 poi
591 3619 684 3682 intro
716 3620 749 3682 in
779 3622 814 3682 la
844 3631 938 3682 terra
969 3619 1004 3681 in
1037 3641 1083 3682 un
1115 3641 1216 3683 carro
1246 3642 1311 3683 con
1346 3632 1399 3684 tre
1431 3624 1526 3706 altri,

242 3737 523 3810 accompagnato
549 3729 594 3789 da
617 3727 703 3790 forsi
734 3737 808 3790 otto
834 3728 962 3791 cavalli
987 3738 1022 3789 et
1046 3728 1163 3790 arrivo
1195 3749 1216 3790 a
1240 3728 1405 3810 loggiare
1430 3729 1447 3791 ὁ
1473 3751 1526 3793 re-

240 3835 347 3916 gione
372 3835 430 3897 del
456 3832 529 3895 Suo
555 3836 656 3896 Duca
688 3832 852 3913 Saxone,
886 3843 921 3895 et
953 3836 1010 3896 nel
1043 3835 1239 3897 descender
1273 3856 1320 3897 un
1354 3847 1455 3918 prete
1489 3839 1526 3901 lo

240 3941 353 4024 piglio
376 3941 410 4003 in
437 3941 550 4019 ulmis,
575 3950 611 4003 et
635 3940 695 4021 poi
719 3940 846 4002 toccoli
872 3949 925 4002 tre
949 3943 1046 4003 volte
1070 3941 1104 4002 le
1128 3949 1239 4021 veste,
1265 3951 1301 4004 et
1326 3943 1526 4008 andavasse

241 4049 440 4130 gloriand0,
466 4069 566 4111 come
591 4050 742 4111 havesse
766 4058 867 4110 tocca
884 4068 952 4109 una
970 4048 1118 4130 reliquia
1135 4048 1192 4110 del
1218 4048 1277 4129 pin
1303 4069 1390 4131 gran
1417 4058 1525 4114 santo

241 4157 298 4218 del
324 4156 464 4235 mundo,
491 4156 536 4217 ad
559 4156 609 4217 tal
633 4156 698 4216 che
723 4154 768 4216 mi
794 4154 928 4235 dubim,
954 4156 1018 4216 che
1043 4155 1145 4217 brevi
1179 4155 1363 4233 dinanno,
1396 4157 1462 4218 che
1486 4157 1525 4220 fa

241 4263 406 4325 miracoli.
455 4262 543 4324 Esso
569 4262 702 4325 Luther
728 4261 762 4323 in
788 4262 962 4324 descensu
988 4282 1126 4342 curruS,
1151 4263 1265 4325 versis
1289 4264 1357 4325 huc
1381 4274 1416 4325 et
1441 4263 1525 4327 illuc

241 4369 457 4432 demoniacis
482 4369 608 4447 oculis,
634 4368 742 4431 disse:
772 4368 871 4430 Deus
895 4368 961 4430 erit
985 4387 1051 4450 pro
1075 4389 1148 4441 me:
1182 4369 1244 4450 poi
1267 4369 1362 4432 intro
1386 4369 1422 4432 in
1453 4390 1526 4433 una

241 4475 364 4554 stuffa,
398 4485 433 4537 et
464 4475 563 4537 molti
596 4473 739 4556 Signori
770 4495 789 4536 a
822 4473 981 4536 visitarlo
1006 4477 1198 4555 etpranso
1223 4475 1400 4539 confossi
1427 4476 1476 4540 X.
1502 4499 1526 4541 o

240 4602 326 4644 vero
351 4581 435 4647 XII.
462 4590 496 4644 et
521 4581 628 4663 dopoi
653 4601 784 4663 pranso
809 4590 901 4643 tutto
926 4583 958 4643 el
984 4582 1114 4643 mundo
1140 4603 1159 4644 a
1184 4583 1343 4646 vederl0.

330 4689 405 4752 Che
429 4688 505 4751 dira
530 4690 586 4751 mo
611 4689 644 4751 el
669 4686 910 4764 sanctissimo,
936 4687 1006 4750 imo
1030 4690 1063 4750 el
1089 4689 1219 4750 mundo
1245 4689 1326 4750 dell'
1353 4689 1522 4753 auttoritir

241 4795 299 4858 del
323 4795 442 4858 officio
468 4797 512 4858 de
537 4795 685 4875 Cosam,
719 4794 801 4858 delli
835 4794 969 4875 ordini,
1007 4796 1101 4857 delle
1125 4816 1307 4877 promesse
1332 4799 1398 4859 che
1423 4801 1453 4860 ci
1478 4799 1525 4863 ha
