3330 5580
704 435 952 494 &misr-0

187 587 332 670 pietate,
356 597 416 649 tua
441 585 640 648 constantia
672 608 710 649 ac
742 585 948 667 integritate
980 585 1132 649 clarius?
1170 607 1212 650 ac
1245 587 1376 670 gravia
1406 586 1482 670 qui-

187 698 268 758 dem
293 703 374 757 sunt
397 715 489 775 quae
521 702 556 756 te
588 694 735 774 cingunt
766 694 942 776 pericula,
973 694 1037 756 sed
1068 695 1194 757 eadem
1225 697 1384 778 gloriam
1415 695 1484 758 tibi

189 823 266 865 eam
290 801 640 882 benivolentiamque
664 800 825 882 pariunt,
856 799 953 862 cuius
989 799 1124 864 fructus
1148 822 1169 864 a
1193 813 1228 865 te
1252 803 1484 885 percipietur

188 910 434 991 sempiternus.
482 909 556 971 Nos
581 908 649 970 tuis
673 907 800 970 litteris
823 908 936 987 lectis,
968 918 1003 970 et
1033 910 1079 971 ad
1103 905 1381 973 Serenissimum
1411 909 1483 972 fra·

188 1029 277 1079 trem
301 1026 399 1077 tuum
424 1015 580 1078 scribere
605 1014 817 1077 instituimus
833 1023 869 1077 et
889 1034 968 1077 cum
983 1015 1035 1078 cis
1051 1014 1256 1097 Principum
1271 1016 1484 1079 oratoribus

188 1124 247 1205 qui
272 1124 368 1204 apud
393 1142 458 1185 nos
481 1132 563 1184 sunt
587 1124 818 1184 vehementer
846 1121 997 1202 egimuS,
1029 1131 1067 1184 ut
1090 1143 1156 1204 pro
1180 1143 1246 1186 sua
1267 1133 1374 1205 parte
1400 1126 1482 1186 hor·

188 1239 348 1293 tarentur
363 1250 456 1310 suos,
480 1238 518 1291 ut
542 1231 693 1292 adhaec
717 1232 873 1292 arcenda
897 1228 1056 1311 pericula
1079 1229 1173 1293 ferre
1197 1230 1396 1294 subsidium
1422 1251 1483 1293 ve-

189 1338 269 1409 lint;
299 1337 334 1398 in
366 1357 436 1417 quo
467 1337 622 1398 maxima
655 1346 709 1399 est
737 1335 901 1426 Caesaris
934 1336 1142 1417 auctoritas,
1172 1336 1328 1400 facultas
1357 1349 1483 1401 autem

191 1443 344 1506 omnium
377 1451 413 1505 et
441 1446 606 1505 voluntas
635 1452 730 1505 esset
761 1443 890 1524 maior,
919 1442 947 1505 si
979 1464 1049 1524 quo
1080 1443 1186 1505 modo
1217 1455 1278 1506 aut
1308 1444 1483 1526 componi

190 1549 262 1611 fida
296 1571 386 1631 pax,
418 1557 479 1611 aut
508 1549 658 1611 induciis
688 1550 789 1631 quies
814 1550 890 1612 dari
914 1548 1055 1653 affliqtis
1078 1562 1114 1613 et
1138 1551 1386 1615 dubitantibus
1419 1572 1483 1634 po·

190 1657 283 1738 pulis
307 1656 429 1737 possit,
454 1655 488 1717 in
513 1676 583 1737 qua
607 1676 697 1737 pace
722 1659 906 1719 suadenda
930 1669 1011 1719 tuae
1036 1657 1229 1740 praecipue
1245 1679 1326 1721 esse
1343 1659 1483 1721 debent

190 1774 321 1845 partes.
368 1763 460 1824 Illud
485 1771 520 1824 et
543 1765 717 1826 vellemus
741 1775 777 1826 et
800 1764 1015 1826 consulimus
1040 1764 1114 1845 tibi,
1139 1774 1177 1827 ut
1201 1765 1278 1828 eius
1293 1766 1484 1829 exercitus

190 1869 338 1932 fraterni
363 1870 421 1951 qui
446 1869 533 1931 locis
557 1870 626 1932 tuis
649 1872 870 1953 propinquus
895 1881 949 1934 est
981 1891 1090 1953 opera
1120 1882 1156 1934 et
1187 1871 1321 1935 auxilio
1353 1873 1407 1935 uti
1444 1873 1483 1936 in

190 1985 289 2039 tanta
312 1997 350 2038 re
375 1975 475 2057 velis,
500 1996 578 2038 cum
603 1997 743 2059 semper
768 1978 800 2039 ei
824 1979 983 2059 periculo
1008 1978 1103 2058 quod
1127 1997 1299 2059 praesens
1322 1980 1482 2043 maxime

191 2092 244 2145 est
277 2082 557 2145 subveniendum
583 2082 636 2161 sit,
666 2093 702 2146 et
733 2104 854 2146 omnes
882 2084 1095 2147 intellecturi
1128 2085 1198 2147 sint
1226 2084 1348 2148 Nob‘ln
1379 2096 1482 2150 tuam

190 2211 275 2253 vere
300 2199 405 2271 atque
438 2211 484 2252 ex
508 2189 625 2251 animo
651 2191 696 2252 ad
727 2192 1003 2254 succurrendum
1032 2191 1200 2273 periculis
1229 2193 1483 2257 communibus

192 2298 300 2359 totius
321 2296 535 2391 (Jermamae
558 2296 730 2359 intentam
754 2307 790 2360 et
810 2308 970 2380 paratam
995 2319 1093 2371 esse;
1118 2299 1207 2361 sicut
1230 2299 1335 2362 latius
1359 2309 1484 2365 tecum

191 2404 250 2467 dil.
283 2403 375 2466 filius
400 2404 640 2484 Hieronymus
664 2404 840 2467 Rorarius
872 2407 1020 2468 nuncius
1048 2414 1170 2469 noster
1186 2416 1308 2468 nostro
1333 2409 1484 2471 nomine

190 2522 285 2592 aget,
311 2511 367 2574 cui
390 2511 509 2572 Nob²⁸⁸
522 2521 583 2572 tua
605 2509 712 2573 fidem
737 2532 876 2574 omnem
900 2512 1057 2575 habebit.

279 2618 410 2680 Datum
434 2618 575 2681 Romae
600 2627 665 2684 etc.
691 2619 829 2682 XXIX
850 2619 936 2682 Maii
952 2619 1143 2684 MDXXV
1168 2620 1276 2683 Anno
1293 2618 1482 2687 Secundo.

793 3172 856 3236 217

453 3287 648 3388 Episcopus
676 3222 908 3368 Tridentinus
936 3288 1108 3368 clamanti
1135 3289 1214 3370 VH„

627 3435 725 3509 (apul.
743 3436 829 3509 pano.
847 3435 898 3494 m
916 3435 961 3494 ru
979 3433 1048 3506 aa.)

705 3566 757 3625 oo.
777 3565 844 3613 mn
866 3567 951 3626 1525.)

284 3698 495 3762 Beatissime
519 3698 628 3760 Pater
658 3697 811 3760 Domine
845 3697 892 3758 mi
923 3695 1198 3778 Colendissime,
1230 3707 1313 3779 post
1340 3701 1478 3780 pedum

194 3809 377 3870 beatorum
403 3809 524 3870 oscula
551 3804 778 3868 humillimam
798 3804 1139 3867 commendationem
1164 3814 1200 3867 et
1223 3805 1478 3886 obsequiorum

196 3934 354 3977 meorum
378 3914 604 3977 oblationem.
630 3911 715 3974 Vidi
740 3911 824 3992 quid
849 3913 894 3973 ad
918 3931 974 3973 me
999 3911 1191 3973 Beatitudo
1204 3910 1336 3974 Vestra
1368 3913 1475 3996 scrip·

196 4020 281 4084 serit
304 4041 369 4103 per
393 4023 503 4083 breve
528 4040 627 4083 suum
652 4019 709 4081 die
734 4018 966 4081 decimanona
989 4018 1110 4098 huius,
1137 4020 1238 4100 quod
1262 4020 1308 4081 ad
1332 4040 1389 4082 me
1412 4040 1479 4102 per

196 4128 371 4191 Nuncium
396 4126 504 4190 Suum
528 4127 721 4190 Rorarium
745 4147 791 4189 ex
814 4127 1017 4208 Insprugga
1040 4126 1183 4188 missum
1206 4126 1313 4189 hodie
1344 4127 1477 4209 accepi.

197 4234 286 4317 Eg0,
304 4235 393 4297 sicut
410 4235 487 4317 ipsa
504 4235 694 4314 desiderat,
719 4254 857 4296 omnem
883 4254 1027 4315 operam
1053 4234 1200 4296 duturus
1215 4253 1302 4314 sum,
1326 4253 1397 4315 quo
1422 4254 1477 4297 me

198 4351 371 4423 agnoscat
394 4352 464 4405 tam
489 4341 653 4422 suiipsius
677 4340 980 4420 studiosissimum,
1006 4361 1110 4421 quam
1137 4339 1242 4403 etiam
1259 4338 1365 4403 Sedis
1381 4341 1477 4422 Apo

199 4447 345 4510 stolicae
377 4451 644 4511 observatorem
677 4447 1001 4530 vigilantissimum,
1037 4457 1075 4510 ut
1105 4467 1151 4510 ne
1182 4447 1267 4529 quid
1298 4447 1478 4510 minimum

199 4556 342 4636 quidem
366 4556 411 4618 de
435 4574 514 4617 mea
538 4574 626 4637 erga
649 4575 688 4617 se
712 4553 783 4617 fide
816 4564 852 4617 et
883 4554 1081 4617 devocione
1115 4555 1305 4636 depereat,
1337 4553 1479 4617 minime

200 4682 355 4742 unquam
401 4661 713 4743 praetermissurus
762 4661 846 4743 quin
891 4661 1006 4725 eidem
1052 4671 1258 4724 reverenter
1293 4662 1479 4725 enunciem

201 4789 421 4850 quecumque
445 4768 490 4829 ad
527 4767 737 4849 dignitatem
761 4789 859 4831 suam
890 4769 947 4830 vel
976 4769 1144 4831 tuendam
1175 4771 1233 4830 vel
1264 4767 1477 4850 amplifican-
