3330 5580
698 491 845 549 0-{3491
887 490 945 548 ΕΗ

177 636 266 705 istos
290 638 319 703 si
344 661 413 703 non
439 639 582 703 omnino
607 641 737 718 sedari,
762 643 887 703 saltem
912 639 1092 721 suspendi,
1118 638 1232 702 donec
1263 634 1388 700 melior
1412 653 1464 699 ra·

177 747 229 811 tio
252 747 400 811 iniretur
424 747 526 811 huius
550 748 645 829 ignis
676 748 921 830 restinguendi
953 748 1084 828 gratia;
1117 749 1210 828 quod
1244 766 1317 825 me,
1349 743 1465 825 gratia

179 853 260 936 Dei,
285 856 534 918 adsecuturum
559 874 682 936 spero,
713 854 742 916 si
766 865 885 917 vestra
910 854 1100 917 Beatitudo
1128 851 1280 933 alioquin
1307 849 1464 913 Serenis-

179 959 258 1023 simi
294 961 469 1043 Principis
504 960 718 1023 Archiducis
743 961 910 1024 Austriae
946 971 1048 1041 vota,
1091 970 1126 1022 et
1169 959 1464 1022 deliberationem

182 1067 259 1131 eius
284 1069 472 1141 adiuverit;
490 1089 595 1151 quum
622 1068 713 1131 enim
739 1078 833 1131 totus
858 1088 1058 1149 propensus
1074 1067 1128 1146 sit,
1153 1078 1189 1128 et
1205 1086 1386 1144 accensus,
1400 1085 1465 1146 pro

182 1176 317 1238 tuendo
342 1174 447 1239 Sedis
470 1175 704 1257 Apostolicae
721 1178 867 1254 honore,
889 1175 1068 1255 totiusque
1084 1173 1315 1236 sacerdotalis
1332 1171 1466 1235 ordinis

180 1282 339 1345 comodis
372 1281 603 1365 adaugendis,
629 1283 724 1344 nullo
758 1301 843 1344 sane
869 1291 953 1363 eget
983 1281 1223 1360 admonitore,
1259 1283 1315 1342 vel
1341 1279 1466 1341 sollici·

183 1400 308 1467 tatore,
333 1400 451 1452 tamen
476 1388 670 1451 videndum
696 1397 766 1465 est,
799 1409 844 1450 ne
877 1388 1002 1450 modus
1035 1387 1148 1449 eidem
1181 1384 1324 1449 deficiat
1348 1406 1465 1448 rerum

182 1495 499 1568 conficiendarum
525 1516 638 1576 quare
663 1494 927 1557 Beatitudinem
952 1494 1116 1556 Vestram
1141 1504 1238 1557 recte
1263 1493 1390 1556 fecisse
1416 1513 1466 1555 ar·

182 1602 294 1664 bitror
318 1603 411 1683 quod
439 1599 533 1664 Suae
558 1598 752 1664 Serenitati
787 1600 982 1663 subsidium
1006 1601 1234 1682 pecuniarum
1258 1600 1466 1662 mittendum

183 1708 335 1788 duxerit,
360 1708 492 1790 quippe
517 1710 612 1789 quod
637 1709 686 1770 ita
709 1708 865 1770 futurum
889 1728 980 1787 reor,
1006 1720 1044 1769 ut
1067 1707 1160 1770 idem
1188 1707 1375 1788 Princeps,
1408 1727 1465 1768 au-

182 1816 276 1878 xiliis
300 1816 373 1878 suis
397 1815 554 1897 adiutus,
587 1815 687 1897 prius
711 1835 780 1877 non
807 1815 851 1877 sit
876 1815 1090 1896 provintiam
1115 1817 1333 1894 deserturus,
1359 1834 1464 1895 quam

182 1922 212 1985 si
236 1923 388 1986 Domino
413 1934 592 1986 aunuente
617 1932 745 1985 cuncta
777 1922 1032 2003 composuerit,
1065 1933 1100 1985 et
1133 1921 1364 2003 transegerit,
1402 1940 1466 2002 pro

182 2031 318 2093 honore
343 2040 379 2092 et
399 2031 585 2092 commodo
615 2027 720 2092 Sedis
746 2029 979 2110 Apostolicae
1005 2028 1329 2117 etEcclesiasticae
1354 2027 1466 2107 digni-

182 2137 281 2218 tatis,
317 2137 413 2218 quod
444 2156 512 2219 ego
545 2147 678 2218 quanto
702 2136 908 2216 diligentius
932 2157 1098 2217 possum,
1133 2146 1172 2196 ut
1200 2144 1305 2197 antea
1334 2133 1465 2209 curavi,

184 2242 234 2305 sic
259 2255 443 2307 curaturus
468 2265 560 2323 sum,
597 2265 714 2324 neque
737 2246 805 2305 hoc
829 2246 941 2306 solum
966 2245 1060 2325 apud
1087 2243 1192 2305 Suam
1220 2243 1467 2318 Serenitatem,

185 2370 306 2412 verum
325 2350 431 2413 etiam
449 2352 543 2432 apud
561 2350 749 2413 Cesaream
764 2353 985 2432 eandemque
999 2350 1217 2413 Catholicam
1232 2348 1467 2428 Maiestatem,

186 2457 232 2519 ad
257 2476 362 2538 quam
386 2477 500 2539 nuper
531 2457 727 2520 destinatus
761 2458 795 2519 in
830 2470 1007 2520 oratorem
1037 2458 1210 2537 Magister
1235 2458 1267 2518 d.
1304 2457 1468 2518 Andreas

189 2564 235 2625 de
255 2563 378 2647 Burgo
403 2584 459 2627 me
484 2566 655 2627 suadente
681 2566 875 2627 secundum
900 2565 1089 2647 legationis
1114 2584 1198 2627 suae
1223 2563 1468 2644 prescriptum,

188 2672 254 2733 hoc
279 2670 459 2752 imprimiS,
485 2671 580 2734 Suae
605 2672 816 2735 Serenitatis
840 2675 1026 2750 mandam,
1056 2683 1110 2733 est
1139 2682 1341 2748 curaturus,
1374 2674 1468 2751 quod

185 2779 231 2840 ad
255 2778 408 2841 Vestrae
425 2779 661 2841 Beatitudinis
686 2779 830 2860 eiusque
848 2776 953 2841 Sedis
972 2778 1202 2860 Apostolicae
1227 2777 1469 2839 defensionem

186 2895 222 2946 et
245 2887 416 2949 honorem
442 2888 570 2949 cedere
587 2886 728 2968 poterit,
760 2886 837 2966 Que
855 2886 982 2948 cursim
999 2885 1093 2948 volui
1112 2885 1224 2947 eidem
1251 2884 1467 2963 exposuisse,

187 3001 316 3054 utnon
340 3003 411 3055 tam
435 2993 540 3055 fidem
566 3003 602 3055 et
625 2993 831 3055 servitutem
855 3014 969 3055 meam
995 2993 1210 3073 intelligeret
1235 3012 1353 3072 prose
1371 3011 1468 3071 para·

187 3098 376 3170 tissimam‚
411 3120 516 3181 quarn
551 3100 656 3162 etiam
686 3121 730 3162 ne
762 3100 877 3162 eidem
902 3104 1090 3163 obscurum
1116 3110 1230 3179 esset,
1264 3119 1319 3160 me
1353 3099 1469 3159 omnia

188 3205 306 3287 potius
330 3207 491 3283 laturum,
526 3227 630 3288 quarn
657 3205 838 3287 quippiam
863 3218 1144 3288 acceptaturum,
1179 3206 1273 3288 quod
1300 3207 1357 3266 vel
1382 3204 1467 3267 Sedi

187 3312 420 3393 Apostolicae
445 3314 490 3376 sit
514 3314 741 3391 contrarium,
766 3314 823 3374 vel
849 3313 1059 3393 dignitatem
1084 3316 1339 3376 sacerdotalem
1366 3315 1468 3374 dede·

188 3428 278 3499 ceat,
303 3419 358 3482 cui
388 3441 444 3483 me
475 3421 529 3482 his
558 3430 593 3482 et
618 3419 814 3481 Ecclesiam
846 3440 943 3480 suam
970 3420 1210 3482 'l'ridentinam
1240 3422 1470 3482 vehementer

188 3535 225 3586 et
248 3526 350 3587 unice
375 3527 595 3591 commendo

277 3632 332 3693 Ex
357 3633 528 3696 Tridento
553 3633 669 3695 xvir.
695 3632 777 3711 Julii
804 3635 909 3695 Anno
935 3633 1076 3696 Domini
1101 3632 1326 3698 Moxxvu.

278 3739 444 3803 Eiusdem
471 3741 620 3802 Vestrae
646 3738 864 3802 Sanctitatis.

1102 3866 1184 3919 llum.
1202 3866 1328 3914 Creatura

1062 3956 1093 4008 B.
1113 3955 1189 4018 Eps.
1208 3955 1364 4008 Trident.
