3330 5580
733 491 944 546 M335²«)

191 646 295 696 terno
321 634 451 697 affectu
476 635 511 696 in
525 636 676 697 Domino
701 638 893 715 hortantes,
920 649 957 700 ut
983 639 1351 702 christranissimorum
1377 661 1476 721 prae-

192 742 421 805 decessorum
439 762 581 804 suorum
599 744 773 823 virtutem,
799 765 903 825 quam
922 766 1062 826 semper
1086 746 1221 808 imitata
1246 756 1309 816 est,
1333 749 1476 810 nuncin

194 853 260 911 hoc
295 869 406 930 opere
440 849 590 912 maxime
616 849 817 913 Christiano
842 864 1126 931 repraesentans,
1151 852 1307 935 fideique
1333 875 1418 916 suae
1443 865 1477 915 et

191 955 357 1036 promissi
383 977 525 1032 memor,
547 957 692 1036 rejicere
713 978 734 1019 a
749 978 827 1019 sese
853 972 888 1019 et
909 979 930 1020 a
945 979 1009 1020 sua
1033 959 1149 1036 gratia
1173 960 1253 1038 (nisi
1279 961 1476 1041 resipiscat,

192 1076 228 1123 et
252 1064 299 1123 ad
316 1082 379 1124 cor
402 1065 526 1125 redeat
548 1063 768 1143 humilitatis)
793 1085 941 1144 pravum
966 1065 1153 1142 hominem,
1182 1077 1217 1127 et
1241 1067 1477 1147 perniciosum

190 1173 388 1232 membrum
413 1190 483 1232 non
504 1171 574 1250 jam
599 1170 728 1232 Christi
760 1173 822 1233 sed
848 1172 1028 1234 Sathanae
1062 1193 1130 1234 non
1165 1184 1373 1254 postponat,
1408 1174 1476 1236 dic·

190 1289 318 1357 tasque
343 1287 484 1338 nostras
509 1276 644 1338 litteras
668 1278 899 1359 promulgari,
925 1289 960 1340 et
985 1279 1101 1340 omnia
1126 1278 1160 1340 in
1186 1280 1236 1342 eis
1256 1282 1477 1362 praescripta

190 1385 317 1445 ordine
351 1383 473 1446 debito
507 1382 648 1464 perlici,
681 1394 719 1445 ut
750 1384 868 1445 oriens
900 1385 968 1446 hoc
1002 1384 1203 1447 incendium
1237 1386 1476 1468 extinguatur,

189 1492 347 1554 adiuvet.
380 1490 479 1552 Haec
498 1490 590 1552 enirn
616 1489 675 1552 illa
700 1502 753 1553 est
777 1489 927 1553 hominis
951 1493 1053 1571 hujus
1077 1502 1112 1554 et
1136 1493 1293 1572 ejusdem
1319 1515 1476 1556 errorum

190 1620 255 1681 per
280 1596 410 1661 Sedenr
436 1596 681 1678 Apostolicam
705 1597 741 1658 in
762 1596 947 1660 Catholico
972 1598 1264 1679 peritissimorum
1287 1614 1476 1675 conventu,

190 1707 328 1788 Spiritu
345 1704 479 1767 Sancto
497 1715 692 1784 praeeunte
708 1704 766 1785 qui
791 1703 825 1765 in
850 1704 1050 1767 huiusmodi
1075 1706 1190 1768 causis
1214 1707 1295 1769 huic
1323 1709 1477 1770 Sanctae

191 1811 278 1875 sedi
304 1832 482 1892 nunquam
507 1810 637 1890 abfuit,
662 1812 757 1873 saeta
781 1811 998 1892 reprobati0,
1023 1833 1127 1892 quam
1152 1822 1187 1875 te
1213 1824 1406 1894 expectare
1428 1816 1476 1875 di-

191 1920 299 1989 xisti;
324 1940 416 1999 quae
441 1929 560 1980 tamen
585 1928 775 1999 antequam
799 1917 917 1997 fieret,
942 1919 1086 1999 potuisti
1113 1939 1178 2000 pro
1203 1929 1263 1981 tua
1288 1921 1477 2001 prudentia

190 2028 475 2089 animadvertere
507 2045 598 2105 quae
628 2034 721 2086 esset
746 2024 888 2087 Martini
913 2024 1059 2087 Lutheri
1085 2046 1199 2102 mens,
1234 2047 1338 2107 quam
1370 2027 1476 2108 impia

190 2133 377 2215 cogitatio:
415 2131 475 2212 qui
499 2131 649 2211 primum
674 2132 756 2192 dum
781 2134 966 2193 damnatas
989 2131 1120 2193 iamdiu
1145 2152 1210 2212 per
1238 2133 1473 2195 universalem

191 2240 379 2303 ecclesiam
404 2239 662 2317 waldensium,
688 2239 958 2300 Hussitanorum
988 2248 1022 2301 et
1047 2239 1283 2301 Bohemorum
1308 2242 1475 2302 haereses

190 2369 367 2411 renovare
392 2359 499 2429 atque
523 2347 722 2409 instaurare
746 2346 878 2424 nititur,
904 2367 942 2408 se
966 2346 1081 2428 ipsum
1105 2347 1259 2408 ostendit
1283 2348 1397 2428 quails
1415 2349 1475 2415 sit:

189 2456 323 2518 deinde
345 2475 423 2516 cum
441 2454 565 2515 Turcis
583 2453 808 2535 suffragatur,
833 2474 910 2515 cum
936 2473 1069 2534 poenas
1094 2464 1129 2514 et
1153 2455 1327 2534 supplicia
1352 2457 1473 2516 haere-

189 2564 340 2625 ticorum
375 2563 554 2643 deplorat,
586 2559 692 2622 fidem
712 2562 941 2622 demonstrat
966 2581 1004 2622 se
1030 2580 1160 2640 cupere
1186 2571 1221 2622 et
1245 2563 1291 2622 ab
1317 2562 1476 2623 externis

189 2681 225 2730 et
249 2671 297 2730 ab
322 2667 498 2730 intestinis
522 2667 683 2729 hostibus
708 2667 936 2728 exterminari
961 2667 1182 2730 catholicam.
1231 2669 1416 2730 Postremo
1440 2669 1474 2730 in

190 2791 261 2838 tam
288 2775 459 2851 effrenem
485 2774 686 2856 superbiam
713 2785 766 2836 est
791 2776 904 2837 elatus
929 2786 967 2836 ut
982 2796 1081 2837 suam
1101 2775 1202 2837 unlus
1218 2777 1475 2852 auctoritatem,

190 2905 289 2945 suam
321 2882 550 2959 sententiam,
585 2902 684 2943 suum
716 2882 750 2943 in
785 2882 970 2964 scripturis
1001 2882 1218 2945 intellectum
1251 2883 1413 2944 omnibus
1438 2903 1475 2943 se

189 2992 428 3053 antelaturum
453 2989 636 3070 praedicet
654 3000 688 3050 et
714 2990 981 3052 universitatum
1007 3000 1042 3052 et
1067 3003 1267 3052 sanctorum
1294 2991 1477 3051 doctorum

189 3114 225 3159 et
257 3097 566 3159 oecumenicorum
596 3097 824 3158 conciliorum
854 3107 889 3157 et
914 3097 1157 3159 Romanorum
1184 3096 1393 3158 Pontificum
1419 3098 1474 3158 de·

188 3204 308 3281 cretis,
344 3215 468 3265 contra
499 3203 755 3284 professionem
784 3202 990 3265 humilitatis
1020 3224 1123 3285 quam
1149 3203 1263 3265 emisit
1289 3213 1323 3265 et
1353 3216 1477 3266 contra

188 3313 267 3375 eius
291 3312 484 3373 beatissimi
512 3311 581 3385 viri,
602 3311 847 3373 auctoritatem
874 3311 972 3373 cuius
994 3333 1122 3373 nomen
1141 3311 1309 3391 praefert,
1335 3310 1475 3372 maximi

187 3422 223 3482 in
253 3419 320 3482 Dei
345 3418 505 3481 Ecclesia
530 3419 685 3480 doctoris
711 3417 913 3498 Augustini.
961 3418 1060 3498 Quae
1085 3439 1163 3479 eum
1189 3417 1314 3499 gravia
1338 3438 1402 3498 per
1427 3438 1476 3498 se,

188 3542 263 3590 tum
290 3545 376 3589 vero
402 3535 587 3606 postquam
613 3525 715 3586 huius
740 3535 884 3587 sanctae
910 3536 945 3587 et
969 3525 1186 3605 apostolicae
1213 3525 1307 3586 sedis
1327 3524 1476 3586 accessit

188 3632 397 3712 declaratio,
422 3644 518 3693 tuum
540 3634 611 3713 jam
636 3642 699 3703 est,
726 3632 854 3695 dilecte
878 3631 938 3711 fili,
964 3633 1092 3694 omissa
1115 3632 1293 3694 hominurn
1311 3630 1476 3707 amicitia,

188 3762 269 3802 eam
300 3760 392 3820 quae
417 3739 484 3801 Dei
516 3750 569 3801 est
598 3739 748 3801 caeteris
772 3743 879 3802 rebus
903 3750 1142 3821 anteponere,
1177 3739 1349 3818 nobisque
1376 3757 1473 3818 prae-

188 3860 286 3910 stare
318 3846 424 3908 fidem
456 3857 491 3908 et
519 3846 788 3928 promissionem
820 3867 925 3927 quam
955 3848 988 3908 in
1015 3847 1144 3927 pignus
1170 3857 1205 3907 et
1229 3845 1367 3925 signum
1394 3855 1475 3905 tuae

188 3952 513 4017 (Ihristianissimae
544 3955 671 4017 mentis
696 3954 839 4024 dedisti;
865 3963 902 4015 ut
926 3954 1085 4015 extincto
1111 3973 1271 4015 sermone
1296 3951 1476 4014 hominum

189 4063 251 4144 qui
284 4072 345 4121 tua
377 4059 506 4122 fiducia
532 4063 624 4123 hunc
649 4081 757 4142 saepe
782 4060 848 4122 iam
876 4061 1006 4122 dictum
1031 4060 1225 4140 iniquitatis
1250 4058 1358 4120 filium
1385 4059 1474 4119 Mar-

189 4169 302 4230 tinum
329 4168 519 4230 lutherum
553 4167 671 4229 furere
696 4167 891 4242 affirmant,
926 4178 985 4228 tua
1010 4169 1191 4228 excellens
1216 4166 1326 4227 virtus
1351 4186 1392 4226 ae
1418 4186 1474 4227 no-

189 4275 312 4337 bilitas
336 4294 435 4336 suurn
462 4274 618 4335 debitum
644 4275 871 4354 splendorem
896 4276 991 4355 apud
1021 4274 1129 4334 Deum
1158 4273 1389 4353 hominesque
1417 4274 1473 4332 ob-

190 4382 315 4444 tineat.
362 4379 466 4460 Quod
493 4392 530 4442 ut
561 4378 765 4466 laciasssnon
791 4382 902 4443 solum
929 4381 1080 4460 petimus
1105 4390 1212 4461 atque
1237 4383 1475 4456 obsecramus,

190 4490 255 4552 sed
280 4489 315 4550 in
341 4488 480 4549 nomine
506 4488 609 4549 etiam
628 4489 693 4549 l)ei
712 4488 964 4569 omnipotentis
982 4499 1017 4548 et
1032 4487 1066 4548 in
1085 4488 1216 4549 virtute
1232 4499 1376 4549 sanctae
1395 4488 1473 4547 obe-

190 4595 350 4658 dientiae
366 4594 586 4676 requirimus.
624 4596 751 4658 Datum
768 4594 908 4656 Romae
924 4597 1018 4674 apud
1038 4593 1072 4657 S.
1093 4595 1234 4655 I’etrum
1255 4597 1319 4653 sub
1344 4594 1474 4653 annulo

191 4701 406 4780 Piscatoris,
439 4701 495 4763 die
521 4701 617 4763 VIII.
643 4702 725 4781 Julii
749 4700 902 4763 MDXX
935 4702 1048 4762 Pone.
1074 4701 1184 4762 nostri
1217 4721 1310 4761 anno
1336 4710 1473 4760 octavo.

1281 4912 1311 4968 l*
