3330 5580
706 438 955 500 Φῦὃὸὓῦνΰ

189 592 295 656 etiam
326 590 560 672 intervenire,
596 590 687 653 sicut
720 589 755 652 in
789 593 885 653 bono
909 588 1028 652 tritico
1061 587 1196 653 zizania
1225 608 1377 654 necesse
1410 597 1472 655 est

189 700 280 763 Illud
305 699 407 763 nobis
432 719 503 762 non
528 698 718 763 admodum
742 697 903 759 modeste
932 695 1065 760 factum
1088 695 1203 760 visum
1228 705 1284 761 est
1308 698 1408 780 quod
1430 697 1474 759 de

189 806 348 870 Concilio
378 809 571 888 loquuntur
601 807 761 890 generali
794 827 865 869 non
889 825 993 869 secus
1024 825 1066 868 ac
1094 804 1124 868 si
1148 804 1215 868 soli
1245 804 1384 869 domini
1406 824 1473 868 orn-

189 915 283 977 nium
308 934 425 977 rerum
449 923 578 993 essent,
604 923 639 977 et
663 912 911 977 Christianitas
934 933 1004 975 una
1029 911 1074 975 sit
1098 911 1309 987 Germania;
1335 932 1417 976 cum
1440 925 1475 975 et

191 1022 235 1082 ad
260 1041 364 1102 quem
388 1020 584 1102 pertineat,
617 1041 658 1083 ac
684 1041 831 1102 quorum
856 1021 901 1083 de
925 1038 1101 1083 consensu
1125 1039 1326 1083 convocare
1352 1017 1474 1083 Conci·

188 1128 270 1190 lium
296 1128 409 1190 omnia
436 1127 513 1189 iura
538 1128 791 1205 demonstrent,
816 1134 853 1188 et
873 1145 965 1189 nunc
983 1126 1034 1188 eis
1050 1125 1285 1191 incommodis
1301 1126 1476 1210 implicita

189 1235 233 1298 sit
258 1232 504 1297 Christianitas
535 1244 573 1297 ut
603 1236 713 1297 multa
744 1233 842 1314 prius
873 1231 1056 1315 explicare
1087 1254 1235 1297 necesse
1268 1233 1332 1315 sit,
1370 1254 1475 1317 quam

189 1343 257 1404 huc
291 1340 471 1404 devenire.
519 1341 652 1403 Verum
685 1342 774 1404 haec
808 1340 1088 1423 gubernabimus
1122 1361 1166 1404 ea
1193 1341 1335 1404 ratione
1370 1361 1475 1424 quam

188 1447 415 1530 inspiraverit
448 1447 551 1511 nobis
582 1448 698 1526 Deus,
734 1447 851 1510 animo
885 1447 1027 1529 quidem
1062 1447 1168 1511 etiam
1200 1447 1336 1511 maiore
1370 1468 1477 1531 quam

190 1567 366 1617 tantorum
391 1555 571 1617 turbinum
595 1574 787 1617 concursus
820 1554 878 1636 qui
903 1567 939 1616 et
964 1576 984 1618 a
1007 1554 1201 1617 'l'urcarum
1225 1554 1333 1618 armis
1369 1565 1407 1618 et
1429 1556 1476 1619 ab

188 1662 362 1724 intestinis
388 1661 666 1724 Christianorum
698 1660 931 1724 incommodis
955 1680 1020 1723 nos
1044 1669 1248 1743 praemunt,
1284 1660 1477 1725 videantur

188 1771 380 1852 postulare.
428 1768 522 1849 Quid
546 1768 639 1831 enim
663 1770 721 1830 vel
746 1768 852 1830 animi
876 1770 934 1831 vel
959 1767 1095 1831 consilii
1117 1769 1242 1831 deesse
1263 1778 1387 1851 potest
1409 1767 1476 1831 rite

189 1886 225 1940 et
256 1876 403 1939 firmiter
435 1874 469 1939 in
495 1875 648 1938 Domino
673 1875 923 1957 sperantibus?
971 1875 1132 1939 Habebis
1163 1876 1270 1939 etiam
1299 1885 1475 1958 protesta-

189 1984 322 2047 tionum
357 1985 558 2063 exemplum
593 2002 683 2063 quae
718 2002 782 2064 per
816 1983 1006 2045 liberarum
1040 1981 1222 2045 civitatum
1246 1982 1408 2046 Nuncios
1440 1982 1476 2046 in

190 2092 316 2155 eodem
340 2101 518 2153 conventu
542 2089 659 2153 factae
682 2099 772 2170 sunt,
798 2110 889 2173 quae
913 2110 984 2172 quo
1005 2090 1126 2153 animo
1144 2089 1224 2171 sint,
1249 2088 1362 2153 infido
1394 2090 1480 2154 vide

188 2199 271 2261 licet
304 2207 340 2258 et
364 2207 552 2280 corrupto,
586 2206 621 2260 et
645 2197 730 2279 quid
759 2196 862 2260 nobis
886 2197 920 2260 in
945 2197 1126 2278 presentia
1158 2198 1322 2260 videatur
1353 2196 1478 2260 afferri

191 2303 339 2368 remedii
369 2322 487 2385 posse,
513 2305 556 2366 ad
582 2303 750 2379 dilectum
773 2302 882 2367 filium
911 2302 1142 2367 Melchiorem
1167 2305 1329 2387 Langum
1353 2303 1474 2368 Came-

189 2412 319 2475 rarium
344 2423 502 2474 nostrum
536 2431 615 2474 cum
639 2410 958 2493 circumspectione
981 2419 1043 2473 tua
1066 2411 1260 2494 praecipue
1283 2411 1477 2475 communi·

189 2519 340 2582 candum
365 2517 549 2597 mittimuS,
583 2517 638 2580 cui
663 2527 700 2579 tu
724 2516 831 2581 fidem
856 2537 995 2581 ornnem
1020 2517 1180 2580 habebis.
1226 2517 1397 2580 Nostrum
1423 2527 1478 2580 est

190 2646 282 2688 nunc
307 2625 441 2689 hortari
466 2625 501 2687 in
519 2625 673 2687 Domino
697 2623 1050 2708 circumspectionem
1075 2635 1170 2687 tuam
1195 2634 1232 2687 ut
1255 2623 1478 2705 singularem

190 2754 267 2796 eam
284 2732 509 2815 prudentiam
527 2752 597 2813 qua
613 2732 648 2794 in
666 2731 788 2814 primis
804 2734 916 2815 pollet
937 2741 972 2794 et
990 2730 1236 2795 auctoritatem
1252 2752 1324 2813 qua
1338 2752 1477 2796 summe

190 2850 244 2902 est
267 2840 441 2922 praedita,
466 2838 629 2902 conferre
654 2859 793 2902 omnem
818 2839 863 2902 ad
888 2840 1074 2901 tutandum
1091 2837 1314 2902 Christianae
1329 2837 1416 2901 fidei
1441 2849 1478 2902 et

189 2947 292 3009 huius
316 2945 470 3009 Sanctae
491 2943 606 3025 Sedis,
632 2945 729 3008 cuius
753 2945 831 3027 ipsa
856 2945 1164 3008 honoratissimum
1187 2947 1385 3009 membrum
1411 2961 1477 3027 est,

191 3055 299 3116 decus
323 3073 392 3115 non
409 3062 613 3134 postponat,
639 3072 789 3135 eumque
804 3073 960 3116 amorem
977 3073 1047 3134 quo
1063 3052 1167 3115 nobis
1181 3053 1328 3136 proprie
1344 3053 1479 3117 affecta

190 3170 244 3224 est
269 3171 304 3224 et
328 3159 383 3222 cui
407 3180 472 3222 nos
496 3180 566 3222 non
593 3159 718 3222 minori
741 3159 984 3222 benivolentia
1005 3159 1272 3241 respondemus,
1298 3159 1478 3225 inhaere

190 3278 302 3330 totum
334 3269 539 3341 ostendere;
576 3266 606 3329 si
630 3277 746 3330 tamen
780 3267 947 3349 perennis
978 3277 1014 3330 et
1038 3277 1213 3348 perpetua
1244 3266 1321 3330 laus
1345 3276 1409 3330 tua
1441 3277 1477 3331 et

190 3374 289 3438 istius
325 3374 447 3437 summi
484 3395 525 3436 ac
558 3374 662 3436 nobis
695 3372 968 3436 coniunctissimi
998 3373 1114 3455 Regis
1150 3373 1185 3435 in
1218 3375 1286 3436 hoc
1318 3375 1478 3456 negocio

192 3482 344 3545 maxime
369 3481 485 3562 posita
511 3490 565 3543 est
598 3489 635 3542 ut
659 3481 835 3563 possimus
860 3480 1051 3561 aliquando
1076 3480 1351 3562 Rempublicam
1377 3480 1476 3546 Chri·

190 3588 340 3650 stianam
364 3598 417 3650 tot
433 3587 665 3650 incommodis
681 3589 903 3649 laborantem
920 3587 975 3649 his
990 3586 1268 3669 perniciosarum
1284 3588 1477 3653 haeresum

190 3706 226 3758 et
259 3694 491 3776 gravissimae
515 3693 707 3777 impietatis
730 3693 849 3774 malis,
885 3695 964 3757 Deo
988 3703 1184 3774 annuente,
1219 3694 1385 3759 liberare.
1435 3697 1476 3761 In

190 3823 259 3884 quo
284 3811 321 3864 tu
346 3801 489 3883 quidem
513 3801 756 3883 dignissimam
787 3822 825 3864 ac
850 3801 1107 3864 sanctissimam
1132 3821 1278 3884 operam
1301 3805 1478 3883 praebes;

189 3909 346 3990 undique
370 3909 462 3971 enim
488 3908 718 3989 intelligimus
742 3929 782 3971 ac
808 3907 913 3970 etiam
938 3929 983 3971 ex
1009 3907 1166 3971 eiusdem
1191 3907 1398 3973 Melchioris
1423 3910 1479 3976 lit-

190 4015 369 4097 terisque
393 4015 583 4096 prudentia
614 4025 649 4077 et
673 4014 796 4095 vigilia
820 4014 978 4096 serpenti
1001 4014 1082 4076 huic
1107 4013 1179 4076 labi
1203 4013 1480 4098 circumspectio

190 4133 250 4186 tua
280 4132 462 4201 occurrat,
497 4140 603 4201 quam
627 4122 804 4201 quomodo
830 4120 958 4183 idonee
983 4169 1092 4186 .....
1118 4123 1164 4182 ob
1195 4132 1267 4184 tam
1291 4122 1479 4204 singulare

190 4231 352 4293 meritum
370 4250 439 4292 non
457 4227 668 4310 repetimus;
694 4249 774 4290 nam
793 4248 908 4309 neque
924 4276 1035 4293 .....
1060 4227 1201 4291 litterae
1216 4228 1334 4291 animo
1350 4241 1478 4297 nostro

190 4337 276 4400 satis
300 4384 412 4403 .....
441 4335 476 4399 in
501 4337 602 4398 coelo
627 4344 801 4416 perpetua
825 4335 918 4398 inter
941 4335 1101 4398 homines
1124 4334 1288 4416 profecto
1312 4336 1480 4417 singular

193 4492 298 4507 .....
324 4443 462 4507 litterar
485 4462 563 4505 cum
587 4462 722 4504 summo
749 4493 755 4506 .
775 4490 782 4505 .
801 4489 808 4505 .
828 4489 835 4504 .
852 4441 902 4522 .¹).

279 4551 361 4615 Dat.
385 4550 525 4613 Romae
550 4557 616 4612 etc.
654 4548 722 4612 Die
747 4549 840 4611 XVI
863 4548 950 4612 Maii
978 4570 1060 4628 1524
1087 4550 1191 4612 Anno
1217 4561 1269 4632 p⁰.

222 4723 242 4782 ¹)
262 4720 305 4769 Ob
323 4719 453 4782 originale
472 4718 581 4767 omnino
600 4734 736 4768 corrosum
755 4719 836 4767 verba
855 4719 1004 4767 desiderata
1022 4720 1163 4784 perierunt.

730 4822 936 4836 WWVWVVWW
