3330 5580
700 419 947 478 euneos&

793 677 866 742 115.

452 791 912 873 vicecancellarius
949 792 1198 875 1110311110.

624 939 766 1010 (nmine
785 939 911 998 10111131.
929 939 960 998 ic
978 941 1030 1008 ld)

675 1063 727 1117 (ro.
748 1061 863 1123 Augusti
885 1057 972 1129 1521.)

275 1182 356 1245 Non
387 1182 424 1246 vi
447 1193 669 1265 potressemo
695 1182 895 1263 exprimere
927 1185 960 1246 el
984 1183 1128 1266 piacere
1162 1192 1198 1247 et
1222 1184 1471 1248 consolatione

187 1292 252 1354 che
276 1291 426 1354 sentimo
460 1291 555 1353 della
587 1310 705 1352 nuova
729 1290 952 1372 promotione
986 1300 1021 1353 et
1046 1290 1255 1373 dignissima
1289 1292 1349 1354 del
1375 1291 1472 1354 Rmo

187 1419 297 1462 mons.
320 1400 367 1486 *de
391 1396 495 1480 Liegi
519 1398 553 1460 31
577 1397 824 1477 Cardinelato,
856 1399 883 1459 sl
909 1417 973 1478 per
996 1398 1018 1459 l'
1033 1418 1132 1461 amor
1156 1399 1222 1460 che
1245 1418 1391 1480 sempre
1414 1399 1473 1461 ha·

187 1525 291 1567 vemo
315 1514 458 1585 portato
483 1503 518 1566 di
543 1524 626 1567 core
650 1523 671 1565 3
696 1503 769 1565 Sua
794 1501 857 1564 8111ι
879 1503 992 1583 Rma,
1026 1509 1054 1566 sl
1080 1504 1194 1567 ancho
1219 1525 1284 1586 per
1307 1505 1343 1567 la
1367 1507 1474 1568 bene·

187 1612 344 1673 volentia
368 1612 433 1673 che
458 1613 632 1693 portiamo
657 1631 678 1672 3
702 1611 771 1672 voi.
811 1609 852 1671 Li
877 1609 1051 1674 scrivemo
1076 1631 1146 1673 una
1169 1611 1298 1674 lettera
1323 1631 1473 1695 congra-

188 1718 371 1792 tulatoria;
407 1738 465 1779 ma
488 1717 710 1780 exhortiamo
735 1727 771 1780 et
794 1716 1005 1799 preghiamo
1030 1717 1089 1779 voi
1113 1717 1272 1799 vogliate
1297 1718 1478 1782 adiutarla

189 1846 256 1889 con
288 1826 322 1887 la
346 1824 536 1906 prudentia
568 1834 603 1886 et
627 1823 841 1888 sufficientia
864 1833 986 1886 vostra
1017 1827 1083 1887 che
1107 1824 1294 1906 maggiore
1328 1823 1477 1904 piacere

189 1934 222 1995 al
246 1940 413 2014 presente
447 1952 516 1993 non
542 1930 573 1992 ci
606 1940 765 2012 potreste
790 1930 876 1996 sare.
923 1931 970 1993 Vi
1003 1934 1292 2013 congratularete
1327 1934 1477 2015 dunque

189 2040 224 2103 in
255 2049 377 2101 nostro
409 2048 445 2100 et
469 2048 590 2100 vostro
614 2057 718 2100 nome
751 2038 786 2099 di
810 2047 901 2100 tutto
928 2039 949 2100 'l
974 2059 1056 2101 core
1088 2038 1281 2101 basciando
1313 2039 1477 2103 humilie-

189 2157 308 2210 mente
337 2147 369 2208 le
394 2145 485 2208 mani
518 2165 539 2207 3
563 2143 636 2207 Sua
660 2144 741 2206 mma
765 2154 800 2207 et
824 2145 947 2207 Revrr
971 2143 1148 2225 Signoria.
1195 2144 1240 2206 Et
1263 2166 1285 2207 3
1315 2145 1362 2207 lei
1389 2146 1476 2209 offe·

190 2255 301 2316 rendo
326 2260 416 2314 tutte
441 2253 473 2313 le
498 2249 629 2313 saeuitia
655 2259 690 2312 et
713 2270 868 2331 persona
892 2263 1013 2314 nostra
1042 2260 1077 2313 et
1101 2252 1478 2316 riccommandandoci

190 2361 344 2422 insieme.
393 2358 438 2420 Et
461 2358 673 2420 benevalete
697 2356 721 2418 il
746 2367 868 2421 nostro
893 2379 1026 2421 messer
1042 2359 1272 2441 Hieronymo
1318 2359 1375 2421 Ex
1394 2360 1478 2423 Flo·

190 2467 300 2530 rentia
328 2464 367 2527 X
392 2463 546 2545 Augusti
571 2462 752 2526 MDXXI.

795 2916 869 2982 116.

511 3033 903 3114 lliceccncellcriuc
932 3033 1150 3114 lileendrc.

628 3180 769 3250 meatim.
788 3179 913 3252 deman.
933 3180 964 3239 11.
983 3181 1035 3244 80.)

684 3302 737 3360 (13.
756 3300 873 3361 Augusti
895 3296 982 3368 1521.)

280 3435 442 3497 Havemo
466 3435 501 3496 la
525 3444 646 3497 vostra
670 3433 705 3494 di
730 3432 882 3495 XXVII
911 3453 978 3496 con
1002 3433 1023 3495 l'
1038 3433 1162 3495 adviso
1188 3434 1233 3495 de
1257 3435 1293 3496 13
1317 3455 1475 3517 exequu-

191 3544 266 3606 tion
289 3542 385 3605 iacta
409 3542 443 3604 in
464 3540 559 3604 Gant
584 3544 615 3603 el
642 3542 676 3602 (11
702 3539 736 3601 di
761 3538 797 3603 S.
822 3540 957 3618 Jacobo
982 3550 1106 3602 contro
1131 3541 1154 3602 li
1179 3541 1260 3603 libri
1284 3542 1343 3603 del
1367 3545 1476 3607 male·

192 3652 306 3729 decto,
331 3650 396 3710 clre
411 3648 488 3710 Idio
513 3647 565 3710 sia
589 3667 729 3729 sempre
754 3647 974 3729 ringratiato
1021 3648 1153 3710 Nostro
1171 3646 1305 3728 Signor
1329 3648 1365 3711 di
1381 3660 1476 3714 tutto

191 3759 236 3819 ha
267 3776 373 3837 preso
397 3753 640 3819 consolatione
664 3755 819 3836 grande,
853 3755 1006 3817 maxime
1032 3756 1284 3836 cognoscendo
1318 3756 1338 3818 l'
1353 3756 1475 3822 animo

191 3863 227 3925 di
259 3863 377 3944 quello
409 3860 698 3923 christianissimo
729 3860 962 3940 imperatore,
1000 3882 1140 3943 sempre
1178 3862 1237 3943 piir
1270 3863 1421 3926 ardente
1453 3885 1476 3927 a

191 3980 317 4053 questa
341 3989 424 4031 cosa
449 3989 514 4051 per
538 3967 808 4030 conservatione
841 3968 935 4030 della
959 3968 1052 4033 fede.
1099 3969 1137 4030 L'
1153 3970 1265 4032 ander
1289 3979 1412 4033 vostro
1437 3970 1474 4035 in

190 4076 384 4139 Hollandia
408 4084 444 4138 et
467 4074 527 4157 poi
551 4074 687 4136 ritorno
711 4095 732 4136 a
756 4073 834 4155 noi,
859 4075 1057 4155 parendovi
1081 4080 1152 4138 cosl
1179 4076 1414 4157 expediente,
1441 4078 1474 4141 ci

191 4184 388 4246 rimettemo
413 4182 449 4244 in
465 4191 557 4243 tutto
581 4203 602 4243 3
626 4183 659 4243 13
676 4181 866 4263 prudentia
881 4191 1019 4253 vostra:
1046 4193 1081 4245 et
1105 4184 1139 4245 13
1154 4183 1335 4264 presentia
1350 4193 1475 4248 vostra

190 4291 334 4371 quando
359 4289 411 4351 sia
435 4308 502 4351 con
525 4289 709 4350 commodo
735 4289 827 4350 delle
843 4308 927 4351 cose
942 4288 1110 4369 publiche
1135 4300 1170 4352 et
1184 4288 1324 4371 private
1340 4298 1473 4373 vostre,

191 4398 222 4460 ci
246 4396 325 4460 sarit
350 4395 560 4477 gratissima.
608 4395 651 4457 Et
677 4398 770 4458 bene
794 4396 922 4458 valete.
969 4396 1173 4459 Florentiae
1199 4396 1290 4458 XIII
1314 4396 1473 4479 Augusti
