3330 5580
706 490 954 553 &wlff-0

187 637 248 718 pio
272 637 309 698 id
333 638 485 699 maxime
515 639 697 719 negabant
721 637 816 718 fore,
849 639 914 702 che
939 659 1010 701 non
1034 640 1070 701 la
1096 649 1249 720 potrano
1272 639 1335 721 piu
1359 660 1479 718 curar,

187 745 311 807 saltem
336 765 400 827 per
424 745 449 807 il
472 754 651 826 presente,
674 744 710 807 in
734 746 782 807 tal
807 746 913 808 modo
937 747 1020 827 quel
1035 747 1190 809 dracone
1207 767 1343 810 saxone
1361 751 1477 812 extol-

132 848 135 854 ’
188 852 227 914 lit
252 853 354 932 colla,
379 851 413 914 in
439 853 487 914 tal
512 853 618 914 modo
643 851 667 914 li
691 852 849 934 serpenti
867 852 1043 917 lutherani
1060 874 1149 917 sono
1165 854 1389 936 multiplicati
1406 856 1477 920 che

187 959 339 1035 sibilano
364 962 471 1041 longe
496 960 638 1040 lateque
664 971 833 1040 quantum
857 961 997 1039 volunt,
1031 981 1051 1022 e
1084 971 1253 1041 questoro
1285 970 1408 1026 tacent
1440 973 1478 1028 et

188 1067 234 1129 mi
260 1088 324 1149 par
341 1068 406 1130 che
432 1077 601 1131 treman0.
649 1067 778 1129 Vorrei
802 1087 880 1129 curn
904 1067 1020 1148 poche
1044 1069 1182 1148 parolle
1204 1067 1339 1132 scriver
1355 1070 1476 1134 alcuni

188 1175 260 1238 casi
286 1176 351 1238 che
376 1195 442 1256 pur
468 1197 488 1236 a
512 1174 624 1256 quest’
648 1175 737 1237 hora
761 1195 816 1237 me
840 1176 1019 1237 assaltano
1044 1158 1090 1236 da
1124 1174 1209 1258 ogni
1248 1177 1383 1258 banda,
1416 1199 1476 1242 ma

187 1284 462 1365 besognarebbe
487 1281 620 1346 scriver
642 1282 773 1344 volumi
798 1303 869 1344 non
894 1283 1032 1363 lettere,
1058 1291 1093 1345 et
1117 1281 1151 1346 io
1176 1304 1231 1346 me
1255 1265 1381 1347 dubito
1405 1287 1475 1348 che

189 1401 312 1471 queste
349 1411 419 1453 non
455 1389 545 1452 siino
581 1410 647 1471 pur
671 1400 801 1471 troppo
833 1388 1009 1469 taediose,
1046 1389 1074 1452 si
1099 1410 1163 1471 per
1187 1411 1258 1453 non
1287 1391 1414 1455 referir
1439 1396 1474 1456 al

189 1496 282 1560 SS¹¹¹⁰
308 1519 326 1560 e
348 1519 369 1560 a
387 1497 431 1558 V.
449 1496 485 1558 S.
503 1498 580 1559 Rlna
604 1518 688 1559 cosa
712 1498 777 1559 che
801 1499 910 1559 molto
935 1496 960 1560 li
983 1497 1130 1578 piaccia,
1155 1496 1184 1559 si
1200 1511 1264 1579 per
1284 1499 1319 1560 la
1334 1501 1476 1580 grande

189 1605 369 1668 verbosita
394 1603 481 1678 mia;
516 1625 573 1666 ma
596 1604 620 1665 il
644 1603 778 1667 scriver
812 1625 894 1666 cose
917 1603 1041 1666 noiose
1066 1602 1309 1685 imputandum
1335 1615 1390 1668 est
1414 1627 1474 1669 ne-

189 1712 346 1776 cessitati
370 1731 477 1775 verae
502 1713 560 1774 vel
584 1711 702 1794 potius
727 1713 853 1792 culpae
878 1711 1075 1788 hominurn,
1106 1721 1141 1774 et
1166 1712 1231 1775 che
1264 1713 1298 1775 io
1328 1713 1370 1776 sii
1393 1734 1473 1777 ver·

190 1825 278 1883 boso
294 1823 328 1882 lo
346 1819 382 1882 fa
400 1820 465 1881 che
489 1818 589 1880 misi
613 1817 734 1900 gonfia
758 1820 791 1880 el
816 1838 898 1880 core
923 1839 969 1879 ex
994 1817 1092 1880 cuius
1116 1820 1336 1883 abundantia
1359 1841 1399 1884 os
1424 1822 1473 1884 lo-

190 1928 317 2009 quitur.

278 2035 366 2097 Heri
397 2033 421 2096 li
446 2032 650 2096 Caesariani
680 2033 716 2094 in
740 2052 881 2095 camera
911 2033 947 2095 di
973 2033 1105 2097 Caesar
1135 2035 1166 2097 ci
1199 2035 1336 2097 dissero
1359 2036 1474 2098 haver

189 2143 311 2205 scritto
337 2164 357 2204 a
381 2141 401 2203 l'
416 2139 654 2203 ambasciator
678 2161 699 2202 a
722 2140 842 2202 Roma
866 2141 1017 2203 devesse
1042 2140 1168 2204 referir
1192 2141 1226 2204 al
1243 2139 1337 2203 SS¹¹¹⁰
1362 2144 1474 2205 molto

189 2249 324 2312 meliori
362 2269 454 2311 nove
487 2249 531 2309 de
561 2249 596 2309 la
628 2267 737 2309 causa
769 2247 814 2308 de
839 2246 993 2309 Martino
1019 2248 1085 2310 che
1108 2268 1174 2329 per
1198 2258 1319 2312 nostre
1344 2250 1473 2313 lettere

189 2377 356 2420 eravamo
381 2356 475 2419 soliti
501 2357 545 2417 de
568 2353 734 2433 scrivere,
760 2364 795 2416 et
819 2355 1082 2434 quodammodo
1107 2358 1386 2436 expostulabant
1409 2357 1474 2420 no-

188 2465 341 2527 biscum:
374 2463 669 2546 respondessemo
698 2462 764 2523 che
788 2481 860 2522 non
884 2461 1155 2524 desideravamo
1180 2462 1224 2524 ne
1248 2482 1472 2544 pregavamo

188 2571 257 2633 Dio
275 2572 319 2633 de
344 2572 435 2633 altra
459 2590 542 2632 cosa
567 2589 605 2630 se
630 2589 700 2630 non
725 2569 789 2630 che
814 2571 891 2630 loro
917 2589 994 2630 cum
1020 2567 1131 2631 effetti
1157 2578 1193 2632 et
1208 2590 1279 2632 non
1304 2591 1382 2633 cum
1407 2572 1459 2633 let

189 2689 264 2741 tere
290 2700 311 2741 o
336 2698 413 2739 curn
437 2677 562 2758 parole
586 2697 626 2738 ce
651 2674 831 2738 facessero
857 2696 963 2756 parer
987 2675 1164 2756 bugiardi.

278 2784 346 2848 Gi‘a
363 2793 505 2865 quattro
530 2782 646 2864 giorni
671 2785 703 2846 el
722 2781 915 2845 Confessor
939 2803 995 2845 me
1019 2782 1113 2845 disse
1138 2783 1217 2846 chel
1242 2785 1365 2847 eraldo
1388 2786 1473 2849 scri-

189 2913 257 2955 vea
280 2914 301 2953 a
326 2891 479 2954 Caesare
504 2911 604 2952 come
628 2911 778 2953 menava
803 2910 881 2952 curn
906 2909 989 2951 seco
1007 2900 1132 2970 questo
1149 2898 1319 2971 monstro,
1344 2901 1380 2953 et
1404 2893 1472 2957 che

189 3009 281 3062 tutto
305 2998 328 3061 il
354 2998 484 3060 mundo
509 2998 584 3060 ibat
599 2997 649 3059 illi
667 2997 808 3060 obviam
825 2996 927 3060 effusi
941 2996 1043 3079 pueri
1060 2997 1302 3080 innuptaeque
1315 3001 1472 3079 puellae,

190 3128 293 3169 senes
317 3127 395 3167 curn
420 3104 616 3168 iunioribus
641 3107 706 3167 che
731 3125 802 3167 non
827 3124 865 3166 se
889 3112 997 3185 potea
1021 3104 1206 3185 remediar,
1231 3113 1266 3167 et
1290 3125 1400 3169 ancor
1424 3109 1473 3172 de

190 3224 315 3296 questo
349 3215 514 3277 haviamo
554 3213 654 3276 diece
690 3212 774 3276 fiate
806 3211 982 3275 rechiesto
1014 3234 1035 3274 a
1066 3212 1199 3275 Caesar
1229 3223 1396 3277 mettesse
1420 3218 1471 3279 tal

190 3323 324 3385 ordene
348 3323 414 3383 che
438 3342 503 3403 per
528 3321 612 3402 ogni
636 3322 716 3382 loco
741 3319 763 3382 l'
777 3320 929 3382 intrasse
954 3328 1092 3383 secreto
1117 3319 1177 3402 piir
1196 3323 1261 3384 che
1278 3321 1373 3385 fusse
1387 3343 1471 3404 pos·

189 3429 305 3502 sibile;
339 3428 552 3510 promissum
583 3427 651 3489 fuit
682 3427 1008 3489 asseverantissime
1039 3428 1196 3489 sednon
1223 3430 1471 3506 observatum;

188 3536 318 3617 perche
355 3557 376 3597 a
411 3534 468 3597 chi
492 3534 623 3597 Cesare
659 3534 832 3597 comanda
868 3555 938 3597 non
974 3554 1134 3615 pensano
1171 3536 1216 3597 ad
1241 3538 1332 3598 altro
1356 3537 1423 3600 che
1449 3553 1495 3602 a=

113 3659 116 3663 ’
190 3644 340 3725 qualche
364 3642 557 3723 particular
582 3641 767 3704 commodo
792 3662 812 3703 0
838 3661 920 3703 cose
945 3641 1143 3722 temporali,
1168 3652 1203 3703 et
1225 3643 1472 3726 davantaggio

188 3751 392 3813 intendemo
417 3750 482 3812 che
507 3758 632 3830 questo
657 3749 675 3811 ὲ
700 3749 818 3830 quello
844 3750 966 3810 eraldo
991 3748 1055 3810 che
1080 3750 1254 3812 mossela
1277 3771 1381 3813 mano
1398 3753 1472 3816 alla

188 3859 302 3939 spada
325 3877 391 3938 per
414 3856 469 3919 far
494 3855 678 3938 despiacer
703 3878 724 3918 a
748 3876 817 3917 uno
843 3856 888 3918 de
912 3857 1127 3935 sedunense,
1162 3858 1194 3919 el
1225 3859 1308 3938 qual
1332 3857 1366 3919 in
1392 3861 1471 3923 sala

190 3966 234 4027 de
259 3965 392 4027 Caesar
415 3964 590 4044 perlando
616 3962 793 4025 defendea
817 3965 852 4025 la
876 3983 983 4024 causa
1007 3963 1065 4025 del
1082 3961 1256 4026 Pontifice
1272 3973 1397 4027 contra
1420 3987 1468 4029 un

187 4072 242 4134 fra
271 4071 408 4150 Joanne
432 4069 541 4132 Fabri
567 4071 611 4132 de
636 4070 801 4151 Augusta
825 4070 891 4131 che
915 4071 974 4131 nel
998 4090 1136 4132 sermon
1169 4070 1204 4132 in
1236 4071 1361 4134 funere
1386 4071 1468 4137 Car-

105 4174 110 4182 *
190 4177 317 4241 dinalis
335 4178 379 4240 de
397 4177 502 4258 Croy,
528 4196 632 4256 quem
646 4175 771 4239 habuit
794 4176 1001 4256 alemanice,
1024 4175 1091 4238 fuit
1107 4178 1295 4240 oblocutus
1312 4179 1356 4240 de
1372 4176 1470 4245 Sede

188 4283 395 4365 apostolica,
420 4284 550 4346 oblitus
575 4293 628 4344 tot
643 4281 890 4346 benefitiorum
916 4304 937 4344 a
952 4280 1017 4345 8Ῐῃο
1041 4285 1085 4346 D.
1101 4283 1143 4346 N.
1169 4295 1406 4367 acceptorum,
1432 4301 1469 4352 et

187 4391 334 4453 intendo
365 4391 430 4452 che
463 4399 588 4471 questo
620 4390 742 4451 eraldo
773 4391 791 4452 ἐ
824 4410 870 4451 un
895 4399 1006 4453 matto
1030 4398 1200 4472 protervo
1224 4391 1467 4458 inimicissimo

188 4498 246 4559 del
271 4499 378 4576 cler0,
403 4496 601 4559 sbaiaffone
621 4497 654 4558 el
679 4498 783 4578 quale
808 4497 827 4559 ὲ
851 4499 921 4559 ben
945 4498 1051 4560 homo
1076 4501 1126 4580 (ut
1149 4499 1248 4561 multi
1271 4500 1340 4561 iam
1365 4521 1465 4582 prae·

188 4601 321 4688 dicunt)
345 4624 411 4685 per
434 4602 490 4666 dir
514 4613 549 4666 et
573 4604 736 4687 publicar
758 4604 870 4666 haver
894 4586 1026 4666 veduto
1051 4606 1202 4685 qualche
1226 4605 1396 4670 miraculo
1421 4611 1467 4674 de

187 4710 341 4772 Martino
366 4731 429 4792 per
454 4712 489 4773 la
512 4711 571 4773 via
595 4733 616 4773 o
641 4714 675 4774 el
699 4709 833 4793 Spirito
854 4709 987 4774 Sancto
1012 4732 1119 4794 sopra
1142 4711 1166 4772 il
1190 4732 1281 4793 capo
1306 4734 1406 4778 corne
1430 4717 1465 4780 lo

188 4817 404 4902 depingono
451 4818 495 4882 Et
519 4839 628 4882 ancor
652 4820 717 4881 che
742 4839 812 4882 non
829 4841 866 4883 se
883 4820 907 4882 li
923 4821 1127 4883 deverebbe
1145 4820 1269 4882 creder
1286 4841 1352 4902 per
1368 4844 1466 4889 esser
