3344 5564
671 427 899 484 *osto-³

144 585 271 658 suapte
301 585 427 638 natura
458 585 539 638 sunt
572 575 710 637 clericis
743 575 878 656 oppido
910 594 1051 654 semper
1077 573 1225 651 infensi,
1259 585 1296 636 ut
1319 575 1428 636 tradit

144 682 348 765 antiquitas.

234 791 286 852 La
310 789 444 852 faculta
469 790 504 851 di
528 789 727 869 Theologia
751 789 882 869 ubique
906 809 944 850 se
968 798 1070 869 porta
1097 791 1166 850 ben
1191 808 1256 868 per
1280 788 1349 850 noi.

234 896 308 959 Sed
334 917 420 979 prae
444 896 595 959 caeteris
619 907 654 957 et
679 917 761 978 spes
779 906 814 958 et
831 896 921 958 ratio
941 895 1106 958 vincendi
1123 896 1157 957 in
1177 895 1329 957 Caesare
1354 907 1426 958 tan-

144 1015 217 1065 tum
244 1016 308 1081 est,
333 1005 366 1066 el
390 1005 472 1085 qual
498 1005 550 1065 sel
574 1023 767 1084 persevera
791 1023 891 1065 come
916 1003 962 1064 ha
987 1001 1248 1080 comminciat0,
1274 1013 1364 1064 tutto
1389 1024 1427 1065 se

144 1110 291 1192 portara
315 1111 360 1172 ad
385 1131 469 1173 vota
494 1123 529 1171 et
553 1109 672 1172 darasi
697 1129 786 1190 pace
811 1111 881 1171 alla
906 1108 1043 1171 Chiesa.

235 1217 368 1280 Contro
397 1217 433 1279 di
464 1217 523 1280 noi
554 1237 642 1279 sono
673 1237 743 1278 una
775 1216 917 1296 legione
942 1215 977 1276 di
1002 1215 1130 1293 nobili,
1164 1215 1259 1277 conti
1285 1215 1318 1276 di
1346 1217 1425 1278 Ale·

144 1345 275 1406 magna
300 1324 434 1406 poveri,
467 1325 557 1385 duce
582 1323 742 1385 Hutteno
768 1322 956 1401 coniurati,
990 1322 1049 1403 qui
1074 1322 1194 1385 sitiunt
1220 1323 1425 1403 sanguinem

144 1432 230 1493 cleri
256 1442 291 1493 et
317 1452 387 1493 non
412 1451 563 1493 cercano
589 1432 680 1492 altro
705 1451 744 1492 se
768 1450 837 1492 non
865 1429 998 1492 irruere
1022 1429 1059 1491 in
1083 1451 1158 1492 nos

234 1538 276 1600 Li
300 1537 432 1620 legulei
457 1548 492 1600 et
516 1537 742 1600 canstronisti
767 1537 803 1599 di
827 1536 942 1619 questi
966 1537 1066 1619 paesi
1092 1540 1172 1599 tutti
1190 1537 1221 1598 ci
1238 1558 1325 1599 sono
1346 1558 1424 1599 con-

142 1645 241 1708 trarii
268 1654 303 1706 et
327 1645 603 1707 manifestissimi
629 1644 840 1724 Lutherani,
870 1642 943 1706 cosi
968 1644 991 1705 li
1017 1643 1168 1706 maritati
1195 1664 1295 1706 come
1324 1645 1426 1725 preti,

143 1762 179 1814 et
203 1752 381 1815 ancorche
406 1751 560 1814 Martino
587 1752 720 1814 Luther
754 1754 787 1814 la
818 1753 895 1814 loro
920 1749 1145 1833 professione
1173 1751 1303 1832 ubique
1333 1753 1424 1813 dam-

143 1870 216 1939 net,
240 1870 277 1922 et
292 1858 381 1921 cridi
397 1861 462 1922 che
480 1859 508 1921 si
533 1861 737 1921 deverebbe
762 1857 992 1920 abbrusciare
1013 1879 1032 1919 a
1051 1857 1164 1939 prima
1181 1857 1299 1920 littera
1316 1878 1427 1938 usque

142 1967 189 2029 ad
214 1975 448 2048 postremam,
481 1965 633 2029 tuttavia
657 1965 789 2028 sciochi
814 1964 942 2027 ribaldi
968 1967 1002 2027 lo
1027 1964 1222 2047 predicano
1247 1976 1282 2025 et
1306 1965 1426 2026 defen-

143 2074 251 2150 dono,
277 2082 313 2134 et
336 2083 462 2154 questo
488 2073 591 2137 viene
616 2073 748 2154 perche
773 2073 849 2134 loro
875 2092 943 2134 non
970 2092 1083 2135 sanno
1108 2073 1141 2132 la
1166 2070 1314 2133 scientia
1332 2072 1426 2132 della

142 2181 227 2260 qual
252 2179 362 2243 fanno
388 2178 622 2260 professione,
647 2200 704 2241 ma
728 2179 812 2241 nelli
837 2177 943 2241 studii
968 2177 1158 2240 universali
1185 2178 1320 2258 purche
1337 2177 1425 2239 siino

142 2287 361 2349 addottorati
377 2307 483 2349 senza
504 2288 615 2349 haver
638 2287 803 2367 studiat0‚
828 2305 989 2366 regnano
1017 2285 1075 2365 poi
1094 2285 1128 2347 di
1146 2305 1264 2347 essere
1282 2283 1424 2346 oratori.

143 2392 283 2474 Poggio
308 2393 342 2455 di
364 2395 479 2475 questi
503 2392 612 2456 fanno
637 2392 912 2456 morosissimum
936 2391 1257 2473 grammatistarum
1284 2403 1318 2453 et
1343 2412 1424 2472 poe·

142 2499 328 2563 ticulorum
366 2519 489 2581 genus,
526 2520 673 2581 quorum
700 2500 892 2564 (iermania
920 2499 1129 2580 plenissima
1165 2509 1232 2570 est;
1274 2499 1308 2560 hi
1343 2511 1425 2559 tunc

143 2609 273 2669 demun
305 2617 433 2689 putant
464 2628 501 2670 se
526 2607 649 2670 haberi
674 2609 799 2670 doctos
825 2619 860 2669 et
884 2605 1093 2688 praesertim
1117 2626 1257 2688 graece,
1282 2607 1425 2686 quando

142 2713 355 2795 profitentur
379 2735 417 2776 se
442 2713 630 2776 dissentire
656 2735 676 2776 a
701 2715 876 2776 communi
902 2713 1084 2776 Ecclesiae
1111 2714 1176 2775 via.

232 2819 291 2884 Gli
316 2821 568 2883 Reuchliniani
585 2821 751 2884 Luterani
777 2832 837 2884 aut
856 2821 1072 2884 Erasmistae
1098 2822 1215 2882 hanno
1241 2829 1425 2901 composto

142 2927 279 3008 dialogi
303 2938 426 2990 contra
451 2929 486 2988 di
509 2948 566 2990 me
592 2938 627 2990 et
650 2948 738 2990 sono
764 2928 942 3010 impressi,
975 2930 1094 2990 hanno
1119 2927 1229 2989 affixo
1249 2926 1424 3008 versiap·

142 3054 270 3117 presso
294 3035 318 3096 il
343 3037 487 3116 palazzo
512 3032 547 3095 di
565 3034 696 3097 Cesare
721 3057 742 3097 a
757 3035 915 3111 Colonia,
941 3035 1033 3097 dove
1059 3035 1186 3097 dicono
1212 3036 1277 3096 che
1302 3034 1335 3095 io
1360 3054 1423 3094 son

143 3140 332 3222 transfuga
347 3143 440 3204 delle
461 3145 579 3203 huone
596 3144 733 3220 lettere,
758 3151 959 3206 assentator
983 3143 1016 3203 di
1043 3143 1231 3220 cortesani,
1258 3140 1425 3202 defensor

142 3248 178 3310 di
204 3247 403 3329 paediconi,
428 3249 522 3328 boia,
547 3249 793 3311 abbrusciator
817 3250 853 3311 di
870 3250 978 3311 buoni
1004 3259 1038 3311 et
1063 3249 1155 3311 santi
1179 3249 1271 3324 libri,
1296 3247 1372 3309 ciob
1390 3247 1424 3307 di

144 3355 278 3417 Luther
310 3366 345 3416 et
378 3355 512 3417 Hutten
544 3366 579 3417 et
610 3356 705 3420 mille
735 3356 936 3437 poltronie,
977 3359 1021 3418 de
1053 3356 1147 3438 quali
1177 3376 1233 3418 me
1264 3355 1342 3417 rido
1377 3356 1422 3415 al-

144 3462 295 3524 l'honor
320 3463 363 3524 de
388 3461 467 3542 Dio,
493 3463 538 3524 ad
564 3465 612 3525 tal
637 3466 702 3526 che
727 3484 791 3526 son
816 3463 905 3526 fatto
930 3464 1028 3526 esule
1059 3464 1095 3525 di
1120 3475 1210 3525 tutta
1235 3462 1424 3525 Germania

143 3579 180 3631 et
212 3569 273 3650 piu
304 3588 360 3630 me
385 3588 473 3631 sono
498 3569 665 3633 contrarii
690 3571 797 3653 quelli
830 3572 895 3633 che
920 3591 1007 3633 sono
1036 3570 1118 3633 stati
1148 3570 1229 3632 miei
1261 3568 1423 3648 auditori,

143 3675 168 3737 li
193 3675 289 3757 quali
314 3695 369 3738 me
394 3675 556 3758 fuggono
581 3696 680 3739 come
704 3677 990 3757 excomunicat0,
1017 3688 1052 3740 et
1075 3677 1109 3739 io
1134 3677 1343 3739 similmente
1368 3696 1423 3737 me

143 3781 242 3853 rido;
267 3781 348 3844 altri
372 3803 428 3845 me
453 3803 592 3871 veneno
616 3805 636 3846 a
657 3784 818 3866 disputat
843 3785 877 3846 in
903 3784 1089 3847 defension
1107 3783 1142 3845 di
1162 3784 1303 3860 Luther,
1329 3781 1423 3862 quali

143 3910 165 3951 a
180 3888 380 3953 confunder
404 3889 424 3951 e
447 3890 531 3952 facil
556 3911 649 3970 cosa,
675 3890 719 3953 ne
743 3911 810 3973 pur
834 3890 862 3953 si
887 3900 1094 3953 retrattano
1132 3893 1200 3952 Per
1218 3889 1285 3951 Dio
1304 3888 1423 3960 Rev¹¹2⁴·

143 3997 207 4063 Dl‘
231 3997 297 4058 che
323 3997 354 4058 le
380 4016 462 4059 case
478 3997 618 4078 signate
643 4017 708 4079 per
733 4019 787 4061 me
812 4019 867 4060 me
892 4000 925 4060 le
950 4018 1092 4080 negano
1118 4018 1184 4059 con
1211 4000 1243 4059 el
1269 3996 1338 4058 mio
1365 3997 1422 4055 da-

143 4123 243 4182 nar0,
269 4104 449 4166 volendoli
473 4104 663 4187 pagarpib
689 4106 753 4167 che
777 4105 803 4166 li
826 4105 906 4167 altri
932 4115 967 4167 et
991 4106 1112 4167 delent
1147 4124 1276 4166 nomen
1310 4103 1424 4165 meum

144 4231 163 4272 e
187 4209 302 4272 valvis
335 4219 370 4272 et
400 4210 493 4273 mille
518 4212 607 4273 altre
632 4211 818 4274 insolentie
843 4212 1030 4275 barbarice
1055 4215 1120 4276 che
1146 4212 1164 4275 e
1189 4233 1272 4274 cosa
1297 4211 1330 4271 di
1354 4231 1421 4272 me·

143 4316 295 4398 raviglia
319 4327 355 4379 et
388 4319 434 4379 da
458 4338 529 4379 non
554 4319 710 4394 credere,
736 4329 771 4381 et
795 4339 861 4400 pur
886 4320 1038 4381 scrivolo
1063 4320 1140 4381 acib
1159 4320 1199 4383 V.
1219 4320 1254 4380 S.
1280 4318 1354 4388 Ru*
1380 4316 1421 4377 sii

144 4444 165 4486 a
189 4423 297 4504 pieno
321 4423 496 4486 instrutta.
1372 4432 1385 4462 ⁰

233 4529 360 4610 Quello
385 4531 431 4593 mi
455 4531 638 4613 fapeggio
663 4534 728 4594 che
753 4533 927 4595 communi
945 4533 1098 4596 omnium
1122 4555 1261 4596 rumore
1278 4533 1419 4596 circum-

145 4636 266 4716 fertur,
293 4639 358 4700 che
377 4638 512 4701 Hutten
536 4658 601 4700 con
627 4639 650 4700 li
676 4638 753 4701 suoi
778 4640 949 4702 coniurati
976 4661 1029 4702 me
1051 4661 1202 4703 cercano
1218 4662 1428 4719 ammazrar,¹

146 4754 179 4806 et
204 4764 292 4805 sono
309 4745 471 4807 advisato
485 4765 554 4807 non
571 4747 683 4808 solum
709 4745 742 4809 io
768 4747 813 4809 da
837 4747 905 4808 mei
923 4747 1034 4827 amici,
1060 4768 1116 4810 nna
1136 4769 1244 4811 ancor
1259 4749 1420 4830 proxime
