3330 5580
730 467 788 521 0-2‘3
828 468 844 521 7
883 466 940 520 {ire

190 631 364 712 pestifera
395 629 496 691 radix
524 630 831 711 pestilentissimos
855 652 971 693 ramos
998 642 1032 692 et
1056 631 1220 712 palmites
1245 635 1418 715 producat
1444 646 1479 696 et

190 738 340 801 ulterius
356 749 487 818 serpat.
521 736 653 800 Omnes
673 747 709 799 et
729 738 889 820 singulos
914 739 1065 820 partium
1091 741 1330 821 predictarum
1355 741 1477 801 utrius·

189 866 260 927 que
276 865 387 907 sexus
404 845 654 925 cujuscumque
675 855 787 908 status
804 845 999 908 nobilitatis
1017 856 1052 907 et
1072 847 1307 908 condictionis
1324 848 1480 909 existant

189 954 226 1015 in
251 953 452 1034 hujusmodi
477 952 650 1014 haeresim
677 964 712 1014 et
737 973 875 1015 errores
900 953 984 1015 dicti
1001 953 1146 1015 Martini
1172 955 1359 1035 prolapsos
1385 954 1477 1015 etin

189 1080 329 1141 poenas
340 1058 374 1121 in
388 1059 492 1121 dictis
504 1058 630 1121 litteris
643 1069 828 1122 contentas
841 1060 1012 1137 incurSOS,
1029 1060 1088 1141 qui
1102 1080 1241 1123 errores
1255 1081 1337 1122 suos
1351 1071 1479 1141 sponte

190 1166 406 1229 confitentes
437 1166 612 1228 haeresim
637 1168 819 1247 objurare,
854 1177 889 1230 et
912 1170 959 1229 ad
983 1188 1104 1229 veram
1128 1166 1235 1229 fidem
1261 1167 1479 1229 Catholicam

191 1273 354 1336 converti
378 1272 565 1347 voluerint,
596 1273 625 1333 si
651 1274 718 1335 hoc
743 1273 921 1335 humiliter
944 1273 1114 1354 petierint
1138 1275 1184 1334 ad
1208 1275 1416 1354 hujusmodi,
1443 1284 1478 1334 et

191 1381 271 1444 aliis
290 1400 412 1442 eorum
426 1380 634 1442 excessibus
648 1379 754 1442 etiam
767 1380 942 1442 haeresim
960 1379 1192 1460 sapientibus
1210 1390 1245 1442 et
1259 1381 1385 1463 poenis
1401 1401 1477 1460 pre-

192 1488 309 1567 dictis,
334 1485 484 1567 prestito
509 1496 626 1547 tamen
652 1485 750 1566 prius
774 1505 839 1566 per
864 1505 926 1548 eos
950 1487 1127 1567 corporali
1149 1486 1356 1565 Juramento
1382 1490 1477 1567 quod

192 1595 320 1658 similia
346 1595 390 1655 de
415 1602 558 1654 coetero
584 1613 652 1653 non
679 1593 908 1672 committent,
934 1614 999 1655 nec
1026 1614 1068 1656 ea
1085 1594 1384 1656 committentibus
1401 1615 1477 1675 pre·

192 1705 340 1764 stabunt
364 1698 544 1778 auxilium,
567 1699 759 1762 Consilium
785 1712 820 1762 et
836 1699 1005 1780 favorem,
1031 1721 1182 1764 necnon
1199 1705 1246 1763 ab
1263 1701 1341 1763 aliis
1357 1721 1478 1763 eorum

192 1807 365 1891 peccatis,
393 1807 583 1868 dummodo
609 1827 679 1868 non
705 1806 775 1868 sint
799 1805 883 1869 talia
907 1817 1056 1887 propter
1080 1827 1171 1889 quae
1196 1808 1300 1870 sedes
1326 1808 1475 1887 Aposto-

192 1918 261 1979 lica
277 1915 373 1978 foret
390 1913 515 1976 merito
533 1915 760 1991 consulenda,
786 1914 996 1976 auctoritate
1012 1925 1143 1991 nostra,
1169 1916 1277 1976 semel
1294 1915 1479 1976 dumtaxat

193 2044 259 2104 pro
285 2020 446 2104 quolibet
471 2040 608 2100 eorum,
631 2020 789 2083 iniuncta
814 2020 918 2083 etiam
944 2021 995 2083 eis
1019 2041 1084 2102 pro
1109 2023 1214 2083 modo
1231 2022 1365 2102 Culpae
1383 2021 1477 2102 peni·

194 2129 305 2192 tentia
330 2127 487 2205 salutari,
512 2137 547 2189 et
572 2127 648 2189 aliis
673 2148 764 2209 quae
790 2129 834 2189 de
859 2128 933 2189 iure
958 2127 1089 2190 fuerint
1109 2127 1338 2208 injungenda,
1364 2129 1477 2190 absol-

196 2237 319 2311 vendi,
354 2255 419 2296 nec
453 2255 522 2295 non
553 2254 615 2296 eos
645 2236 690 2297 ad
722 2235 852 2297 famam
883 2246 918 2297 et
945 2237 1101 2297 honores
1124 2234 1311 2315 pristinoS,
1345 2235 1478 2296 abolita

194 2344 293 2425 prius
322 2341 485 2419 infamia,
521 2341 729 2404 restituendi
762 2351 797 2404 et
827 2342 994 2422 ponendi.
1043 2341 1174 2404 Contra
1204 2341 1284 2403 illos
1308 2362 1394 2403 vero
1419 2341 1478 2422 qui

194 2451 325 2512 talibus
360 2448 540 2511 erroribus
571 2448 826 2511 contumaciter
850 2449 1041 2529 persistere
1065 2449 1243 2511 voluerint
1267 2448 1478 2510 auctoritate

195 2567 327 2636 nostra,
353 2567 460 2637 prout
480 2555 567 2636 juris
591 2555 715 2635 fuerit,
741 2557 978 2637 procedendi,
1002 2556 1171 2636 ipsosque
1196 2555 1398 2635 corrigendi
1425 2576 1477 2616 ca-

195 2664 351 2745 stigandi
368 2674 404 2725 et
420 2662 601 2744 puniendi,
627 2674 662 2725 et
679 2662 785 2725 Curia
802 2663 976 2724 saeculari
1001 2661 1176 2741 tradendi,
1201 2682 1242 2724 ac
1267 2663 1336 2724 alia
1359 2671 1479 2724 nostra

195 2781 229 2832 et
261 2770 403 2850 singula
438 2790 528 2850 quae
557 2769 736 2831 hereticae
760 2769 947 2849 pravitatis
971 2769 1219 2849 inquisitores,
1253 2770 1297 2831 de
1319 2770 1396 2850 jure
1421 2769 1479 2831 vel

195 2876 453 2940 consuetudine
476 2877 597 2940 facere
622 2888 778 2958 possent,
813 2886 848 2939 et
873 2877 1057 2957 deberent,
1082 2876 1235 2940 faciendi
1269 2876 1419 2959 gerendi
1445 2887 1480 2939 et

196 2984 408 3066 exequendi.
446 2984 490 3046 Et
515 2985 596 3065 quia
621 2986 822 3066 complures
845 2985 926 3046 libri
951 2984 1119 3046 articulos
1139 2985 1226 3046 alias
1243 2985 1481 3047 conciliariter

196 3094 383 3155 damnatos
407 3090 630 3154 continentes
653 3111 695 3154 ac
720 3102 841 3154 nostro
866 3101 902 3154 et
925 3091 1027 3172 hujus
1051 3088 1207 3153 Sanctae
1225 3089 1330 3153 Sedis
1354 3091 1479 3153 honori

197 3201 426 3262 detrahentes
460 3208 584 3260 contra
609 3199 800 3261 Decretum
828 3198 989 3261 moderni
1014 3197 1247 3260 lateranensis
1272 3198 1420 3261 Concilii
1444 3198 1478 3261 in

197 3306 273 3387 ipsa
298 3305 491 3368 Germania
514 3305 676 3386 impressi
700 3305 859 3384 fuerunt,
893 3306 1003 3368 libros
1027 3306 1226 3386 hujusmodi
1250 3305 1285 3367 in
1311 3305 1419 3367 officii
1445 3317 1480 3368 et

197 3413 381 3495 dignitatis
405 3424 549 3475 nostrae
573 3433 614 3474 ac
632 3413 759 3474 Dictae
775 3411 879 3474 Sedis
897 3413 1164 3494 depressionem
1182 3424 1316 3475 temere
1336 3415 1478 3493 loquen-

197 3532 263 3600 tes,
296 3519 440 3601 publice
474 3541 515 3582 ac
549 3523 668 3601 palam
702 3520 860 3582 comburi
885 3519 1040 3581 faciendi
1065 3531 1101 3581 et
1126 3529 1250 3582 contra
1275 3523 1479 3582 eorumdem

197 3630 365 3691 librorum
396 3637 561 3690 auctores
584 3627 819 3708 procedendi,
853 3628 995 3707 plenam
1021 3636 1056 3688 et
1080 3627 1228 3688 liberam
1254 3627 1479 3689 Auctoritate

198 3733 408 3817 Apostolica
444 3745 567 3796 tenore
603 3733 820 3814 presentium
856 3733 1084 3795 concedimus
1124 3733 1339 3795 facultatem.
1400 3734 1479 3796 Non

197 3842 419 3905 obstantibus
436 3840 746 3903 constitutionibus
761 3849 796 3903 et
811 3840 1106 3917 ordinationibus,
1131 3860 1281 3902 necnon
1304 3840 1478 3920 quibisvis

199 3947 395 4030 privilegiis
411 3947 555 4009 indultis
572 3957 608 4008 et
623 3946 749 4009 litteris
765 3946 995 4027 Apostolicis,
1014 3946 1197 4026 quibusvis
1215 3945 1249 4007 in
1267 3966 1400 4027 genere
1422 3947 1480 4007 vel

199 4057 231 4118 in
248 4055 369 4138 specie
385 4054 576 4131 concessis,
592 4073 892 4134 quorumcumque
910 4064 1071 4115 tenorum
1088 4051 1228 4128 fuerint,
1253 4073 1344 4133 quae
1361 4054 1479 4133 quoad

199 4163 370 4245 premissa
394 4162 445 4224 eis
471 4164 632 4223 nolumus
657 4160 860 4241 suffragari,
889 4160 1096 4240 Ceterisque
1125 4159 1311 4220 contrariis
1339 4159 1478 4239 quibus·

200 4290 358 4351 cumque.
384 4269 515 4330 Datum
540 4269 680 4330 Romae
712 4268 807 4349 apud
833 4267 1002 4328 Sanctum
1030 4267 1172 4328 Petrum
1204 4287 1296 4328 anno
1320 4267 1478 4328 incarna-

200 4376 304 4438 tionis
329 4375 471 4438 Domini
487 4376 676 4438 Millesimo
706 4373 990 4457 quingentesimo
1017 4373 1198 4443 vicesimo;
1231 4373 1376 4434 Decimo
1402 4393 1478 4453 sep·

199 4484 282 4547 timo
307 4484 378 4545 kal.
405 4483 569 4564 Augusti,
595 4481 825 4545 Pontificatus
851 4481 960 4542 nostri
986 4501 1079 4542 anno
1105 4490 1241 4543 octavo.
1270 4473 1278 4483 ’
