3344 5564
724 455 952 511 0siwia-<⁵

196 597 367 680 pestifere
395 619 617 679 quocumque
646 621 833 681 possumus
858 603 1016 664 remedio
1042 602 1187 664 salutari
1212 623 1398 666 occurrere
1423 624 1477 665 cu-

196 706 347 787 pientes,
379 716 415 768 et
439 726 482 768 ne
512 707 712 769 huiusmodi
744 710 886 770 morbus
917 709 1088 790 pestilens
1120 720 1305 772 excrescat
1332 710 1479 771 ulterius

197 815 260 875 sed
285 823 503 893 cooperante
528 813 670 875 domino
686 815 855 877 radicitus
873 818 1055 895 evellatur,
1082 816 1270 878 salubriter
1287 818 1477 897 providere

197 922 370 998 volentes,
395 940 436 981 ac
458 931 643 1001 sperantes
659 922 753 1002 quod
780 922 1049 1004 circumspectio
1073 934 1134 984 tua
1159 924 1320 1003 Alberte,
1346 944 1478 985 memor

195 1028 309 1109 galeri
334 1027 433 1089 istius
457 1027 558 1089 rubei
582 1048 686 1108 quem
710 1039 832 1110 gestas
857 1028 1058 1109 significare
1082 1042 1120 1091 ut
1148 1051 1213 1111 pro
1239 1029 1322 1092 fidei
1348 1030 1477 1093 Christi

194 1137 332 1197 honore
356 1134 565 1214 sanguinem
583 1133 772 1198 veffundere
798 1156 866 1198 non
892 1137 1043 1217 dubites,
1067 1157 1132 1217 per
1156 1146 1215 1199 tue
1232 1136 1477 1199 sollicitudinis

195 1243 349 1304 studium
374 1243 490 1303 labem
514 1241 714 1304 huiusmodi
739 1243 920 1324 extirpare
946 1251 981 1304 et
1006 1244 1204 1305 ortodoxae
1226 1243 1308 1305 fidei
1325 1244 1476 1305 fructuo-

194 1371 253 1412 sos
284 1350 449 1431 palmites
479 1350 643 1430 plantare
672 1370 737 1430 pro
762 1362 823 1412 tua
846 1350 938 1412 virili
964 1350 1159 1413 conaberis.
1208 1352 1262 1412 De
1286 1361 1347 1412 tua
1370 1350 1477 1431 igitur

194 1457 512 1538 circumspectione
536 1456 726 1539 prudentia
750 1477 792 1518 ac
817 1456 987 1537 singulari
1011 1457 1173 1519 doctrina
1204 1477 1392 1538 rerumque
1419 1478 1476 1519 ex-

194 1564 384 1646 perientia,
416 1583 555 1626 necnon
580 1563 616 1626 in
641 1584 706 1625 nos
739 1575 774 1626 et
805 1566 927 1626 sedem
958 1563 1192 1644 apostolicam
1223 1564 1414 1627 devotione
1442 1574 1477 1626 et

193 1671 264 1733 fide
289 1671 453 1733 fiduciam
477 1672 666 1750 habentes,
698 1680 733 1732 te
759 1683 883 1734 contra
907 1674 998 1734 hanc
1022 1681 1061 1732 ut
1085 1668 1299 1753 premittitur
1323 1669 1476 1732 heresim

194 1780 313 1841 labem
342 1788 378 1840 et
409 1788 546 1858 pestem
577 1796 618 1839 ac
642 1777 678 1840 in
702 1797 745 1840 ea
769 1777 1037 1858 quomodolibet
1061 1776 1257 1858 culpabiles
1282 1778 1477 1839 existentes

195 1887 402 1968 generalem
434 1885 469 1947 in
503 1895 578 1947 tota
611 1885 794 1966 germania
827 1885 1070 1966 inquisitorem
1102 1884 1259 1946 heretice
1291 1883 1477 1965 pravitatis

195 1993 395 2056 huiusmodi
428 1992 577 2054 facimus
607 1992 851 2055 constituimus
884 2012 1044 2055 creamus
1078 2001 1114 2053 et
1142 1992 1364 2072 deputamus,
1398 2012 1475 2053 cum

195 2101 310 2183 plenis
335 2099 566 2162 facultatibus
590 2109 625 2162 et
649 2110 828 2181 potestate
852 2121 920 2181 que
945 2100 979 2161 in
1005 2099 1176 2161 similibus
1199 2119 1220 2159 a
1244 2099 1328 2177 Jure
1353 2118 1474 2160 conce·

195 2209 327 2270 duntur
358 2227 400 2269 ac
431 2207 509 2268 aliis
541 2206 796 2269 infradicendis
828 2226 967 2269 necnon
998 2206 1062 2268 tibi
1089 2218 1124 2268 et
1150 2206 1250 2268 vobis
1273 2205 1409 2267 nunciis
1433 2224 1475 2265 ac

195 2314 344 2378 notariis
368 2313 516 2395 prefatis
541 2326 576 2375 et
600 2323 756 2376 vestrum
782 2315 928 2376 cuilibet
953 2324 1075 2375 contra
1100 2314 1244 2375 eosdem
1268 2313 1316 2374 M.
1333 2312 1392 2374 W.
1420 2312 1475 2374 Ul.
1561 2297 1564 2304 ¹

196 2431 231 2482 et
255 2421 308 2483 La
332 2421 385 2500 Jo.
411 2420 487 2506 (sic)
511 2441 552 2482 ac
577 2421 665 2483 alios
696 2442 784 2501 quos
808 2420 985 2483 hereticos
1010 2421 1087 2482 fore
1120 2428 1154 2482 et
1183 2439 1261 2482 esse
1291 2439 1356 2500 per
1389 2419 1476 2479 alias

196 2541 336 2591 nostras
380 2528 517 2589 litteras
556 2527 813 2590 declaravimus
853 2538 888 2589 et
920 2528 955 2589 in
993 2528 1189 2590 litterarum
1224 2525 1476 2589 declarationis

195 2634 395 2697 huiusmodi
426 2635 666 2715 publicatione
698 2634 871 2696 nominari
912 2655 1017 2715 posse
1058 2633 1250 2713 voluimus,
1284 2653 1475 2714 eorumque

196 2742 410 2804 adherentes
435 2742 626 2822 complices
651 2753 686 2802 et
710 2742 868 2804 fautores
893 2753 998 2822 atque
1024 2750 1268 2822 receptatores
1285 2740 1475 2802 cuiuscum-

197 2868 264 2929 que
289 2858 402 2910 status
426 2849 560 2929 gradus
584 2848 718 2910 ordinis
742 2848 956 2911 conditionis
980 2851 1037 2911 vel
1055 2847 1291 2930 preminentia
1317 2848 1422 2910 etiam
1447 2848 1475 2908 si

196 2955 333 3036 imperii
359 2957 543 3033 electores,
576 2963 611 3016 et
635 2956 903 3018 communitates
935 2955 1184 3018 universitates
1216 2966 1251 3017 et
1284 2953 1475 3034 municipia

194 3063 337 3142 fuerint,
362 3062 564 3142 ubicunque
589 3062 744 3124 locorum
771 3083 832 3124 eos
857 3084 934 3125 esse
959 3061 1204 3143 compereritis
1229 3062 1361 3143 agendi
1396 3081 1472 3141 pro-

196 3170 349 3232 cedendi
381 3189 514 3250 eosque
546 3169 711 3250 capiendi
742 3190 783 3231 ac
817 3170 1020 3232 carceribus
1052 3169 1277 3249 mancipandi
1309 3179 1344 3230 et
1375 3168 1475 3228 iuxta

195 3276 389 3339 canonicas
415 3273 625 3338 Sanctiones
651 3286 686 3337 et
710 3287 911 3338 sanctorum
937 3287 1077 3357 patrum
1101 3276 1261 3339 instituta
1290 3287 1395 3355 prout
1419 3297 1474 3336 cu-

196 3383 323 3464 iusque
350 3383 501 3463 qualitas
526 3382 645 3444 delicti
671 3383 833 3463 exegerit
858 3383 1027 3464 puniendi
1052 3392 1087 3446 et
1111 3384 1293 3445 brachium
1317 3384 1476 3445 seculare

194 3500 230 3552 et
255 3490 454 3571 Imperiale,
485 3489 513 3551 si
539 3510 628 3570 opus
652 3489 770 3570 fuerit,
803 3501 928 3552 contra
952 3493 1095 3554 eosdem
1120 3491 1311 3553 invocandi
1336 3510 1472 3552 necnon

194 3598 240 3658 ad
266 3596 428 3658 veritatis
460 3598 577 3659 lumen
602 3597 719 3658 redire
749 3607 784 3679 et
808 3597 1007 3660 huiusmodi
1032 3599 1181 3660 heresim
1217 3598 1381 3660 abiurare
1415 3617 1473 3659 vo-

194 3705 309 3764 lentes
334 3702 363 3764 si
388 3703 476 3764 alias
501 3703 632 3785 relapsi
658 3723 728 3765 non
753 3704 893 3782 fuerint,
919 3716 1064 3786 recepta
1088 3708 1134 3768 ab
1159 3707 1209 3767 eis
1235 3705 1347 3785 prima
1378 3705 1473 3766 abiu·

193 3810 332 3872 ratione
357 3811 492 3872 heresis
526 3821 562 3872 et
586 3830 743 3872 errorum
768 3811 968 3874 huiusmodi
992 3812 1148 3892 legitime
1181 3822 1216 3874 et
1248 3812 1391 3893 publice
1423 3812 1471 3873 fa-

194 3918 322 3979 cienda
346 3917 577 3997 prestitoque,
597 3938 662 3997 per
679 3938 740 3979 eos
757 3918 963 3996 Juramento
988 3920 1084 4000 quod
1109 3920 1193 3980 talia
1209 3919 1378 4000 deinceps
1403 3939 1472 3981 non

193 4024 424 4103 committent,
450 4045 515 4086 nec
540 4025 625 4086 talia
654 4028 711 4087 vel
735 4025 823 4087 alias
847 4026 914 4087 hiis
938 4027 1064 4088 similia
1088 4026 1387 4088 committentibus
1412 4046 1473 4086 seu

194 4131 451 4193 adherentibus
468 4132 635 4193 auxilium
661 4131 844 4194 consilium
871 4135 926 4194 vel
950 4133 1109 4195 favorem
1135 4153 1199 4213 per
1224 4154 1261 4195 se
1286 4135 1342 4195 vel
1367 4133 1471 4195 alium

193 4257 256 4299 seu
289 4237 378 4299 alios
411 4240 623 4318 prestabunt
653 4249 688 4300 et
724 4238 812 4300 alias
835 4238 870 4299 in
896 4240 1009 4301 forma
1034 4240 1184 4302 ecclesie
1210 4250 1389 4319 consueta,
1416 4261 1472 4301 ex-

194 4345 307 4425 ceptis
337 4355 454 4406 tamen
486 4344 575 4406 Mar.
602 4344 672 4408 Wi.
698 4356 734 4407 et
761 4345 881 4407 Ulrico
907 4358 942 4408 et
966 4347 1019 4423 Jo.
1045 4347 1230 4427 predictis;
1265 4367 1412 4427 quorum
1438 4356 1473 4408 et

193 4451 381 4513 cuiuslibet
399 4471 519 4513 eorum
536 4461 713 4532 tamquam
739 4453 854 4534 magis
872 4454 1010 4516 notorie
1035 4453 1264 4534 culpabilium
1282 4453 1470 4514 absolutio·

194 4579 283 4635 nem,
308 4558 337 4620 si
363 4579 439 4620 earn
465 4558 641 4620 humiliter
666 4559 759 4621 etin
785 4559 900 4622 forma
924 4560 1017 4639 Juris
1042 4571 1165 4641 petere
1190 4560 1377 4638 voluerint,
1412 4581 1470 4622 no-

193 4665 247 4727 bis
271 4676 307 4726 et
331 4666 408 4727 sedi
433 4665 629 4748 apostolice
662 4667 867 4746 specialiter
891 4677 927 4729 et
960 4688 1131 4749 expresse
1156 4687 1379 4730 reservamus
1412 4670 1471 4729 ab·

196 4772 357 4835 solvendi
382 4784 416 4834 et
441 4775 485 4834 ad
511 4784 667 4835 nostrum
692 4786 727 4835 et
752 4773 909 4836 eiusdem
934 4776 1028 4837 sedis
1045 4776 1217 4855 gremium
1243 4795 1379 4836 necnon
1394 4794 1470 4854 gra·

1281 4880 1313 4934 2*
