3330 5580
703 464 949 521 &Motae

187 633 301 695 pocco
325 613 391 675 che
416 611 525 673 niuno
562 613 595 673 el
628 614 804 692 potrebbe
829 613 971 691 creder,
1007 633 1064 675 ma
1099 632 1165 694 per
1199 614 1233 675 el
1269 614 1391 675 danno
1426 613 1469 676 de

187 728 286 781 tante
310 738 444 799 povere
469 716 601 781 anime:
637 726 672 780 et
703 719 834 800 perche
859 720 1011 782 amando
1036 716 1109 782 Sua
1132 718 1271 782 Maesta
1301 721 1347 782 de
1372 739 1470 783 amor

187 825 395 906 Paternale,
420 824 444 888 ll
470 826 566 905 dole,
592 826 657 888 che
706 847 727 888 a
755 826 778 888 li
812 826 922 907 tempi
946 827 992 890 de
1017 828 1152 908 quella,
1186 826 1469 890 smembrandosi

187 934 245 995 dal
271 952 383 1014 grege
407 933 443 995 di
467 932 537 995 Dio
561 935 595 995 la
619 933 740 995 nation
766 932 997 1014 Germanica,
1029 954 1068 997 se
1100 935 1311 1016 imputasse,
1344 953 1368 997 a
1398 933 1471 997 Sua

186 1038 327 1102 Maesta
352 1041 416 1102 che
441 1059 506 1121 per
531 1039 666 1102 defetto
691 1042 736 1103 de
761 1041 950 1122 prudentia
980 1042 1001 1103 l’
1019 1041 1169 1106 havesse
1197 1043 1331 1105 lassato
1357 1042 1469 1105 incor-

186 1166 244 1209 rer
269 1146 385 1228 questi
410 1146 533 1229 populi
558 1147 611 1209 soi
635 1148 766 1210 subditi
790 1148 825 1210 in
850 1159 950 1212 tanto
974 1169 1093 1229 error,
1122 1169 1143 1211 0
1171 1149 1268 1213 fusse
1293 1157 1390 1212 stata
1414 1169 1470 1212 ne·

188 1253 349 1335 gligente
374 1254 410 1315 in
434 1255 620 1317 retraherli
645 1256 690 1317 de
715 1265 813 1317 tanto
837 1258 947 1319 male:
972 1255 1111 1319 Perche
1134 1276 1204 1319 non
1230 1256 1248 1319 ὲ
1271 1258 1317 1319 de
1342 1256 1471 1319 credet

187 1362 253 1423 che
280 1360 354 1423 Sua
383 1361 521 1424 Maesta
550 1362 691 1425 manchi
721 1382 787 1444 per
818 1364 854 1426 la
882 1363 1081 1444 piccolezza
1111 1364 1156 1425 de
1183 1363 1299 1444 forze,
1330 1373 1470 1426 attento

188 1469 253 1529 che
278 1467 386 1530 niuno
415 1469 614 1551 Imperator
645 1470 689 1532 de
721 1468 914 1533 Germania
944 1469 1013 1532 mai
1046 1470 1088 1533 sii
1121 1480 1214 1532 stato
1243 1469 1271 1533 si
1305 1477 1469 1551 potente:

191 1576 219 1636 ll
245 1576 310 1636 che
335 1595 400 1656 par
425 1578 489 1638 che
513 1577 549 1637 la
576 1575 706 1638 Divina
730 1575 956 1659 providentia
986 1575 1082 1639 habii
1112 1576 1276 1640 ordinato
1310 1597 1332 1638 a
1360 1575 1473 1639 nostri

189 1681 314 1765 tempi,
338 1702 405 1763 per
428 1684 492 1744 dar
516 1682 673 1747 remedio
707 1703 727 1744 a
763 1683 878 1764 questi
912 1683 1043 1763 errori,
1073 1683 1107 1746 in
1138 1683 1162 1746 li
1195 1682 1291 1765 quali
1320 1682 1392 1746 Dio
1425 1684 1472 1747 ha

190 1810 372 1872 permesso
408 1811 478 1852 una
520 1801 623 1871 parte
659 1791 716 1853 del
752 1787 825 1852 Suo
862 1790 1000 1872 Populo
1037 1790 1196 1854 incorrer
1229 1810 1296 1872 per
1331 1789 1357 1852 li
1393 1791 1471 1853 loro

187 1897 336 1979 peccati.

276 2005 321 2067 Et
352 2026 417 2087 per
449 2006 571 2068 ultima
600 2006 827 2069 conclusione
857 2007 946 2088 sapii
976 2004 1050 2069 Sua
1072 2004 1213 2070 Maesta
1243 2006 1310 2068 che
1336 2005 1471 2068 Nostro

188 2110 342 2194 Signore
367 2112 476 2194 dopoi
500 2112 589 2175 latta
613 2113 698 2195 ogni
723 2113 908 2196 diligentia
933 2113 998 2176 che
1023 2113 1067 2176 ad
1092 2133 1130 2175 se
1161 2112 1374 2194 appartiene
1407 2130 1473 2194 per

189 2240 259 2282 non
284 2222 397 2283 lassar
420 2221 517 2302 perir
541 2230 666 2302 questa
690 2220 860 2300 Natione,
894 2221 923 2284 si
955 2220 1065 2283 vedra
1097 2223 1162 2283 che
1194 2219 1350 2283 d’altrui
1375 2239 1471 2283 man·

188 2327 292 2389 chino
317 2327 341 2389 li
367 2327 478 2390 debiti
501 2329 659 2408 remedii,
684 2349 722 2391 se
747 2339 948 2408 remettera,
973 2350 994 2390 a
1017 2331 1052 2391 la
1075 2330 1223 2391 volunta
1246 2327 1291 2389 de
1316 2326 1406 2406 Dio,
1436 2336 1472 2391 et

187 2434 373 2497 attendere
398 2454 476 2497 cum
501 2435 535 2497 lo
560 2435 681 2499 adiuto
706 2436 741 2498 di
766 2435 836 2499 Dio
860 2438 1041 2518 gubernar
1075 2437 1108 2498 el
1141 2445 1236 2499 resto
1261 2435 1321 2497 del
1346 2432 1472 2516 Grege

187 2543 233 2604 ad
257 2562 295 2605 se
320 2562 534 2622 commesso,
560 2553 595 2606 et
619 2563 701 2606 sara
725 2563 867 2624 sempre
890 2563 977 2606 vero
1002 2541 1193 2616 Pontifice;
1219 2540 1348 2604 etiam
1373 2543 1473 2603 bona

187 2647 405 2710 conscientia
429 2669 499 2711 non
524 2660 629 2731 potra
657 2671 755 2713 esser
785 2671 823 2713 se
847 2670 917 2712 non
942 2650 1096 2731 grande:
1122 2649 1183 2711 Ma
1207 2648 1273 2710 che
1298 2645 1372 2710 Sua
1396 2647 1472 2711 Ma·

187 2754 264 2817 esta
292 2775 336 2818 ne
360 2755 446 2827 hara
470 2757 529 2838 piu
565 2778 586 2819 a
610 2760 757 2839 perder,
790 2757 1050 2821 considerando
1079 2758 1171 2820 oltra
1202 2758 1234 2820 el
1267 2755 1385 2818 carico
1425 2756 1472 2818 de

186 2862 207 2923 l’
229 2861 345 2925 anima
375 2876 411 2926 et
435 2864 484 2926 dil
508 2866 643 2944 honor,
680 2865 785 2928 etiam
821 2868 856 2928 la
890 2865 1028 2928 iactura
1063 2865 1129 2927 che
1164 2862 1242 2925 fara
1266 2863 1311 2926 de
1335 2862 1359 2925 li
1386 2862 1472 2925 beni

187 2969 388 3051 temporali,
427 2973 485 3035 del
520 2975 585 3035 che
619 2993 687 3035 non
720 2974 832 3035 solum
864 2970 938 3035 Sua
968 2971 1105 3034 Maesta
1136 2991 1194 3033 ma
1223 2990 1333 3033 ancor
1367 2969 1391 3032 li
1417 2970 1472 3033 soi

188 3074 394 3140 Successori
427 3088 461 3141 et
490 3081 522 3141 el
547 3098 683 3161 sangue
715 3099 778 3142 suo
804 3100 848 3142 ne
872 3078 979 3142 hatra
1002 3078 1226 3141 incommodo
1235 3125 1244 3156 ,
1277 3078 1471 3158 deshonor,

190 3195 224 3247 et
249 3185 378 3265 danno,
403 3206 473 3248 non
499 3188 575 3249 solo
600 3186 635 3249 in
660 3188 693 3248 le
718 3207 800 3249 cose
826 3187 870 3249 de
894 3184 1096 3264 Germania,
1121 3205 1178 3247 ma
1202 3186 1283 3263 (che
1300 3184 1371 3246 Dio
1399 3204 1470 3247 non

187 3293 221 3354 lo
245 3291 342 3374 volii)
366 3292 462 3357 forse
488 3314 597 3357 ancor
620 3314 664 3356 ne
688 3293 713 3355 li
737 3293 817 3355 altri
842 3292 894 3355 soi
918 3292 1021 3372 regni
1046 3301 1081 3355 et
1114 3291 1286 3370 Dominii,
1312 3291 1379 3354 che
1405 3311 1472 3373 per

187 3398 286 3462 simel
316 3402 482 3482 exemplo
521 3421 559 3463 se
594 3403 818 3482 potrebbeno
851 3399 1055 3463 facilmente
1090 3401 1206 3479 levar,
1242 3398 1411 3462 vedendo
1448 3398 1473 3462 li

188 3506 299 3569 errori
324 3508 368 3569 de
400 3506 571 3570 Germani
606 3528 702 3570 esser
742 3528 807 3589 per
836 3506 908 3569 Sua
938 3506 1076 3569 Maesta
1109 3505 1281 3587 impuniti.
1329 3506 1472 3570 Perchc

187 3613 210 3674 li
242 3612 371 3694 Populi
409 3634 548 3694 sempre
581 3636 669 3678 sono
702 3615 821 3696 cupidi
857 3615 902 3676 de
933 3613 1116 3691 novitade,
1148 3624 1182 3675 et
1213 3611 1473 3694 specialmente

187 3718 399 3782 desiderano
424 3720 553 3784 levarsi
578 3723 636 3786 dal
661 3724 753 3786 collo
777 3722 801 3785 il
829 3721 910 3802 iugo
936 3722 981 3784 de
1004 3721 1040 3783 la
1064 3719 1296 3783 subiectione.

752 3905 756 3912 ι
775 3901 784 3910 a
810 3900 895 3910 μην-νυν-
902 3901 919 3909 ω-

490 4179 650 4260 Clemens
677 4179 756 4259 llIL
785 4069 980 4258 iignum
1007 4176 1183 4258 lustriae.

586 4328 708 4398 (Ar-mar.
726 4326 774 4385 11.
794 4341 866 4400 capr.
885 4325 948 4384 111.
967 4325 1000 4383 ll.
1019 4324 1071 4393 18.)

705 4448 759 4514 (11.
779 4448 844 4496 Maii
867 4442 954 4514 1524.)

280 4576 419 4638 Dilecte
443 4573 493 4637 fili
518 4583 585 4637 etc.
642 4574 698 4636 De
722 4584 783 4635 tuo
815 4570 989 4654 prestanti
1024 4569 1141 4632 animo
1172 4569 1208 4631 in
1241 4567 1475 4634 christianam

191 4705 265 4746 rem
290 4695 325 4746 et
348 4682 465 4761 fidem,
490 4701 610 4744 amore
634 4700 722 4763 erga
745 4700 819 4759 nos,
844 4679 879 4741 in
905 4676 1073 4741 Sanctam
1090 4674 1220 4739 Sedem
1237 4675 1475 4757 apostolicam

193 4789 322 4874 officiO,
346 4790 414 4852 iam
439 4789 605 4853 usitatum
629 4798 682 4851 est
706 4787 809 4850 nobis
833 4784 965 4867 aliquid
990 4783 1112 4847 audire
1132 4782 1309 4865 quotidie;
1335 4792 1372 4846 et
1388 4804 1474 4865 quo·
