3344 5564
718 472 775 524 *43
815 472 849 524 22
888 468 945 521 G>0

817 682 837 739 ⁴.)

563 785 889 866 vicecancellarius
916 785 1104 865 nicandro.

605 916 702 985 (Huni.
720 915 845 975 German
864 915 895 973 L.
913 914 960 973 tol.
978 915 1001 980 7,
1020 916 1056 984 t.)

364 1017 437 1084 (Dat.
459 1024 555 1077 Rome,
576 1031 599 1080 7.
619 1020 728 1083 Januar.
748 1046 780 1055 —
803 1021 939 1081 Receptae
960 1019 1124 1066 wormatiae
1150 1031 1185 1080 17.
1211 1029 1295 1086 1521.)

349 1127 575 1191 Venerabilis
600 1126 665 1187 Vir
691 1125 815 1187 Amice
840 1124 886 1187 mi
911 1123 1110 1186 Carissime.

282 1237 444 1299 Havemo
477 1235 635 1296 ricevute
668 1231 907 1293 ultimamente
937 1232 970 1293 le
1003 1243 1123 1294 vostre
1155 1234 1199 1293 de
1232 1233 1392 1297 XXIIII.
1427 1235 1473 1296 da

193 1343 402 1420 Wormatia‚
429 1353 463 1404 et
488 1343 521 1403 le
545 1342 634 1402 altre
659 1349 778 1400 vostre
804 1338 983 1419 duplicate
1008 1350 1043 1400 et
1068 1338 1212 1419 copiose
1238 1360 1328 1420 poco
1347 1340 1471 1422 prima.

194 1450 298 1512 Certo
332 1470 401 1512 non
436 1448 465 1510 si
503 1447 620 1529 potria
651 1445 851 1528 exprimere
887 1453 1019 1524 quanto
1048 1446 1082 1507 la
1113 1443 1251 1507 Santitir
1279 1446 1314 1508 di
1341 1446 1473 1509 Nostro

193 1556 349 1638 Signore
374 1564 408 1616 et
434 1554 492 1616 noi
517 1553 682 1616 restIamo
708 1555 752 1615 de
777 1552 854 1632 νοί,
886 1553 929 1613 de
963 1551 983 1612 l'
1002 1572 1129 1633 opera,
1162 1552 1292 1635 fatiga,
1325 1566 1360 1615 et
1391 1555 1473 1617 fede

195 1673 315 1726 vostra
341 1662 528 1725 sodisfatti.

284 1770 396 1832 Cerea
421 1771 453 1831 le
477 1767 671 1850 provisioni
698 1766 732 1828 di
749 1766 855 1827 Brevi
880 1776 916 1827 et
939 1768 1029 1828 altre
1053 1786 1146 1846 cose,
1173 1768 1238 1829 che
1265 1770 1309 1829 de
1334 1768 1394 1849 qui
1410 1770 1467 1831 de-

193 1877 346 1939 siderate
371 1886 461 1938 tutta
486 1876 544 1937 via
569 1896 589 1936 a
615 1874 669 1936 cio
695 1874 723 1934 si
748 1875 905 1952 attende,
931 1884 965 1935 et
990 1871 1046 1934 fra
1069 1886 1196 1953 quatro
1221 1895 1241 1936 o
1271 1874 1398 1955 cinque
1422 1875 1471 1955 gi·

194 1983 271 2046 orni
296 1984 331 2045 vi
356 1984 382 2044 si
409 1984 648 2045 manderanno
674 1980 857 2061 expedite,
890 1991 925 2041 et
950 1980 1022 2042 cosi
1054 1982 1089 2042 la
1113 1981 1317 2061 provisione
1344 1981 1379 2043 di
1404 1984 1472 2044 Da-

193 2091 285 2155 nari:
326 2090 385 2153 voi
417 2089 592 2170 segnitate
625 2087 823 2149 virilmente
857 2108 957 2149 come
988 2085 1035 2147 fin
1068 2087 1127 2168 qui
1157 2089 1287 2150 havere
1315 2090 1405 2151 fatto
1437 2101 1472 2152 et

195 2196 444 2278 persuadetevi
470 2197 535 2257 che
560 2194 691 2257 Nostro
717 2191 870 2274 Signore
895 2194 996 2256 Iddio
1031 2205 1066 2256 et
1096 2195 1119 2256 il
1144 2195 1290 2276 proprio
1323 2217 1386 2258 suo
1414 2197 1471 2258 Vi-

193 2303 288 2366 cario
320 2303 354 2364 in
378 2301 476 2365 Cielo
511 2312 545 2365 et
570 2301 603 2363 in
636 2311 732 2363 terra
764 2301 799 2362 vi
824 2301 1072 2382 premiaranno
1103 2302 1138 2363 In
1163 2304 1285 2382 mod0‚
1311 2304 1377 2365 che
1404 2305 1472 2366 mai

196 2432 264 2472 non
290 2409 530 2472 v'increscera
554 2411 664 2472 haver
689 2418 871 2470 sostenuto
896 2428 961 2489 per
984 2409 1019 2469 la
1038 2408 1165 2471 Chiesa
1191 2420 1225 2471 et
1249 2430 1314 2490 per
1338 2410 1361 2472 il
1385 2409 1471 2473 San·

192 2537 262 2598 gue
288 2517 323 2578 di
347 2516 488 2579 Christo
513 2526 610 2578 tante
635 2515 783 2596 fatighe,
809 2526 844 2578 et
869 2515 1117 2597 persecutioni.
1166 2514 1282 2597 Sopra
1306 2518 1340 2578 la
1365 2536 1472 2580 causa

193 2625 228 2685 di
247 2625 381 2685 Luther
406 2623 435 2685 si
452 2622 607 2685 scr1vera
633 2625 745 2684 anche
765 2624 798 2684 al
817 2621 1039 2692 Caraeciolo;
1065 2624 1198 2685 aiutate
1222 2623 1302 2685 tutti
1326 2624 1473 2687 insieme

193 2732 226 2791 la
251 2750 358 2792 causa
390 2749 575 2792 commune
609 2731 654 2791 de
679 2729 747 2791 Dio
782 2741 817 2791 et
852 2729 1050 2810 supplicate
1077 2729 1207 2793 Cesare
1239 2751 1308 2793 non
1340 2734 1473 2794 abban·

194 2837 278 2899 doni
304 2837 327 2898 il
352 2857 415 2898 suo
439 2839 534 2898 bono
559 2835 744 2917 proposito
774 2837 802 2898 si
835 2857 934 2899 come
970 2839 1004 2898 la
1035 2837 1155 2899 divina
1185 2837 1372 2900 clementia
1400 2860 1471 2902 non

195 2964 319 3005 manca
344 2963 365 3005 a
388 2944 447 3023 lui,
472 2953 508 3005 et
532 2944 754 3007 benevalete.

281 3051 421 3113 Romae
446 3049 525 3112 VII.
550 3050 708 3129 januarii
733 3050 915 3113 MDXXI.

282 3155 330 3219 Se
361 3158 396 3219 la
428 3156 618 3238 prudentia
650 3166 685 3218 et
716 3157 832 3220 studio
868 3167 989 3220 vostro
1020 3158 1055 3221 in
1081 3168 1206 3240 questa
1231 3179 1315 3221 cosa
1347 3181 1417 3222 non
1443 3161 1472 3223 si

193 3272 385 3325 mostrasse
409 3263 595 3346 maggiore
619 3263 655 3325 di
679 3266 797 3345 quello
821 3265 866 3326 da
891 3263 949 3326 voi
974 3265 1003 3326 si
1027 3275 1215 3347 aspettava
1247 3286 1471 3329 usaressemo

192 3371 300 3433 molto
324 3370 385 3452 piu
409 3373 533 3452 parole
557 3371 593 3433 in
618 3371 832 3434 exhortarvi.

962 3513 1010 3574 Vr.
1029 3512 1135 3584 fralet,
1157 3515 1223 3564 Vice
1243 3515 1431 3566 Cancellariun

808 3818 849 3881 10

466 3923 604 4005 Gcrdin.
634 3923 790 4005 Scuctur.
819 3923 975 4028 Quatucr
1002 3927 1189 4008 nicandro.

624 4054 720 4118 (linui.
739 4054 864 4113 (temen
883 4054 913 4112 L.
932 4053 978 4112 ἰοὶ
997 4056 1032 4124 9.)

702 4148 863 4210 (1521—15.
888 4146 960 4212 Jan.)

352 4255 569 4316 Reverende
594 4254 702 4317 Pater
728 4254 851 4316 Amice
875 4255 922 4317 mi
947 4257 1152 4318 charissime
1178 4254 1347 4319 Salutem.

281 4362 336 4424 Ex
365 4361 502 4424 litteris·
521 4361 650 4423 vestris
681 4381 759 4423 cum
793 4362 838 4423 ad
864 4359 1131 4425 SanctiSsimum
1164 4365 1352 4427 Dominum
1383 4365 1470 4428 Nos·

192 4480 283 4531 trum
307 4479 380 4531 tum
405 4469 510 4531 etiarn
535 4470 580 4530 ad
605 4489 669 4531 nos
694 4468 834 4549 scriptis
858 4471 1000 4532 abunde
1026 4470 1265 4533 intelleximus
1289 4493 1380 4553 quae
1405 4494 1465 4556 per

192 4597 257 4638 vos
277 4576 311 4637 in
336 4597 443 4638 causa
460 4577 663 4638 Lutherana
687 4574 831 4637 fuerunt
855 4588 945 4655 acta,
971 4587 1006 4638 et
1030 4596 1134 4658 quam
1150 4597 1330 4659 propenso
1351 4579 1469 4642 animo

194 4683 344 4762 cupiatis
369 4693 405 4744 et
428 4683 547 4745 nervis
572 4681 734 4744 omnibus
759 4681 961 4760 enitamini,
994 4695 1032 4745 ut
1064 4684 1251 4763 negocium
1286 4685 1387 4748 vobis
1412 4688 1470 4751 de·

193 4790 396 4852 mandatum
421 4789 513 4851 omni
531 4788 722 4870 prudentia
746 4799 781 4851 et
805 4789 962 4851 sollertia
987 4802 1106 4852 vestra
1131 4790 1348 4872 transigatur
1364 4795 1470 4857 nullis
