3330 5580
647 463 894 519 &limbo

125 611 262 693 perche
286 612 332 672 de
357 611 390 671 le
415 630 497 671 cose
522 611 556 671 dl
581 611 616 670 la
641 609 685 670 mi
711 609 869 671 avisasse
901 614 928 670 sl
963 610 1093 690 perche
1128 611 1161 671 in
1196 612 1315 691 quello
1346 611 1412 671 che

126 731 262 800 poteva
285 718 442 779 aiutasse
467 726 502 779 et
526 727 727 778 sostenesse
752 718 784 778 le
809 737 891 778 cose
916 716 1156 778 ecclesiastice
1182 727 1217 779 et
1237 717 1272 778 di
1288 728 1413 798 questa

128 823 244 887 Senta
268 822 385 898 Sede;
411 825 503 886 dove
528 834 745 886 certamente
769 825 815 884 ha
840 823 930 884 fatto
956 824 1106 903 qualche
1137 823 1259 885 efferto
1294 837 1329 885 et
1353 826 1411 884 bu-

130 952 202 995 ona
225 951 339 1013 opera
363 942 399 993 et
423 950 489 992 con
514 932 549 992 la
573 931 728 992 dottrina
762 951 824 993 soa
853 929 1041 991 scrivendo
1075 942 1111 992 et
1144 930 1413 1012 interpretando

127 1040 228 1101 varie
253 1037 436 1113 scritture,
471 1051 506 1099 et
540 1040 653 1098 aneho
690 1058 757 1099 con
782 1040 816 1099 la
843 1036 953 1098 bonta
979 1049 1014 1098 et
1038 1036 1188 1099 honesta
1213 1040 1257 1099 de
1282 1039 1316 1100 la
1341 1037 1413 1099 vita

129 1166 202 1210 soa.
252 1145 352 1207 Hora
377 1145 448 1227 egli
473 1145 518 1207 mi
545 1146 722 1206 domanda
747 1146 864 1226 quello
890 1146 954 1206 che
980 1146 1097 1206 debba
1122 1144 1197 1207 fare
1223 1166 1260 1206 se
1286 1145 1320 1205 di
1346 1158 1411 1205 tor·

130 1274 216 1315 nare
242 1274 262 1315 a
287 1273 343 1314 me
368 1273 388 1313 ο
414 1273 495 1328 non,
520 1255 553 1314 al
579 1254 683 1332 quale
708 1272 777 1313 non
803 1253 849 1313 ho
875 1260 1020 1332 possuto
1053 1252 1262 1332 rispondere
1293 1252 1414 1312 risolu-

129 1370 286 1422 tamente
310 1359 424 1440 prima
448 1362 513 1420 che
539 1379 582 1420 ne
607 1360 739 1420 habbia
764 1359 927 1421 avvisata
952 1358 994 1420 V.
1025 1358 1061 1420 S.
1093 1360 1127 1420 la
1160 1361 1263 1438 quale
1289 1378 1354 1420 con
1381 1360 1413 1420 le

130 1467 244 1547 prime
268 1486 331 1528 soe
357 1486 411 1527 me
436 1465 512 1526 dira
537 1468 641 1546 quale
666 1468 819 1527 sarebbe
843 1468 877 1528 la
902 1476 1018 1527 mente
1044 1467 1077 1526 dr
1103 1466 1139 1526 S
1166 1464 1227 1527 Sffi.

221 1573 266 1635 Di
293 1573 459 1654 Bologna
488 1572 547 1634 alli
571 1571 668 1634 XIX
694 1572 730 1633 di
755 1573 895 1654 Agosto
920 1571 1109 1633 MDXXV

741 2110 814 2172 245.

444 2236 600 2317 loannes
628 2235 811 2336 lengum
839 2233 1011 2314 (1111111111
1038 2234 1116 2315 VII.

573 2382 671 2456 11111111.
690 2382 810 2455 1511111111.
830 2381 884 2439 111.
904 2381 974 2441 1331

623 2508 676 2563 (20.
697 2503 811 2565 Augusti
835 2499 921 2568 1525.)

226 2647 397 2708 Nimietas
421 2645 554 2707 doloris
578 2643 710 2706 diutius
735 2644 840 2705 silere
874 2665 943 2706 non
977 2644 1077 2713 sinit:
1113 2658 1212 2706 tanta
1236 2646 1332 2727 apud
1352 2666 1417 2706 nos

129 2766 212 2815 sunt
242 2773 335 2833 quae
359 2753 453 2815 circa
477 2753 675 2833 professam
699 2750 907 2831 religionem
931 2752 1115 2831 ipsamque
1141 2752 1296 2813 nativam
1321 2772 1411 2814 com·

136 2859 248 2920 munis
281 2872 424 2921 nostrae
457 2857 540 2920 fidei
565 2859 733 2939 pietatem
758 2871 967 2938 prepostero
1007 2872 1171 2935 aguntur.
1220 2860 1297 2937 Jam
1323 2859 1414 2921 enim

134 2964 382 3046 Nuremberga
408 2965 553 3027 illustris
584 2964 716 3046 alioqui
750 2965 874 3026 civitas
899 2965 1278 3045 Wittenbergensibus
1303 2966 1417 3046 magis

136 3071 325 3134 infeliciter
349 3074 512 3134 traducta
537 3072 662 3134 misere
688 3071 836 3139 cecidit:
867 3072 955 3147 iam,
991 3076 1085 3153 quod
1111 3074 1147 3137 S.
1176 3073 1216 3135 V.
1242 3071 1414 3154 significa·

133 3192 206 3242 tum
240 3181 322 3241 volo
354 3180 447 3241 illius
485 3182 650 3261 exemplo
689 3199 730 3241 ac
764 3181 979 3259 contagione
1011 3181 1124 3242 omnis
1156 3181 1286 3242 circum
1322 3180 1417 3242 circa

134 3286 328 3367 superioris
353 3297 496 3348 nostrae
521 3286 734 3348 Germaniae
767 3286 951 3367 prouincia
976 3288 1163 3357 dilabitur;
1201 3288 1287 3363 iam,
1322 3288 1414 3367 quod

135 3396 268 3475 absque
294 3393 503 3473 gravissimo
530 3393 646 3453 cordis
672 3393 794 3454 dolore
828 3398 963 3456 reterre
994 3415 1062 3455 non
1088 3415 1243 3475 possum,
1268 3414 1332 3474 pro
1358 3415 1416 3455 na·

136 3516 209 3564 tiva
233 3522 273 3562 ac
300 3502 462 3581 professa
487 3502 563 3561 Deo
598 3500 802 3561 Catholicae
829 3501 1130 3582 Apust‹›licaeque
1158 3499 1239 3561 fidei
1274 3500 1415 3562 sinceri·

137 3623 227 3684 tate,
252 3608 557 3689 impudentissima
581 3617 677 3668 certe
713 3627 775 3668 nec
806 3607 920 3668 minus
953 3608 1059 3689 impia
1091 3608 1281 3669 lutherani
1312 3628 1416 3670 omne

136 3738 249 3799 genus
274 3715 451 3795 dogmatis
476 3724 676 3776 commenta
701 3734 743 3774 eo
769 3734 878 3794 usque
903 3715 1086 3777 invaluere
1111 3729 1147 3776 ut
1173 3736 1276 3777 omne
1291 3715 1416 3776 timore

138 3824 202 3887 l)ei
227 3823 361 3885 abolito
387 3823 550 3902 omnique
576 3821 650 3882 eius
674 3833 815 3882 assueto
841 3824 936 3883 cultu
961 3825 1148 3902 abrogato,
1175 3842 1219 3883 ex
1247 3820 1415 3883 ementita

135 3951 199 4012 per
224 3930 371 3991 miseros
395 3928 474 3990 illos
498 3926 733 4007 dogmatistas
758 3928 877 3989 nescio
904 3949 972 4009 qua
997 3928 1210 3990 christianae
1242 3926 1416 3990 libertatis

136 4037 347 4099 detestanda
372 4039 475 4117 plane
501 4034 654 4111 licentia,
680 4056 757 4096 cum
781 4037 946 4116 privatim
971 4046 1042 4097 tum
1068 4036 1209 4115 publice
1235 4035 1320 4097 nihil
1345 4055 1414 4096 non

136 4164 202 4225 pro
227 4144 396 4222 cuiusque
420 4143 496 4204 fere
528 4142 674 4203 libidine
699 4152 837 4221 agatur.
886 4143 929 4203 Et
953 4142 1058 4203 hodie
1084 4144 1179 4223 apud
1211 4141 1414 4204 florentissi-

135 4272 209 4313 mas
240 4250 461 4330 respublicas
495 4249 617 4311 audire
651 4249 790 4329 integra
821 4263 964 4310 senatus
996 4250 1159 4310 consulta
1198 4271 1238 4310 ac
1275 4249 1413 4310 illorum

136 4356 283 4418 arbitrio
317 4356 361 4416 ad
394 4355 588 4436 simplicem
623 4354 776 4417 fidelium
802 4357 942 4435 plebem
968 4357 1088 4417 delata
1112 4356 1179 4416 iam
1206 4356 1298 4416 omni
1323 4358 1416 4416 bene

138 4465 315 4543 beateque
330 4482 393 4543 per
407 4462 582 4524 Christum
603 4462 747 4523 vivendi
764 4462 899 4524 ratione
917 4472 1135 4543 postergata
1153 4463 1293 4524 abiecto
1309 4472 1415 4543 atque

137 4572 286 4650 exploso
300 4569 440 4650 penitus
464 4570 656 4651 spiritualis
681 4569 889 4649 disciplinae
914 4569 1041 4641 studio,
1064 4590 1220 4631 summae
1244 4568 1320 4631 fere
1345 4570 1413 4650 pie-

137 4676 219 4739 tatis
244 4679 340 4759 apud
365 4689 541 4741 nostrates
565 4677 704 4740 ducitur
729 4677 823 4738 circa
848 4676 988 4738 divinae
1020 4677 1217 4759 scripturae
1246 4697 1414 4739 veneran·

137 4786 217 4845 dam
242 4784 493 4847 sublimitatem
527 4785 612 4848 nihil
650 4806 718 4847 nun
754 4784 970 4865 exponendo
995 4804 1217 4866 presumere:
1243 4784 1337 4846 circa
1362 4806 1414 4846 ca-
