3330 5580
719 474 949 531 04381ῢῦ

187 623 274 685 delli
300 622 368 685 mei
392 622 549 703 pericoli,
576 621 708 684 fatiche
732 632 767 684 et
791 620 994 684 necessitati
1019 640 1085 702 per
1108 621 1141 682 le
1167 617 1261 701 quali
1285 639 1341 682 me
1356 621 1474 681 hanno

187 750 327 792 summa
358 729 623 810 compassione,
657 731 723 791 che
757 728 865 810 dopoi
890 748 978 790 sono
1006 736 1090 789 nato
1116 727 1185 789 mai
1209 746 1297 789 sono
1322 734 1414 789 stato
1441 725 1475 788 in

186 847 291 900 tanta
315 836 457 901 miseria
482 846 518 898 et
542 835 740 916 afflittione,
774 856 889 917 neque
915 834 1044 898 obiicio
1069 833 1232 916 profecto
1261 835 1324 896 sed
1352 834 1478 895 iterum

188 955 334 1026 repeto,
359 947 425 1008 che
449 964 515 1007 con
539 943 658 1007 falsitir
683 965 753 1007 non
777 944 985 1007 detrahatur
1008 942 1134 1005 honori
1160 962 1249 1023 meo,
1281 943 1346 1004 che
1371 943 1478 1003 credo

190 1054 269 1115 chel
295 1053 451 1116 Diabolo
481 1051 613 1133 instiga
644 1061 812 1133 questoro
847 1060 1140 1132 expressamente
1174 1048 1272 1112 accio
1303 1051 1368 1111 che
1398 1048 1432 1110 io
1457 1067 1478 1108 o

191 1160 316 1243 creppi
348 1159 384 1221 di
413 1161 537 1222 dolore
562 1179 583 1222 ο
608 1180 663 1221 me
694 1158 800 1222 amali
829 1157 890 1240 piu
922 1159 967 1220 de
995 1158 1030 1220 lo
1055 1159 1121 1220 che
1145 1177 1251 1237 son0,
1287 1177 1307 1218 o
1333 1157 1398 1218 che
1423 1175 1478 1216 me

190 1265 281 1329 ritiri
306 1276 342 1328 et
366 1264 451 1327 lassi
475 1266 533 1327 del
557 1274 649 1327 tutto
674 1274 802 1346 questa
826 1265 990 1346 impresa,
1018 1285 1087 1347 quo
1113 1265 1201 1328 nihil
1225 1273 1320 1327 esset
1344 1260 1480 1345 gratius

193 1372 408 1435 Lutheranis
433 1372 605 1434 omnibus.
642 1371 672 1433 Il
696 1373 761 1436 che
787 1371 855 1434 mai
880 1371 958 1434 faro
982 1369 1054 1433 fino
1079 1372 1144 1433 che
1169 1370 1252 1433 vedi
1268 1371 1333 1432 che
1349 1370 1480 1432 Nostro

191 1476 349 1562 Signore
381 1500 402 1541 0
427 1479 560 1542 Vostra
585 1476 753 1561 Signoria
777 1479 852 1540 Rm⁸
884 1478 969 1542 doni
992 1478 1075 1541 fede
1100 1480 1169 1541 alle
1193 1477 1366 1541 calumnie
1390 1477 1481 1539 false

191 1586 225 1648 di
253 1585 371 1668 questi
397 1585 571 1666 maledici,
596 1585 656 1649 alli
680 1586 776 1668 quali
800 1585 870 1648 Dio
895 1585 1054 1667 perdoni.

283 1693 395 1756 Cesar
426 1695 473 1756 ha
507 1694 566 1776 gia
593 1692 715 1756 scritto
748 1695 819 1756 alla
852 1692 1044 1756 universita
1079 1692 1113 1754 di
1145 1691 1287 1756 Vienna
1318 1701 1481 1774 resposta

190 1804 258 1865 che
281 1801 473 1864 brusciano
498 1801 615 1863 statim
647 1800 764 1883 questi
794 1800 924 1880 libri¹);
956 1800 1040 1862 item
1071 1801 1117 1861 ha
1141 1799 1308 1862 concluso
1334 1800 1481 1862 mandar

190 1928 263 1971 uno
289 1928 354 1970 suo
379 1907 571 1971 secretario
596 1907 631 1969 in
648 1907 804 1970 Fiandra
829 1928 850 1968 a
873 1906 1003 1990 pigliar
1028 1906 1107 1968 libri
1129 1906 1323 1969 Lutherani
1348 1916 1383 1969 et
1407 1905 1480 1968 fau·

192 2015 262 2078 tori
297 2027 334 2077 et
367 2014 535 2096 piacemi,
569 2016 699 2096 perche
724 2015 743 2077 d
768 2034 837 2077 uno
869 2013 939 2077 mio
968 2014 1105 2094 grande
1131 2013 1256 2076 Amico
1282 2015 1411 2076 huomo
1438 2014 1482 2075 da

192 2126 297 2203 bene,
327 2122 361 2183 al
387 2123 491 2203 quale
516 2123 562 2183 ho
587 2122 669 2183 date
694 2129 784 2184 tutte
810 2122 844 2183 le
869 2119 1096 2198 instruttioni,
1131 2135 1166 2182 et
1190 2121 1285 2183 modi
1310 2120 1422 2183 debiti
1448 2128 1483 2181 et

192 2251 231 2293 se
263 2228 344 2292 farri
378 2229 398 2290 l'
416 2227 534 2291 officio
568 2228 649 2290 sara
682 2247 766 2290 cosa
799 2226 1037 2306 sanctissima,
1074 2227 1204 2308 perche
1238 2237 1330 2289 tutto
1365 2228 1482 2308 quello

192 2356 305 2420 paese
330 2338 349 2399 ὲ
375 2335 501 2397 infetto
525 2355 590 2416 per
614 2335 804 2397 seddution
829 2335 865 2397 di
890 2333 1037 2396 Erasmo
1070 2345 1105 2396 et
1136 2333 1299 2416 complici
1330 2334 1392 2415 piu
1417 2335 1482 2395 che

192 2443 276 2506 tutti
309 2443 333 2505 li
365 2442 483 2505 luochi
517 2442 552 2503 di
577 2440 787 2518 Germania,
821 2442 918 2523 quod
949 2440 1111 2522 profecto
1135 2461 1207 2503 non
1232 2454 1326 2504 esset
1351 2462 1388 2503 se
1413 2462 1484 2503 non

193 2551 293 2613 fusse
311 2551 347 2611 la
373 2569 480 2611 causa
504 2548 569 2609 che
593 2547 627 2609 io
645 2548 743 2623 dico;
769 2548 853 2630 quid
872 2547 964 2610 enim
982 2544 1185 2611 Saxonibus
1202 2569 1280 2610 cum
1296 2548 1484 2611 Flandris?

197 2658 240 2720 Et
274 2667 403 2739 questo
428 2656 446 2718 ὲ
471 2655 673 2735 verissimo,
706 2665 742 2718 et
771 2655 832 2737 piu
857 2654 986 2737 grandi
1010 2654 1258 2734 Justificationi
1284 2676 1328 2718 ne
1353 2656 1417 2734 ho,
1451 2656 1484 2717 le

195 2764 293 2846 quali
319 2783 391 2826 non
416 2782 523 2844 posso
549 2761 682 2824 scriver
707 2763 740 2824 al
765 2771 950 2843 presente,
985 2763 1028 2825 ne
1054 2762 1123 2825 mai
1147 2764 1193 2825 ho
1217 2765 1351 2825 havuto
1376 2762 1484 2825 inimi-

195 2871 278 2933 citie
313 2891 393 2933 cum
418 2869 575 2932 Erasmo
624 2869 715 2931 Anci
748 2890 813 2950 per
843 2873 878 2933 la
909 2890 973 2932 sua
1005 2870 1161 2932 dottrina
1186 2871 1207 2932 l’
1224 2891 1303 2932 amo
1329 2872 1365 2931 di
1389 2873 1484 2932 buon

196 2998 321 3049 cuore;
348 2975 421 3039 cosi
434 2976 503 3038 Dio
529 2975 574 3037 mi
599 2975 721 3039 adiuti.
758 2973 831 3038 Sed
856 2977 970 3059 magis
994 2998 1073 3039 amo
1098 2977 1295 3058 veritatem,
1319 2976 1425 3039 fidem
1451 2987 1486 3039 et

199 3086 328 3148 Deum.
366 3082 407 3144 El
424 3081 617 3145 Confessor
641 3081 687 3143 mi
711 3083 757 3144 ha
782 3083 881 3146 detto
906 3085 971 3146 che
996 3084 1023 3147 si
1048 3085 1151 3146 trovo
1176 3084 1288 3165 hoggi
1314 3086 1406 3146 dove
1422 3083 1484 3146 Ce-

197 3213 257 3254 sar
281 3191 448 3252 concluse
471 3189 506 3251 in
532 3190 563 3251 el
590 3189 746 3251 conselio
771 3200 909 3254 secreto
934 3201 969 3253 et
994 3191 1221 3270 commando,
1246 3192 1312 3253 che
1338 3192 1367 3254 si
1391 3211 1485 3253 man-

197 3301 304 3361 dasse
337 3296 454 3360 subito
483 3317 554 3358 uno
579 3297 613 3359 in
640 3298 850 3380 Antwerpia
875 3308 910 3360 et
934 3300 979 3360 ad
1005 3299 1084 3360 altri
1110 3297 1233 3380 luoghi
1258 3298 1293 3360 di
1318 3299 1486 3377 Fiandra,

198 3403 346 3488 persar
370 3405 427 3466 del
452 3415 543 3467 tutto
568 3404 728 3486 extirpar
751 3405 776 3466 li
800 3405 879 3468 libri
906 3406 950 3468 de
966 3406 1109 3486 Luther,
1135 3418 1170 3468 et
1194 3406 1298 3488 piliar
1314 3405 1337 3467 li
1354 3405 1486 3467 fautori

198 3522 236 3575 et
266 3510 323 3573 far
357 3510 443 3594 ogni
468 3512 632 3573 absoluta
656 3511 877 3592 provisione,
902 3512 927 3574 il
951 3514 1016 3576 che
1045 3513 1124 3575 sara
1149 3533 1233 3576 cosa
1257 3513 1487 3592 sanctissima,

199 3619 336 3700 purch&
361 3618 390 3679 si
414 3617 504 3680 faeci
529 3617 552 3681 il
578 3618 700 3681 debito
724 3639 789 3700 per
813 3618 838 3681 li
862 3619 1064 3698 executori,
1089 3622 1221 3701 perche
1250 3630 1341 3682 tutto
1369 3621 1487 3701 quello

200 3745 311 3808 paese
337 3746 402 3808 per
417 3724 564 3788 Erasmo
589 3734 624 3787 et
648 3732 724 3788 suoi
749 3725 879 3789 fautori
904 3727 922 3788 ὲ
948 3727 1088 3788 sedotto
1113 3738 1147 3788 et
1173 3747 1278 3807 perso
1304 3727 1337 3788 in
1364 3737 1489 3807 questa

202 3833 353 3897 heresia„
403 3834 436 3894 Α
461 3834 593 3897 Vostra
617 3833 935 3897 Reverendissima
960 3831 995 3894 S.
1021 3834 1172 3915 genibus
1204 3832 1306 3895 flexis
1337 3836 1424 3895 baso
1456 3834 1489 3893 lo

205 3961 310 4004 mam.

293 4065 501 4128 Vormatiae
531 4065 652 4127 ultima
676 4065 861 4128 Februarii
886 4065 1070 4130 MDXXI.

230 4301 250 4360 ⁹)
277 4298 348 4346 Vide
369 4300 481 4348 Docum.
504 4310 528 4360 7.

244 4926 319 4979 tarsu,
332 4930 475 4970 Documenta
486 4931 622 4971 lnnmrunu.
