3330 5580
718 488 962 546 Quies*

197 657 261 701 suo
306 639 464 702 castello.
538 636 599 699 Ma
643 647 872 719 quantunque
920 637 1008 701 detti
1048 639 1187 703 tumulti
1225 640 1367 705 cessino
1412 662 1486 705 non

199 766 315 808 vanno
340 745 428 828 perh
452 747 485 807 le
510 764 592 807 cose
617 746 651 807 al
676 746 752 807 loro
786 746 895 807 dritto
920 745 1067 824 camino,
1091 749 1224 828 perche
1248 750 1360 830 quelli
1385 749 1488 811 Prin·

198 853 278 933 cipe
303 861 339 915 et
363 851 481 915 Nobili
506 851 621 913 tirano
646 860 737 914 tutto
771 873 793 913 a
825 854 901 914 loro
930 852 1075 935 profitto
1105 874 1172 917 con
1206 876 1277 918 non
1301 876 1397 938 poca
1423 877 1487 938 op-

196 958 382 1040 pressione
408 959 465 1020 del
490 960 604 1036 clero,
640 968 676 1020 et
699 957 828 1020 liberta
852 959 1110 1040 ecclesiastica,
1139 963 1232 1025 dove
1255 963 1335 1026 sera
1361 984 1486 1028 neces-

195 1065 289 1128 sario
315 1068 380 1128 che
396 1065 527 1128 Nostro
553 1063 706 1146 Signore
731 1086 796 1127 con
822 1065 953 1130 Cesare
977 1069 1178 1149 proveggia
1203 1069 1359 1148 omnin0,
1384 1072 1486 1134 altri·

196 1173 305 1235 menti
328 1173 362 1235 io
389 1182 493 1252 tem0,
518 1172 552 1234 in
578 1192 747 1253 processo
772 1172 808 1233 di
833 1182 952 1254 tempo
976 1194 1048 1236 non
1072 1178 1167 1238 vada
1189 1185 1320 1260 troppo
1346 1179 1485 1258 avanti,

195 1291 230 1344 et
255 1281 307 1343 sia
338 1279 397 1363 poi
427 1279 507 1342 mal’
535 1279 700 1361 exempio
728 1282 797 1342 alle
829 1282 919 1343 altre
944 1281 1087 1344 Nationi
1112 1283 1156 1345 de
1185 1283 1378 1350 christiani.
1430 1283 1483 1348 So

195 1390 261 1451 che
286 1388 360 1450 Sua
384 1387 611 1449 Beatitudine
636 1387 782 1449 intende
806 1387 831 1448 il
855 1395 963 1466 tutto,
995 1398 1031 1450 et
1060 1408 1127 1470 per
1150 1391 1185 1452 la
1208 1410 1272 1453 sua
1295 1392 1420 1471 bontil,
1449 1403 1486 1454 et

194 1495 386 1577 prudentia
410 1515 481 1557 non
506 1493 529 1556 li
554 1495 743 1558 mancher'a
778 1495 812 1556 di
842 1498 961 1558 buona
994 1497 1209 1578 provisione.
1261 1498 1300 1561 ln
1334 1499 1485 1563 Vienna

195 1602 223 1664 si
248 1604 387 1664 attaccd
412 1602 435 1663 il
459 1600 564 1664 fuoco
589 1623 633 1664 ne
658 1603 692 1663 la
723 1602 937 1682 munitione,
971 1603 1051 1665 ete
1085 1604 1247 1667 bruciata
1281 1616 1375 1667 tutta
1411 1627 1483 1669 con

194 1709 289 1773 circa
312 1709 337 1771 il
361 1721 488 1791 quarto
513 1709 548 1771 di
573 1711 692 1790 quella
717 1709 813 1789 citta,
837 1710 895 1772 nel
920 1712 1025 1790 quale
1049 1709 1078 1773 si
1094 1713 1363 1793 comprendono
1378 1724 1482 1793 quat·

193 1828 248 1879 tro
273 1815 492 1879 Monasterii.
540 1815 594 1878 Ne
618 1818 652 1878 al
675 1826 842 1898 presente
867 1817 913 1878 mi
939 1837 1084 1880 occurre
1109 1820 1211 1897 altro,
1236 1839 1275 1882 se
1298 1839 1371 1881 non
1396 1839 1483 1900 sup·

191 1924 331 2006 plicarli
366 1923 411 1985 mi
447 1923 672 1985 raccomandi
709 1923 939 1986 humilmente
975 1925 1035 1986 alli
1072 1922 1272 1988 Santissimi
1306 1926 1406 2006 piedi
1443 1929 1481 1989 di

193 2029 323 2092 Nostro
348 2027 514 2110 Signore,
540 2040 574 2091 et
599 2050 619 2091 a
644 2050 682 2092 se
707 2040 830 2108 stessa,
856 2032 922 2092 che
937 2030 1006 2093 Dio
1032 2031 1112 2093 tutti
1129 2031 1224 2094 felici
1241 2033 1276 2094 vi
1297 2034 1481 2097 conservi.

282 2136 337 2199 Ex
362 2135 526 2198 Bononia
551 2136 610 2196 Vt*
633 2137 788 2217 Augusti
812 2136 1013 2200 MDXXV.

281 2243 319 2309 E.
344 2244 389 2309 D.
415 2242 458 2305 V.
484 2240 520 2307 S.

1092 2352 1138 2400 Uti
1158 2354 1239 2401 irater
1258 2354 1385 2401 Dedit'll*

1076 2443 1106 2492 L.
1133 2441 1203 2489 Car.
1232 2442 1403 2504 Campegi.

792 2891 857 2954 24⁹

487 3009 604 3111 Epist.
635 3008 865 3089 Tridentinus
893 3007 1065 3088 Clementi
1092 3009 1171 3091 VII.

648 3156 748 3230 (Epist.
766 3157 852 3230 prino.
871 3156 922 3213 111.
942 3155 1011 3227 tlt.)

682 3275 736 3342 (ιο.
757 3277 872 3338 Augusti
896 3276 982 3338 1525.)

280 3429 502 3511 Scripseram
516 3427 706 3490 novissime
725 3424 773 3489 8⁰.
800 3427 856 3488 Βηὶ
873 3425 1024 3489 Cesarea
1040 3426 1239 3491 Maiestatis
1257 3431 1474 3495 sententiam

190 3559 268 3600 essu
293 3537 385 3619 quod
413 3533 605 3617 imperialis
630 3549 826 3595 conventus
850 3532 1025 3595 indicatur
1056 3533 1194 3596 futurus
1223 3537 1388 3617 Auguste
1425 3542 1476 3601 ad

190 3644 389 3726 proximum
414 3642 542 3704 festum
566 3640 769 3720 Michaelis,
794 3641 839 3702 de
864 3661 932 3721 quo
957 3641 1175 3721 publicando
1199 3644 1257 3704 vel
1283 3663 1338 3721 ne,
1361 3663 1474 3725 quum

189 3751 350 3834 plerique
376 3750 471 3831 apud
495 3747 756 3810 serenissimum
780 3747 975 3830 principem
1001 3748 1151 3810 diversis
1175 3749 1267 3811 votis
1284 3770 1497 3814 moverem.

190 3871 244 3920 tur
270 3878 334 3919 mut
360 3856 452 3919 idem
478 3854 666 3932 sentirent,
698 3854 831 3936 placuit
860 3855 1071 3935 quibusdam
1098 3875 1154 3917 me
1178 3876 1319 3937 quoque
1344 3877 1471 3920 consu-

191 3968 261 4027 lere
287 3965 370 4046 quid
396 3963 473 4044 ipse
498 3982 679 4024 censerem
705 3973 881 4043 prestare;
911 3962 1078 4043 respondi
1111 3962 1268 4026 rationes
1300 3965 1393 4026 ultro
1424 3967 1472 4027 ci·

190 4087 314 4154 troque
341 4070 467 4133 adduci
493 4090 598 4151 posse
629 4068 663 4130 in
690 4071 894 4131 alterutram
924 4069 1193 4131 consultationis
1226 4080 1380 4151 partem;
1414 4093 1472 4135 me

189 4191 304 4242 ttunmt
332 4176 465 4241 moveri
491 4175 604 4257 magis
629 4177 673 4237 ad
699 4176 915 4237 suadendam
945 4175 1037 4238 illius
1061 4175 1337 4257 publicationem
1362 4197 1470 4259 quam

191 4288 247 4348 vul
274 4285 502 4347 omittendum
529 4285 585 4345 vel
610 4284 884 4355 retardandam;
917 4283 972 4344 cui
1001 4282 1159 4364 opinioni
1183 4285 1299 4345 adhuc
1323 4286 1470 4349 haereo.

189 4400 408 4474 tutuurrrquum
446 4390 591 4452 ettenim
627 4389 810 4472 praeteriti
846 4399 1041 4453 conventus
1075 4389 1214 4471 imperii
1250 4392 1308 4452 vel
1342 4411 1469 4472 parum

189 4502 243 4561 vol
271 4499 354 4562 nihil
380 4519 472 4579 pune
497 4497 705 4579 profuerint,
730 4497 766 4559 in
790 4497 844 4557 his
868 4497 1059 4578 praecipue
1091 4517 1182 4578 quae
1213 4498 1259 4558 ad
1290 4498 1470 4562 haeresim

188 4608 384 4668 luterunam
410 4605 658 4667 eradicandam
683 4604 835 4665 maxime
860 4603 1036 4684 profuisse
1060 4603 1277 4684 debuissent,
1302 4614 1338 4667 et
1368 4616 1468 4669 certo

189 4713 300 4775 torturi
325 4713 438 4795 possit
463 4711 677 4793 presentiam
708 4710 869 4774 Caesaris
901 4713 934 4772 in
961 4709 1152 4774 Germania
1183 4713 1291 4792 longe
1323 4713 1468 4795 lateque

187 4820 241 4881 his
267 4822 370 4882 rebus
395 4821 594 4881 conducere
628 4838 752 4899 posse:
790 4839 893 4900 quum
926 4828 1042 4880 tamen
1079 4839 1163 4880 suae
1195 4818 1254 4879 Mil
1290 4819 1468 4886 adventus
