3344 5564
709 429 956 485 *usaue*

194 576 360 656 exposita
384 574 484 637 luere
509 575 543 636 in
574 576 721 637 eandem
747 573 954 637 sententiam
984 595 1048 655 per
1079 572 1242 636 nuncium
1268 570 1305 636 S.
1330 574 1387 645 V„
1423 575 1476 635 cui

193 682 259 744 etsi
283 683 425 744 abunde
450 702 471 743 a
495 681 599 743 nobis
623 702 832 763 responsum
855 682 909 760 sit,
927 691 1081 743 attamen
1100 701 1215 762 neque
1232 701 1310 743 eum
1327 681 1416 744 Bn⁰⁰
1434 681 1476 743 V.

191 800 311 851 tacere
336 791 498 851 volumus
522 800 592 851 tam
617 788 754 852 nefario
780 790 915 851 scelere
930 788 979 850 ita
997 788 1130 850 offendi
1146 787 1299 850 animum
1315 798 1474 850 nostrum

192 907 229 958 ut
252 896 373 959 verbis
397 895 430 957 id
459 895 599 958 minime
623 895 703 977 capi
727 917 745 957 a
773 895 876 957 nobis
900 894 1031 977 possit,
1064 904 1098 956 et
1123 915 1165 956 eo
1189 895 1304 976 magis
1329 916 1401 976 quo
1426 916 1475 957 se·

191 1003 264 1065 rius
295 1003 487 1065 remedium
517 1013 615 1065 tanto
640 1003 803 1066 incendio
829 1003 990 1065 adhiberi
1015 1021 1121 1084 posse
1153 1001 1303 1064 videtur.
1359 1002 1476 1082 Quum

192 1109 286 1172 enim
311 1109 430 1172 omnia
453 1110 765 1191 circumspicimus,
790 1109 884 1172 levia
908 1129 1150 1191 quaecumque
1177 1109 1341 1171 videntur
1366 1131 1474 1172 reme·

193 1217 251 1279 dia
276 1215 343 1279 nisi
368 1225 439 1278 tarn
466 1219 536 1280 alte
560 1227 740 1299 repostum
766 1218 893 1279 malum
909 1216 1006 1279 ferro
1027 1227 1187 1287 curetur;
1212 1217 1308 1296 quod
1334 1218 1475 1298 quidem

192 1323 305 1404 ipsum
339 1344 442 1404 quam
474 1325 568 1386 bene
599 1323 674 1386 sine
705 1324 886 1405 presentia
918 1332 1040 1386 nostra
1070 1322 1146 1386 fieri
1186 1322 1300 1404 possit
1333 1324 1475 1386 minime

192 1429 297 1494 etiam
323 1430 492 1494 videmus.
540 1430 592 1492 Eo
616 1430 736 1511 itaque
768 1429 928 1493 venimus
959 1442 996 1492 ut
1028 1429 1234 1510 cogitemus,
1260 1430 1327 1492 nisi
1356 1451 1473 1493 coram

191 1537 406 1615 resistamus,
433 1557 502 1599 non
519 1540 628 1600 multo
653 1547 735 1618 post
758 1546 833 1599 tota
858 1557 915 1600 res
939 1536 973 1599 in
998 1557 1141 1618 pessum
1164 1536 1256 1599 itura
1281 1536 1345 1607 sit:
1371 1557 1474 1618 quam

192 1656 309 1707 autem
335 1644 498 1706 celeriter
523 1644 559 1706 id
584 1643 704 1706 facere
728 1643 903 1725 possimus
928 1655 963 1706 et
987 1644 1072 1706 satis
1096 1665 1117 1706 a
1141 1643 1243 1706 nobis
1265 1641 1473 1707 Sanctitatis

193 1751 236 1813 V.
263 1749 401 1813 Nuncio
430 1750 667 1832 significatum
698 1759 751 1812 est
780 1760 816 1812 et
845 1751 906 1812 Β(10
928 1750 971 1815 V.
1001 1770 1066 1833 pro
1098 1750 1270 1831 singulari
1301 1751 1473 1832 sapientia

192 1879 256 1920 sua
280 1857 448 1919 facillime
473 1858 678 1940 expendere
703 1857 844 1940 poterit.
901 1857 1059 1919 Plurima
1091 1857 1183 1919 enim
1208 1868 1307 1920 certa
1331 1858 1472 1940 impedi-

193 1975 312 2026 menta
337 1984 407 2026 non
433 1964 569 2028 desunt.
624 1964 703 2027 Non
736 1967 966 2047 desperamus
998 1974 1116 2026 tamen
1148 1964 1232 2044 quin
1262 1966 1473 2028 adveniente

194 2093 287 2135 novo
311 2091 397 2134 vere
422 2070 472 2134 ita
496 2071 614 2134 omnia
638 2072 835 2153 composita
859 2074 1053 2136 habeamus
1084 2085 1123 2133 ut
1154 2073 1331 2153 possimus
1362 2073 1472 2135 isthuc

193 2182 286 2242 bene
310 2180 356 2240 ad
381 2177 498 2241 omnia
521 2178 683 2241 instructi
708 2180 895 2257 advolare,
927 2198 1055 2259 resque
1085 2179 1113 2241 si
1146 2181 1301 2241 nondum
1334 2181 1472 2242 omnino

194 2287 374 2367 collapsae
398 2284 531 2347 fuerint
554 2285 727 2348 sustinere
757 2298 817 2347 aut
851 2286 1028 2368 collapsas
1061 2285 1199 2366 erigere
1230 2297 1265 2349 et
1295 2286 1332 2349 in
1364 2287 1473 2368 pristi-

196 2413 276 2455 num
301 2401 430 2455 statum
455 2393 652 2455 restituere.
700 2392 804 2472 Quod
828 2413 934 2454 unum
970 2392 1122 2455 maxime
1151 2392 1185 2454 in
1220 2413 1328 2456 causa
1359 2406 1413 2457 est
1441 2407 1474 2456 ut

195 2499 374 2582 publicam
400 2520 525 2581 pacem
550 2500 787 2564 necessariam
813 2498 954 2562 omnino
969 2499 1181 2562 arbitremur
1198 2504 1244 2563 ob
1261 2500 1369 2582 idque
1385 2502 1474 2564 illius

195 2607 416 2671 conficiendo
443 2608 573 2669 nullum
598 2627 619 2668 a
643 2605 746 2668 nobis
771 2618 909 2689 tempus
934 2617 994 2668 aut
1011 2628 1068 2668 res
1085 2609 1156 2669 ulla
1172 2609 1472 2689 praetermittitur.

196 2713 413 2777 Confidimus
438 2714 543 2776 etiam
568 2711 640 2773 8¹⁰¹ss
665 2713 710 2774 V.
743 2734 834 2794 quae
866 2723 901 2774 et
932 2734 994 2775 sua
1026 2713 1142 2794 pietas
1171 2722 1207 2776 et
1230 2715 1388 2778 conditio
1414 2725 1473 2792 est,

197 2821 282 2884 nihil
312 2821 450 2884 interim
483 2820 777 2902 praetermissura
808 2821 903 2900 quod
938 2819 972 2882 in
1007 2841 1225 2884 communem
1254 2820 1474 2884 Christianae

196 2928 414 3010 reipublicae
438 2947 513 2989 rem
538 2938 572 2989 et
597 2927 808 3008 dignitatem
832 2928 1032 2989 redundare
1056 2927 1168 3008 possit
1204 2940 1239 2990 et
1268 2929 1474 3011 praesertim

196 3035 241 3097 ad
278 3033 494 3097 afferendam
530 3031 682 3113 aliquam
715 3031 795 3094 huic
829 3042 927 3094 tanto
963 3034 1056 3095 malo
1093 3033 1312 3096 medicinam.
1373 3035 1472 3114 Quod

197 3140 339 3224 quidem
364 3141 468 3202 etiam
495 3149 532 3201 ut
557 3138 649 3201 omni
675 3159 759 3203 cura
780 3140 967 3220 studioque
984 3139 1103 3218 faciat,
1118 3140 1231 3221 ipsam
1248 3142 1475 3204 vehementer

197 3251 378 3312 hortamur
402 3260 508 3328 atque
533 3267 715 3328 rogamus,
747 3256 783 3308 et
813 3260 849 3308 ut
883 3230 1035 3308 uberius*
1056 3269 1076 3308 a
1101 3246 1330 3328 vicegerente
1356 3261 1474 3311 nostro

198 3356 268 3418 illu.
299 3355 395 3418 lluce
426 3354 579 3416 Suessae
605 3353 805 3432 intelligere
838 3353 985 3433 poterit;
1020 3353 1075 3414 cui
1105 3364 1172 3416 etc.
1229 3355 1308 3416 Dat.
1343 3355 1380 3416 in
1412 3355 1474 3417 civ.

198 3471 319 3524 nostra
343 3460 459 3547 Toleti
485 3460 542 3521 die
567 3459 753 3521 undecimo
784 3459 955 3541 Augusti,
985 3480 1078 3522 anno
1109 3459 1252 3522 Domini
1286 3461 1474 3522 MDXXV

200 3569 350 3647 Regnor
374 3588 446 3633 ecc.

1289 3673 1321 3735 ul
1338 3673 1408 3746 Ray.

800 4117 874 4180 244.

635 4238 846 4339 Campegius
875 4238 1046 4322 Sadoleto.

572 4384 749 4452 (Nuntiat.
770 4384 922 4445 German
941 4386 1016 4446 Lm.
1034 4389 1099 4460 119.)

692 4512 745 4565 tu).
766 4507 880 4567 Augusti
904 4518 933 4567 15
957 4507 990 4572 5-)

291 4688 296 4700 .
318 4697 320 4701 .
342 4690 348 4703 .
375 4640 526 4719 Quando
551 4638 584 4699 io
612 4637 718 4719 partii
738 4638 773 4699 di
789 4639 993 4721 Ratispona
1018 4643 1158 4704 mandai
1175 4643 1281 4706 Mess.
1299 4644 1476 4707 Giovanni

200 4747 329 4807 Coelen
355 4768 375 4809 a
400 4749 517 4827 quelle
541 4746 634 4827 parti
659 4745 694 4806 di
719 4766 825 4826 sopra
849 4749 906 4810 del
936 4749 1066 4811 Rheno
1098 4771 1201 4813 verso
1233 4751 1422 4832 Moguntia
1449 4751 1475 4814 si
