3330 5580
705 451 854 504 043439
893 450 950 503 s}-⁰

190 604 223 656 et
254 592 528 656 sollicitudinem
553 574 648 657 circa
677 593 746 658 ista
776 597 962 676 adhibeat,
999 599 1055 660 cui
1078 607 1139 661 tua
1165 599 1341 662 Nobilitas
1373 601 1467 662 omni

190 721 256 781 ope
288 710 324 763 et
355 701 489 763 auxilio
520 713 558 763 ut
581 702 668 764 velit
700 701 889 784 suffragari
919 703 1014 766 illam
1040 704 1073 765 in
1100 706 1242 769 domino
1276 708 1467 770 hortamur.

276 825 417 888 Romae
442 828 538 908 apud
563 824 599 889 S.
624 828 768 890 Petrum
793 828 851 890 die
878 828 975 890 XXI
1000 830 1135 911 Aprilis
1159 829 1351 893 MDXXV
1374 851 1467 894 anno

189 933 355 995 secundo.

729 1130 934 1141 »om-Am

790 1360 855 1424 202

478 1475 637 1556 Clemens
665 1476 744 1557 VII.
773 1475 894 1556 Gurolo
923 1477 1005 1556 duci
1034 1475 1180 1560 [tolnae.

440 1623 533 1694 (diem.
551 1622 640 1696 Epist.
659 1623 696 1682 ad
714 1624 854 1696 Principes
872 1640 922 1697 par
941 1624 1063 1683 Sadolat.
1081 1625 1126 1683 iel
1144 1626 1212 1695 120.)

685 1746 738 1807 (23.
758 1743 861 1808 Aprilis
884 1741 970 1812 1525.)

275 1886 374 1948 Tuae
399 1884 539 1948 virtutis
568 1897 603 1948 et
627 1905 714 1968 erga
747 1906 916 1948 summum
947 1887 1062 1948 Deum
1094 1886 1278 1969 religionis
1310 1890 1466 1969 praecla-

189 2013 262 2055 rum
288 1991 526 2055 testimonium
557 1993 698 2055 litterae
723 1992 825 2055 nobis
856 2003 938 2055 tuae
972 1996 1230 2074 praebuerunt;
1268 1993 1303 2056 in
1340 1995 1468 2075 quibus

188 2119 264 2162 cum
289 2098 425 2161 dehac
449 2109 548 2162 tanta
573 2099 774 2162 calamitate
799 2097 1022 2179 Germaniae,
1058 2119 1149 2180 quae
1182 2099 1317 2163 artibus
1342 2122 1467 2183 perpe·

188 2205 253 2269 tuis
284 2206 397 2269 hostis
428 2205 496 2268 Dei
524 2226 589 2287 per
625 2206 699 2269 eius
734 2205 862 2287 impios
894 2206 1073 2268 ministros
1104 2208 1292 2269 lutherana
1326 2208 1466 2270 haeresi

187 2312 336 2377 infectos
360 2324 551 2395 procurata
582 2324 645 2389 est,
680 2313 924 2395 conquereris,
955 2312 1185 2394 ostendisque
1209 2315 1368 2377 dolorem
1401 2314 1465 2376 tibi

187 2420 328 2483 afficere
352 2421 421 2482 hoc
445 2419 601 2482 dedecus
634 2419 785 2482 nominis
810 2418 940 2482 Christi
966 2428 1002 2482 et
1033 2419 1247 2482 christianae
1280 2420 1465 2502 religionis

188 2529 358 2591 maculam
388 2538 495 2608 atque
519 2527 697 2604 iniuriam,
734 2537 805 2589 tum
830 2536 868 2587 ut
891 2546 976 2588 vere
1002 2545 1167 2608 magnum
1193 2536 1229 2589 et
1252 2527 1349 2607 pium
1373 2526 1466 2608 prin·

188 2634 302 2717 cipem
327 2633 432 2696 decet
460 2631 611 2695 animum
644 2633 846 2716 praesefers
877 2634 968 2695 hanc
1006 2644 1139 2695 tantam
1177 2633 1394 2715 impietatem
1430 2642 1467 2696 et

188 2742 301 2805 scelus
330 2740 505 2803 nefarium
528 2739 732 2802 vindicandi
757 2739 792 2801 in
823 2760 892 2821 quo
925 2739 1029 2801 etiam
1061 2761 1082 2801 a
1106 2740 1209 2802 nobis
1239 2741 1398 2821 postulas
1426 2750 1465 2803 ut

187 2848 248 2911 tibi
270 2847 491 2930 procedendi
515 2848 686 2909 adversus
714 2845 974 2909 ecclesiasticas
1007 2866 1189 2927 personas,
1225 2866 1313 2928 quas
1336 2848 1465 2910 multas

188 2956 266 3017 labe
290 2956 357 3015 hac
382 2952 583 3034 inquinatas
608 2973 685 3014 esse
710 2953 831 3033 sentis
857 2952 1061 3015 facultatem
1087 2964 1122 3015 et
1146 2962 1360 3035 potestatem
1384 2973 1464 3016 con·

189 3062 314 3125 cedere
346 3060 506 3123 velimus.
560 3058 674 3140 Quam
709 3080 775 3122 nos
808 3068 959 3122 mentem
995 3070 1031 3122 et
1063 3061 1158 3140 quod
1192 3060 1463 3141 prestantissimi

187 3167 356 3249 principis
380 3166 535 3228 studium
559 3166 705 3246 dignum
731 3167 799 3228 ista
832 3166 1017 3228 nobilitate
1047 3176 1082 3228 et
1116 3165 1184 3227 ista
1213 3165 1342 3227 virtute
1372 3187 1463 3247 quae

187 3275 286 3339 nobis
310 3293 451 3354 semper
474 3273 510 3334 in
534 3282 569 3335 te
594 3273 742 3355 egregia
766 3283 801 3335 et
815 3293 945 3355 magna
968 3283 1159 3354 perspecta
1182 3272 1257 3351 fuit,
1273 3275 1462 3336 vehemen-

187 3390 240 3444 ter
262 3381 297 3444 in
323 3379 476 3443 Domino
501 3380 786 3441 commendamus
810 3379 976 3461 omnique
1001 3391 1121 3441 nostra
1144 3380 1396 3441 benevolentia
1429 3389 1465 3441 et

188 3487 359 3552 charitate
388 3485 670 3567 complectimur,
704 3485 953 3566 dominumque
982 3486 1097 3548 Deum
1131 3485 1310 3567 supplices
1340 3506 1463 3548 exora·

188 3616 262 3659 mus
286 3606 325 3657 ut
348 3593 410 3656 tali
436 3602 565 3656 ettam
590 3591 765 3655 catholico
790 3593 943 3675 principi
967 3612 1122 3674 suaeque
1139 3591 1280 3655 divinae
1305 3592 1464 3655 maiesta-

188 3702 230 3766 tis
264 3701 391 3765 honori
415 3701 464 3764 ita
489 3701 611 3764 dedito
647 3700 804 3763 secunda
840 3699 957 3761 omnia
998 3707 1034 3762 et
1066 3718 1239 3781 prospera
1264 3700 1463 3762 concedere

188 3807 363 3892 dignetur.
412 3806 516 3888 Quod
548 3827 633 3869 vero
672 3808 717 3868 ad
751 3806 934 3888 negotium
963 3805 1076 3887 ipsum
1109 3805 1252 3884 attinet,
1288 3804 1464 3867 credimus

187 3914 362 3980 nobilitati
386 3925 468 3977 tuae
493 3934 571 3977 esse
597 3922 716 3976 notum
742 3933 810 3994 quo
836 3932 901 3975 nos
925 3912 1052 3992 studio,
1077 3932 1147 3994 qua
1168 3910 1404 3975 sollicitudine
1429 3922 1464 3974 et

187 4044 270 4087 cura
295 4043 365 4084 non
390 4021 516 4084 litteris
540 4022 653 4083 solum
677 4032 712 4082 et
736 4020 942 4099 scribend0,
968 4021 1031 4082 sed
1056 4019 1186 4101 legatis
1210 4018 1346 4081 nunciis
1371 4038 1462 4081 com·

187 4129 425 4212 missariisque
449 4127 579 4190 nostris
603 4127 783 4190 mittendis
812 4126 969 4189 excitare
1002 4125 1152 4188 animum
1185 4126 1340 4187 omnium
1369 4124 1462 4205 prin·

188 4236 301 4317 cipum
327 4233 541 4298 Germaniae
566 4234 681 4296 conati
707 4234 877 4296 fuerimus
900 4240 939 4295 ut
962 4253 1040 4294 cum
1064 4231 1165 4293 ruina
1193 4240 1227 4293 et
1253 4230 1463 4293 detrimento

188 4342 401 4405 christianae
424 4362 532 4404 verae
555 4340 639 4403 fidei
663 4341 800 4403 cladem
826 4360 966 4421 quoque
991 4338 1046 4400 sui
1070 4349 1106 4402 et
1133 4339 1269 4400 ruinam
1300 4337 1461 4399 coniunc-

190 4460 256 4513 tam
293 4470 339 4511 ne
362 4447 615 4527 affirmaretur,
648 4448 711 4510 sed
744 4446 932 4509 obviarent
955 4445 1076 4529 pravis
1099 4443 1284 4529 principiis
1316 4463 1464 4526 quorum

187 4554 275 4619 fines
299 4565 334 4618 et
358 4554 474 4616 exitus
499 4563 537 4617 ut
560 4554 717 4635 ipsorum
742 4553 892 4636 primum
916 4552 1108 4634 perniciem
1134 4559 1252 4614 essent
1275 4549 1461 4631 irrupturi;

188 4661 220 4726 in
247 4683 317 4745 qua
340 4660 581 4723 admonitione
607 4671 642 4723 et
666 4659 911 4723 cohortatione
935 4680 956 4721 a
981 4660 1092 4721 nostri
1114 4655 1341 4740 pontificatus
1364 4656 1463 4719 initio

188 4769 367 4853 usquead
392 4769 484 4831 hunc
511 4766 602 4829 diem
627 4767 758 4830 assidui
783 4766 921 4849 luimus,
947 4767 1109 4831 dolentes
1133 4774 1170 4827 et
1185 4771 1369 4849 gementes
1384 4783 1464 4828 eum
