<?xml version="1.0" encoding="UTF-8"?>
<!DOCTYPE html PUBLIC "-//W3C//DTD XHTML 1.0 Transitional//EN"
    "http://www.w3.org/TR/xhtml1/DTD/xhtml1-transitional.dtd">
<html xmlns="http://www.w3.org/1999/xhtml" xml:lang="en" lang="en">
 <head>
  <title>
</title>
<meta http-equiv="Content-Type" content="text/html;charset=utf-8" />
  <meta name='ocr-system' content='tesseract 3.04.00' />
  <meta name='ocr-capabilities' content='ocr_page ocr_carea ocr_par ocr_line ocrx_word'/>
</head>
<body>
  <div class='ocr_page' id='page_1' title='image "./monumentareform00vatigoog_0033.png"; bbox 0 0 3330 5580; ppageno 0'>
   <div class='ocr_carea' id='block_1_1' title="bbox 801 491 1011 545">
    <p class='ocr_par' dir='ltr' id='par_1_1' title="bbox 801 491 1011 545">
     <span class='ocr_line' id='line_1_1' title="bbox 801 491 1011 545; baseline 0 -1"><span class='ocrx_word' id='word_1_1' title='bbox 801 491 1011 545; x_wconf 42' lang='lat'>4432&amp;</span> 
     </span>
    </p>
   </div>
   <div class='ocr_carea' id='block_1_2' title="bbox 261 633 1548 2750">
    <p class='ocr_par' dir='ltr' id='par_1_2' title="bbox 261 633 1548 2750">
     <span class='ocr_line' id='line_1_2' title="bbox 263 633 1548 720; baseline 0.003 -24"><span class='ocrx_word' id='word_1_2' title='bbox 263 636 328 697; x_wconf 89' lang='lat' dir='ltr'>hos</span> <span class='ocrx_word' id='word_1_3' title='bbox 361 644 479 697; x_wconf 90' lang='lat' dir='ltr'>tantos</span> <span class='ocrx_word' id='word_1_4' title='bbox 510 633 575 695; x_wconf 85' lang='lat' dir='ltr'>sibi</span> <span class='ocrx_word' id='word_1_5' title='bbox 608 636 835 714; x_wconf 80' lang='lat' dir='ltr'>arrogantiae</span> <span class='ocrx_word' id='word_1_6' title='bbox 867 636 1011 716; x_wconf 89' lang='lat' dir='ltr'>spiritus</span> <span class='ocrx_word' id='word_1_7' title='bbox 1043 637 1243 717; x_wconf 79' lang='lat' dir='ltr'><strong>sumpsisse.</strong></span> <span class='ocrx_word' id='word_1_8' title='bbox 1293 637 1364 700; x_wconf 77' lang='lat' dir='ltr'>Sed</span> <span class='ocrx_word' id='word_1_9' title='bbox 1397 659 1462 701; x_wconf 86' lang='lat' dir='ltr'>nos</span> <span class='ocrx_word' id='word_1_10' title='bbox 1488 640 1548 720; x_wconf 93' lang='lat' dir='ltr'>qui</span> 
     </span>
     <span class='ocr_line' id='line_1_3' title="bbox 266 742 1548 827; baseline 0.003 -24"><span class='ocrx_word' id='word_1_11' title='bbox 266 742 459 805; x_wconf 81' lang='lat' dir='ltr'>nobilitatis</span> <span class='ocrx_word' id='word_1_12' title='bbox 484 753 565 803; x_wconf 88' lang='lat' dir='ltr'>tuae</span> <span class='ocrx_word' id='word_1_13' title='bbox 591 742 775 823; x_wconf 75' lang='lat' dir='ltr'>egregiam</span> <span class='ocrx_word' id='word_1_14' title='bbox 799 743 965 805; x_wconf 86' lang='lat' dir='ltr'>virtutem</span> <span class='ocrx_word' id='word_1_15' title='bbox 991 745 1134 824; x_wconf 78' lang='lat' dir='ltr'>dignam</span> <span class='ocrx_word' id='word_1_16' title='bbox 1151 763 1285 824; x_wconf 83' lang='lat' dir='ltr'>genere</span> <span class='ocrx_word' id='word_1_17' title='bbox 1303 758 1339 808; x_wconf 90' lang='lat' dir='ltr'>et</span> <span class='ocrx_word' id='word_1_18' title='bbox 1355 746 1548 827; x_wconf 87' lang='lat' dir='ltr'>majoribus</span> 
     </span>
     <span class='ocr_line' id='line_1_4' title="bbox 265 849 1548 931; baseline 0.004 -21"><span class='ocrx_word' id='word_1_19' title='bbox 265 849 346 927; x_wconf 85' lang='lat' dir='ltr'>tuis,</span> <span class='ocrx_word' id='word_1_20' title='bbox 377 869 525 930; x_wconf 90' lang='lat' dir='ltr'>quorum</span> <span class='ocrx_word' id='word_1_21' title='bbox 550 849 738 929; x_wconf 90' lang='lat' dir='ltr'>singularis</span> <span class='ocrx_word' id='word_1_22' title='bbox 763 870 903 931; x_wconf 87' lang='lat' dir='ltr'>semper</span> <span class='ocrx_word' id='word_1_23' title='bbox 928 850 1045 912; x_wconf 84' lang='lat' dir='ltr'>extitit</span> <span class='ocrx_word' id='word_1_24' title='bbox 1070 851 1104 912; x_wconf 90' lang='lat' dir='ltr'>in</span> <span class='ocrx_word' id='word_1_25' title='bbox 1130 851 1357 914; x_wconf 87' lang='lat' dir='ltr'>christianam</span> <span class='ocrx_word' id='word_1_26' title='bbox 1381 852 1488 915; x_wconf 89' lang='lat' dir='ltr'>fidem</span> <span class='ocrx_word' id='word_1_27' title='bbox 1513 863 1548 915; x_wconf 89' lang='lat' dir='ltr'>et</span> 
     </span>
     <span class='ocr_line' id='line_1_5' title="bbox 264 957 1548 1039; baseline 0.004 -22"><span class='ocrx_word' id='word_1_28' title='bbox 264 965 422 1018; x_wconf 83' lang='lat' dir='ltr'>sanctam</span> <span class='ocrx_word' id='word_1_29' title='bbox 453 959 575 1018; x_wconf 88' lang='lat' dir='ltr'>sedem</span> <span class='ocrx_word' id='word_1_30' title='bbox 607 957 839 1038; x_wconf 88' lang='lat' dir='ltr'>apostolicam</span> <span class='ocrx_word' id='word_1_31' title='bbox 871 960 1034 1020; x_wconf 88' lang='lat' dir='ltr'>voluntas</span> <span class='ocrx_word' id='word_1_32' title='bbox 1043 1009 1052 1039; x_wconf 90' lang='lat'>,</span> <span class='ocrx_word' id='word_1_33' title='bbox 1087 958 1192 1021; x_wconf 86' lang='lat' dir='ltr'>etiarn</span> <span class='ocrx_word' id='word_1_34' title='bbox 1222 960 1256 1022; x_wconf 91' lang='lat' dir='ltr'>in</span> <span class='ocrx_word' id='word_1_35' title='bbox 1282 961 1399 1022; x_wconf 89' lang='lat' dir='ltr'>multis</span> <span class='ocrx_word' id='word_1_36' title='bbox 1424 972 1548 1023; x_wconf 89' lang='lat' dir='ltr'>contra</span> 
     </span>
     <span class='ocr_line' id='line_1_6' title="bbox 263 1064 1546 1148; baseline 0.002 -24"><span class='ocrx_word' id='word_1_37' title='bbox 263 1064 463 1125; x_wconf 85' lang='lat' dir='ltr'>haereticos</span> <span class='ocrx_word' id='word_1_38' title='bbox 478 1073 514 1125; x_wconf 90' lang='lat' dir='ltr'>et</span> <span class='ocrx_word' id='word_1_39' title='bbox 531 1064 684 1126; x_wconf 90' lang='lat' dir='ltr'>Boemos</span> <span class='ocrx_word' id='word_1_40' title='bbox 699 1065 987 1128; x_wconf 87' lang='lat' dir='ltr'>contentionibus</span> <span class='ocrx_word' id='word_1_41' title='bbox 1004 1067 1231 1146; x_wconf 87' lang='lat' dir='ltr'>declaratam,</span> <span class='ocrx_word' id='word_1_42' title='bbox 1254 1067 1383 1148; x_wconf 89' lang='lat' dir='ltr'>quique</span> <span class='ocrx_word' id='word_1_43' title='bbox 1401 1068 1546 1148; x_wconf 85' lang='lat' dir='ltr'>promis·</span> 
     </span>
     <span class='ocr_line' id='line_1_7' title="bbox 263 1169 1547 1250; baseline 0.005 -20"><span class='ocrx_word' id='word_1_44' title='bbox 263 1169 381 1231; x_wconf 90' lang='lat' dir='ltr'>siones</span> <span class='ocrx_word' id='word_1_45' title='bbox 412 1180 491 1231; x_wconf 90' lang='lat' dir='ltr'>tuas</span> <span class='ocrx_word' id='word_1_46' title='bbox 521 1172 646 1250; x_wconf 89' lang='lat' dir='ltr'>plenas</span> <span class='ocrx_word' id='word_1_47' title='bbox 671 1171 819 1233; x_wconf 87' lang='lat' dir='ltr'>Pietatis</span> <span class='ocrx_word' id='word_1_48' title='bbox 851 1181 886 1233; x_wconf 88' lang='lat' dir='ltr'>et</span> <span class='ocrx_word' id='word_1_49' title='bbox 918 1173 1139 1234; x_wconf 88' lang='lat' dir='ltr'>constantiae</span> <span class='ocrx_word' id='word_1_50' title='bbox 1168 1173 1299 1235; x_wconf 90' lang='lat' dir='ltr'>dilecto</span> <span class='ocrx_word' id='word_1_51' title='bbox 1330 1173 1400 1236; x_wconf 84' lang='lat' dir='ltr'>filio</span> <span class='ocrx_word' id='word_1_52' title='bbox 1425 1186 1547 1236; x_wconf 88' lang='lat' dir='ltr'>nostro</span> 
     </span>
     <span class='ocr_line' id='line_1_8' title="bbox 263 1277 1546 1362; baseline 0.004 -24"><span class='ocrx_word' id='word_1_53' title='bbox 263 1278 421 1339; x_wconf 90' lang='lat' dir='ltr'>Thomae</span> <span class='ocrx_word' id='word_1_54' title='bbox 436 1277 615 1339; x_wconf 85' lang='lat' dir='ltr'>Cardinali</span> <span class='ocrx_word' id='word_1_55' title='bbox 640 1279 753 1340; x_wconf 91' lang='lat' dir='ltr'>sancti</span> <span class='ocrx_word' id='word_1_56' title='bbox 772 1277 864 1340; x_wconf 88' lang='lat' dir='ltr'>Sixti</span> <span class='ocrx_word' id='word_1_57' title='bbox 881 1278 1012 1341; x_wconf 89' lang='lat' dir='ltr'>Nostro</span> <span class='ocrx_word' id='word_1_58' title='bbox 1037 1291 1110 1342; x_wconf 91' lang='lat' dir='ltr'>tum</span> <span class='ocrx_word' id='word_1_59' title='bbox 1134 1280 1169 1341; x_wconf 94' lang='lat' dir='ltr'>in</span> <span class='ocrx_word' id='word_1_60' title='bbox 1195 1279 1389 1343; x_wconf 85' lang='lat' dir='ltr'>Germania</span> <span class='ocrx_word' id='word_1_61' title='bbox 1408 1282 1546 1362; x_wconf 76' lang='lat' dir='ltr'>legato</span> 
     </span>
     <span class='ocr_line' id='line_1_9' title="bbox 263 1385 1547 1470; baseline 0.004 -25"><span class='ocrx_word' id='word_1_62' title='bbox 263 1394 298 1446; x_wconf 88' lang='lat' dir='ltr'>et</span> <span class='ocrx_word' id='word_1_63' title='bbox 323 1405 387 1464; x_wconf 88' lang='lat' dir='ltr'>per</span> <span class='ocrx_word' id='word_1_64' title='bbox 412 1404 491 1446; x_wconf 89' lang='lat' dir='ltr'>eum</span> <span class='ocrx_word' id='word_1_65' title='bbox 516 1385 619 1447; x_wconf 91' lang='lat' dir='ltr'>nobis</span> <span class='ocrx_word' id='word_1_66' title='bbox 643 1385 756 1448; x_wconf 86' lang='lat' dir='ltr'>factas</span> <span class='ocrx_word' id='word_1_67' title='bbox 781 1386 1051 1449; x_wconf 87' lang='lat' dir='ltr'>memineramus</span> <span class='ocrx_word' id='word_1_68' title='bbox 1078 1389 1204 1467; x_wconf 91' lang='lat' dir='ltr'>quibus</span> <span class='ocrx_word' id='word_1_69' title='bbox 1220 1387 1387 1470; x_wconf 88' lang='lat' dir='ltr'>recepisti</span> <span class='ocrx_word' id='word_1_70' title='bbox 1403 1399 1437 1449; x_wconf 86' lang='lat' dir='ltr'>te</span> <span class='ocrx_word' id='word_1_71' title='bbox 1453 1390 1547 1451; x_wconf 90' lang='lat' dir='ltr'>hunc</span> 
     </span>
     <span class='ocr_line' id='line_1_10' title="bbox 263 1491 1546 1577; baseline 0.001 -23"><span class='ocrx_word' id='word_1_72' title='bbox 263 1491 440 1555; x_wconf 89' lang='lat' dir='ltr'>hominem</span> <span class='ocrx_word' id='word_1_73' title='bbox 465 1495 627 1572; x_wconf 90' lang='lat' dir='ltr'>laturum,</span> <span class='ocrx_word' id='word_1_74' title='bbox 653 1495 734 1555; x_wconf 92' lang='lat' dir='ltr'>dum</span> <span class='ocrx_word' id='word_1_75' title='bbox 760 1514 838 1556; x_wconf 92' lang='lat' dir='ltr'>eum</span> <span class='ocrx_word' id='word_1_76' title='bbox 855 1491 969 1557; x_wconf 87' lang='lat' dir='ltr'>Sedes</span> <span class='ocrx_word' id='word_1_77' title='bbox 995 1495 1193 1577; x_wconf 85' lang='lat' dir='ltr'>apostolica</span> <span class='ocrx_word' id='word_1_78' title='bbox 1218 1517 1288 1557; x_wconf 94' lang='lat' dir='ltr'>non</span> <span class='ocrx_word' id='word_1_79' title='bbox 1306 1497 1546 1576; x_wconf 87' lang='lat' dir='ltr'>reprobasset,</span> 
     </span>
     <span class='ocr_line' id='line_1_11' title="bbox 264 1598 1545 1683; baseline 0.003 -23"><span class='ocrx_word' id='word_1_80' title='bbox 264 1601 359 1680; x_wconf 93' lang='lat' dir='ltr'>quod</span> <span class='ocrx_word' id='word_1_81' title='bbox 391 1599 419 1661; x_wconf 90' lang='lat' dir='ltr'>si</span> <span class='ocrx_word' id='word_1_82' title='bbox 449 1598 581 1661; x_wconf 88' lang='lat' dir='ltr'>factum</span> <span class='ocrx_word' id='word_1_83' title='bbox 613 1612 707 1662; x_wconf 90' lang='lat' dir='ltr'>esset</span> <span class='ocrx_word' id='word_1_84' title='bbox 739 1611 772 1662; x_wconf 89' lang='lat' dir='ltr'>te</span> <span class='ocrx_word' id='word_1_85' title='bbox 798 1603 930 1662; x_wconf 90' lang='lat' dir='ltr'>nullum</span> <span class='ocrx_word' id='word_1_86' title='bbox 954 1601 1004 1663; x_wconf 92' lang='lat' dir='ltr'>illi</span> <span class='ocrx_word' id='word_1_87' title='bbox 1029 1603 1180 1683; x_wconf 90' lang='lat' dir='ltr'>amplius</span> <span class='ocrx_word' id='word_1_88' title='bbox 1213 1601 1373 1664; x_wconf 86' lang='lat' dir='ltr'>favorem</span> <span class='ocrx_word' id='word_1_89' title='bbox 1408 1603 1545 1682; x_wconf 90' lang='lat' dir='ltr'>praebi-</span> 
     </span>
     <span class='ocr_line' id='line_1_12' title="bbox 263 1706 1546 1789; baseline 0.002 -22"><span class='ocrx_word' id='word_1_90' title='bbox 263 1717 392 1768; x_wconf 90' lang='lat' dir='ltr'>turum:</span> <span class='ocrx_word' id='word_1_91' title='bbox 430 1706 669 1787; x_wconf 84' lang='lat' dir='ltr'>Cupiebamus</span> <span class='ocrx_word' id='word_1_92' title='bbox 693 1717 862 1788; x_wconf 89' lang='lat' dir='ltr'>quantum</span> <span class='ocrx_word' id='word_1_93' title='bbox 887 1729 965 1769; x_wconf 87' lang='lat' dir='ltr'>curn</span> <span class='ocrx_word' id='word_1_94' title='bbox 981 1709 1135 1771; x_wconf 86' lang='lat' dir='ltr'>Domino</span> <span class='ocrx_word' id='word_1_95' title='bbox 1151 1708 1293 1789; x_wconf 78' lang='lat' dir='ltr'>licebat,</span> <span class='ocrx_word' id='word_1_96' title='bbox 1317 1709 1413 1771; x_wconf 89' lang='lat' dir='ltr'>illum</span> <span class='ocrx_word' id='word_1_97' title='bbox 1432 1721 1467 1770; x_wconf 91' lang='lat' dir='ltr'>et</span> <span class='ocrx_word' id='word_1_98' title='bbox 1482 1709 1546 1771; x_wconf 88' lang='lat' dir='ltr'>tibi</span> 
     </span>
     <span class='ocr_line' id='line_1_13' title="bbox 262 1813 1546 1879; baseline 0.004 -5"><span class='ocrx_word' id='word_1_99' title='bbox 262 1813 296 1875; x_wconf 93' lang='lat' dir='ltr'>in</span> <span class='ocrx_word' id='word_1_100' title='bbox 329 1814 531 1876; x_wconf 83' lang='lat' dir='ltr'>domesticis</span> <span class='ocrx_word' id='word_1_101' title='bbox 565 1824 601 1876; x_wconf 92' lang='lat' dir='ltr'>et</span> <span class='ocrx_word' id='word_1_102' title='bbox 633 1814 864 1877; x_wconf 86' lang='lat' dir='ltr'>familiaribus</span> <span class='ocrx_word' id='word_1_103' title='bbox 896 1837 974 1878; x_wconf 89' lang='lat' dir='ltr'>esse</span> <span class='ocrx_word' id='word_1_104' title='bbox 1007 1827 1042 1878; x_wconf 91' lang='lat' dir='ltr'>et</span> <span class='ocrx_word' id='word_1_105' title='bbox 1075 1836 1153 1878; x_wconf 92' lang='lat' dir='ltr'>cum</span> <span class='ocrx_word' id='word_1_106' title='bbox 1189 1818 1266 1879; x_wconf 87' lang='lat' dir='ltr'>Deo</span> <span class='ocrx_word' id='word_1_107' title='bbox 1295 1837 1337 1879; x_wconf 95' lang='lat' dir='ltr'>ac</span> <span class='ocrx_word' id='word_1_108' title='bbox 1361 1817 1546 1879; x_wconf 90' lang='lat' dir='ltr'>nobiscum</span> 
     </span>
     <span class='ocr_line' id='line_1_14' title="bbox 263 1919 1544 2004; baseline 0.004 -24"><span class='ocrx_word' id='word_1_109' title='bbox 263 1919 297 1982; x_wconf 93' lang='lat' dir='ltr'>in</span> <span class='ocrx_word' id='word_1_110' title='bbox 322 1921 472 1999; x_wconf 84' lang='lat' dir='ltr'>gratiam</span> <span class='ocrx_word' id='word_1_111' title='bbox 498 1920 624 1983; x_wconf 90' lang='lat' dir='ltr'>redire.</span> <span class='ocrx_word' id='word_1_112' title='bbox 664 1922 788 2002; x_wconf 89' lang='lat' dir='ltr'>Itaque</span> <span class='ocrx_word' id='word_1_113' title='bbox 813 1922 913 1984; x_wconf 91' lang='lat' dir='ltr'>testis</span> <span class='ocrx_word' id='word_1_114' title='bbox 939 1943 976 1984; x_wconf 91' lang='lat' dir='ltr'>es</span> <span class='ocrx_word' id='word_1_115' title='bbox 1001 1922 1088 2004; x_wconf 90' lang='lat' dir='ltr'>ipse,</span> <span class='ocrx_word' id='word_1_116' title='bbox 1115 1924 1282 2004; x_wconf 80' lang='lat' dir='ltr'>quamdiu</span> <span class='ocrx_word' id='word_1_117' title='bbox 1307 1924 1403 1985; x_wconf 89' lang='lat' dir='ltr'>illum</span> <span class='ocrx_word' id='word_1_118' title='bbox 1428 1935 1544 2003; x_wconf 90' lang='lat' dir='ltr'>pertu-</span> 
     </span>
     <span class='ocr_line' id='line_1_15' title="bbox 263 2027 1545 2111; baseline 0.002 -22"><span class='ocrx_word' id='word_1_119' title='bbox 263 2027 405 2089; x_wconf 90' lang='lat' dir='ltr'>lerimus</span> <span class='ocrx_word' id='word_1_120' title='bbox 429 2027 585 2108; x_wconf 88' lang='lat' dir='ltr'>paternis</span> <span class='ocrx_word' id='word_1_121' title='bbox 610 2048 702 2090; x_wconf 91' lang='lat' dir='ltr'>nunc</span> <span class='ocrx_word' id='word_1_122' title='bbox 727 2029 988 2091; x_wconf 90' lang='lat' dir='ltr'>hortationibus</span> <span class='ocrx_word' id='word_1_123' title='bbox 1006 2031 1219 2111; x_wconf 91' lang='lat' dir='ltr'>quandoque</span> <span class='ocrx_word' id='word_1_124' title='bbox 1237 2030 1338 2093; x_wconf 90' lang='lat' dir='ltr'>minis</span> <span class='ocrx_word' id='word_1_125' title='bbox 1356 2033 1545 2111; x_wconf 79' lang='lat' dir='ltr'>monendo,</span> 
     </span>
     <span class='ocr_line' id='line_1_16' title="bbox 261 2134 1545 2218; baseline 0.002 -23"><span class='ocrx_word' id='word_1_126' title='bbox 261 2134 492 2214; x_wconf 87' lang='lat' dir='ltr'>increpando,</span> <span class='ocrx_word' id='word_1_127' title='bbox 517 2136 693 2197; x_wconf 89' lang='lat' dir='ltr'>interdum</span> <span class='ocrx_word' id='word_1_128' title='bbox 713 2145 748 2197; x_wconf 88' lang='lat' dir='ltr'>et</span> <span class='ocrx_word' id='word_1_129' title='bbox 774 2136 931 2218; x_wconf 88' lang='lat' dir='ltr'>benigne</span> <span class='ocrx_word' id='word_1_130' title='bbox 956 2137 1197 2217; x_wconf 89' lang='lat' dir='ltr'>promittendo</span> <span class='ocrx_word' id='word_1_131' title='bbox 1222 2159 1243 2199; x_wconf 94' lang='lat' dir='ltr'>a</span> <span class='ocrx_word' id='word_1_132' title='bbox 1267 2147 1365 2200; x_wconf 90' lang='lat' dir='ltr'>tanto</span> <span class='ocrx_word' id='word_1_133' title='bbox 1392 2159 1470 2199; x_wconf 90' lang='lat' dir='ltr'>eum</span> <span class='ocrx_word' id='word_1_134' title='bbox 1495 2137 1545 2199; x_wconf 86' lang='lat' dir='ltr'>fu-</span> 
     </span>
     <span class='ocr_line' id='line_1_17' title="bbox 263 2242 1545 2324; baseline 0.002 -20"><span class='ocrx_word' id='word_1_135' title='bbox 263 2263 342 2304; x_wconf 89' lang='lat' dir='ltr'>rore</span> <span class='ocrx_word' id='word_1_136' title='bbox 374 2263 544 2306; x_wconf 89' lang='lat' dir='ltr'>revocare</span> <span class='ocrx_word' id='word_1_137' title='bbox 576 2242 703 2306; x_wconf 85' lang='lat' dir='ltr'>conati.</span> <span class='ocrx_word' id='word_1_138' title='bbox 757 2244 948 2324; x_wconf 89' lang='lat' dir='ltr'>Postquam</span> <span class='ocrx_word' id='word_1_139' title='bbox 981 2264 1066 2306; x_wconf 88' lang='lat' dir='ltr'>vero</span> <span class='ocrx_word' id='word_1_140' title='bbox 1097 2242 1257 2306; x_wconf 82' lang='lat' dir='ltr'>Sathana</span> <span class='ocrx_word' id='word_1_141' title='bbox 1289 2244 1324 2306; x_wconf 93' lang='lat' dir='ltr'>in</span> <span class='ocrx_word' id='word_1_142' title='bbox 1358 2265 1400 2306; x_wconf 90' lang='lat' dir='ltr'>eo</span> <span class='ocrx_word' id='word_1_143' title='bbox 1434 2254 1545 2306; x_wconf 89' lang='lat' dir='ltr'>totum</span> 
     </span>
     <span class='ocr_line' id='line_1_18' title="bbox 261 2349 1547 2431; baseline 0 -20"><span class='ocrx_word' id='word_1_144' title='bbox 261 2350 445 2431; x_wconf 90' lang='lat' dir='ltr'>imperium</span> <span class='ocrx_word' id='word_1_145' title='bbox 472 2349 669 2423; x_wconf 86' lang='lat' dir='ltr'>obtinente,</span> <span class='ocrx_word' id='word_1_146' title='bbox 701 2349 785 2412; x_wconf 91' lang='lat' dir='ltr'>nihil</span> <span class='ocrx_word' id='word_1_147' title='bbox 811 2349 1012 2430; x_wconf 87' lang='lat' dir='ltr'>profectum</span> <span class='ocrx_word' id='word_1_148' title='bbox 1037 2362 1090 2411; x_wconf 90' lang='lat' dir='ltr'>est</span> <span class='ocrx_word' id='word_1_149' title='bbox 1114 2349 1270 2431; x_wconf 88' lang='lat' dir='ltr'>vicitque</span> <span class='ocrx_word' id='word_1_150' title='bbox 1294 2352 1423 2412; x_wconf 89' lang='lat' dir='ltr'>malum</span> <span class='ocrx_word' id='word_1_151' title='bbox 1448 2351 1547 2413; x_wconf 88' lang='lat' dir='ltr'>virus</span> 
     </span>
     <span class='ocr_line' id='line_1_19' title="bbox 262 2457 1546 2540; baseline 0 -22"><span class='ocrx_word' id='word_1_152' title='bbox 262 2458 451 2538; x_wconf 87' lang='lat' dir='ltr'>superbiae</span> <span class='ocrx_word' id='word_1_153' title='bbox 483 2477 620 2518; x_wconf 88' lang='lat' dir='ltr'>omnem</span> <span class='ocrx_word' id='word_1_154' title='bbox 647 2457 828 2520; x_wconf 89' lang='lat' dir='ltr'>charitatis</span> <span class='ocrx_word' id='word_1_155' title='bbox 853 2457 1079 2536; x_wconf 86' lang='lat' dir='ltr'>medicinam,</span> <span class='ocrx_word' id='word_1_156' title='bbox 1104 2458 1196 2519; x_wconf 91' lang='lat' dir='ltr'>illius</span> <span class='ocrx_word' id='word_1_157' title='bbox 1222 2477 1306 2520; x_wconf 88' lang='lat' dir='ltr'>cura</span> <span class='ocrx_word' id='word_1_158' title='bbox 1330 2478 1444 2540; x_wconf 89' lang='lat' dir='ltr'>prope</span> <span class='ocrx_word' id='word_1_159' title='bbox 1470 2461 1546 2520; x_wconf 85' lang='lat' dir='ltr'>des-</span> 
     </span>
     <span class='ocr_line' id='line_1_20' title="bbox 262 2563 1547 2646; baseline 0.001 -20"><span class='ocrx_word' id='word_1_160' title='bbox 262 2576 401 2645; x_wconf 90' lang='lat' dir='ltr'>perata,</span> <span class='ocrx_word' id='word_1_161' title='bbox 433 2565 569 2643; x_wconf 88' lang='lat' dir='ltr'>reliquo</span> <span class='ocrx_word' id='word_1_162' title='bbox 595 2575 716 2625; x_wconf 92' lang='lat' dir='ltr'>nostro</span> <span class='ocrx_word' id='word_1_163' title='bbox 742 2564 872 2626; x_wconf 92' lang='lat' dir='ltr'>dilecto</span> <span class='ocrx_word' id='word_1_164' title='bbox 898 2563 1012 2646; x_wconf 90' lang='lat' dir='ltr'>gregi,</span> <span class='ocrx_word' id='word_1_165' title='bbox 1037 2574 1234 2626; x_wconf 87' lang='lat' dir='ltr'>metuentes</span> <span class='ocrx_word' id='word_1_166' title='bbox 1260 2584 1304 2625; x_wconf 88' lang='lat' dir='ltr'>ne</span> <span class='ocrx_word' id='word_1_167' title='bbox 1329 2565 1547 2643; x_wconf 88' lang='lat' dir='ltr'>contagione</span> 
     </span>
     <span class='ocr_line' id='line_1_21' title="bbox 263 2669 1546 2750; baseline 0.002 -18"><span class='ocrx_word' id='word_1_168' title='bbox 263 2673 428 2732; x_wconf 88' lang='lat' dir='ltr'>morbosa</span> <span class='ocrx_word' id='word_1_169' title='bbox 459 2669 606 2749; x_wconf 87' lang='lat' dir='ltr'>pecudis</span> <span class='ocrx_word' id='word_1_170' title='bbox 634 2691 654 2731; x_wconf 92' lang='lat' dir='ltr'>a</span> <span class='ocrx_word' id='word_1_171' title='bbox 682 2691 751 2750; x_wconf 90' lang='lat' dir='ltr'>qua</span> <span class='ocrx_word' id='word_1_172' title='bbox 783 2681 940 2732; x_wconf 89' lang='lat' dir='ltr'>tentatus</span> <span class='ocrx_word' id='word_1_173' title='bbox 971 2682 1040 2749; x_wconf 91' lang='lat' dir='ltr'>est,</span> <span class='ocrx_word' id='word_1_174' title='bbox 1074 2670 1215 2750; x_wconf 91' lang='lat' dir='ltr'>penitus</span> <span class='ocrx_word' id='word_1_175' title='bbox 1247 2669 1464 2749; x_wconf 87' lang='lat' dir='ltr'>inficeretur,</span> <span class='ocrx_word' id='word_1_176' title='bbox 1500 2675 1546 2734; x_wconf 89' lang='lat' dir='ltr'>ad</span> 
     </span>
    </p>
   </div>
   <div class='ocr_carea' id='block_1_3' title="bbox 262 2776 1545 2947">
    <p class='ocr_par' dir='ltr' id='par_1_3' title="bbox 262 2776 1545 2947">
     <span class='ocr_line' id='line_1_22' title="bbox 262 2776 1545 2859; baseline 0.001 -21"><span class='ocrx_word' id='word_1_177' title='bbox 262 2777 400 2839; x_wconf 91' lang='lat' dir='ltr'>acriora</span> <span class='ocrx_word' id='word_1_178' title='bbox 431 2776 588 2838; x_wconf 88' lang='lat' dir='ltr'>remedia</span> <span class='ocrx_word' id='word_1_179' title='bbox 621 2777 785 2838; x_wconf 83' lang='lat' dir='ltr'>duximus</span> <span class='ocrx_word' id='word_1_180' title='bbox 815 2778 1068 2841; x_wconf 87' lang='lat' dir='ltr'>accedendum.</span> <span class='ocrx_word' id='word_1_181' title='bbox 1118 2778 1322 2839; x_wconf 64' lang='lat' dir='ltr'>Convocato</span> <span class='ocrx_word' id='word_1_182' title='bbox 1355 2777 1462 2859; x_wconf 82' lang='lat' dir='ltr'>igitur</span> <span class='ocrx_word' id='word_1_183' title='bbox 1490 2800 1545 2840; x_wconf 83' lang='lat' dir='ltr'>ve·</span> 
     </span>
     <span class='ocr_line' id='line_1_23' title="bbox 262 2884 1545 2947; baseline 0.002 -2"><span class='ocrx_word' id='word_1_184' title='bbox 262 2884 471 2945; x_wconf 88' lang='lat' dir='ltr'>nerabilium</span> <span class='ocrx_word' id='word_1_185' title='bbox 497 2884 644 2945; x_wconf 76' lang='lat' dir='ltr'>fratrum</span> <span class='ocrx_word' id='word_1_186' title='bbox 669 2894 868 2945; x_wconf 90' lang='lat' dir='ltr'>nostrorum</span> <span class='ocrx_word' id='word_1_187' title='bbox 894 2897 1038 2946; x_wconf 86' lang='lat' dir='ltr'>sanctae</span> <span class='ocrx_word' id='word_1_188' title='bbox 1060 2885 1247 2947; x_wconf 80' lang='lat' dir='ltr'>Romanae</span> <span class='ocrx_word' id='word_1_189' title='bbox 1264 2884 1445 2946; x_wconf 84' lang='lat' dir='ltr'>Ecclesiae</span> <span class='ocrx_word' id='word_1_190' title='bbox 1464 2885 1545 2947; x_wconf 70' lang='lat' dir='ltr'>Car·</span> 
     </span>
    </p>
   </div>
   <div class='ocr_carea' id='block_1_4' title="bbox 259 2990 1546 4892">
    <p class='ocr_par' dir='ltr' id='par_1_4' title="bbox 259 2990 1546 4892">
     <span class='ocr_line' id='line_1_24' title="bbox 263 2990 1545 3071; baseline 0.002 -20"><span class='ocrx_word' id='word_1_191' title='bbox 263 2991 431 3052; x_wconf 90' lang='lat' dir='ltr'>dinalium</span> <span class='ocrx_word' id='word_1_192' title='bbox 457 2990 675 3071; x_wconf 87' lang='lat' dir='ltr'>aliorumque</span> <span class='ocrx_word' id='word_1_193' title='bbox 701 2991 984 3053; x_wconf 89' lang='lat' dir='ltr'>doctissimorum</span> <span class='ocrx_word' id='word_1_194' title='bbox 1008 2992 1175 3060; x_wconf 85' lang='lat' dir='ltr'>virorum,</span> <span class='ocrx_word' id='word_1_195' title='bbox 1209 2991 1291 3053; x_wconf 86' lang='lat' dir='ltr'>item</span> <span class='ocrx_word' id='word_1_196' title='bbox 1317 2991 1545 3071; x_wconf 86' lang='lat' dir='ltr'>peritissimo-</span> 
     </span>
     <span class='ocr_line' id='line_1_25' title="bbox 262 3097 1546 3179; baseline 0.002 -21"><span class='ocrx_word' id='word_1_197' title='bbox 262 3119 336 3159; x_wconf 90' lang='lat' dir='ltr'>rum</span> <span class='ocrx_word' id='word_1_198' title='bbox 365 3100 612 3179; x_wconf 88' lang='lat' dir='ltr'>theologorum</span> <span class='ocrx_word' id='word_1_199' title='bbox 639 3118 680 3158; x_wconf 93' lang='lat' dir='ltr'>ac</span> <span class='ocrx_word' id='word_1_200' title='bbox 704 3097 738 3159; x_wconf 91' lang='lat' dir='ltr'>in</span> <span class='ocrx_word' id='word_1_201' title='bbox 764 3097 883 3159; x_wconf 80' lang='lat' dir='ltr'>Sacris</span> <span class='ocrx_word' id='word_1_202' title='bbox 901 3098 1105 3160; x_wconf 68' lang='lat' dir='ltr'>(fanonibus</span> <span class='ocrx_word' id='word_1_203' title='bbox 1129 3099 1294 3179; x_wconf 89' lang='lat' dir='ltr'>omnique</span> <span class='ocrx_word' id='word_1_204' title='bbox 1319 3097 1438 3159; x_wconf 83' lang='lat' dir='ltr'>divina</span> <span class='ocrx_word' id='word_1_205' title='bbox 1464 3100 1546 3160; x_wconf 82' lang='lat' dir='ltr'>scri-</span> 
     </span>
     <span class='ocr_line' id='line_1_26' title="bbox 262 3203 1546 3286; baseline 0.002 -21"><span class='ocrx_word' id='word_1_206' title='bbox 262 3216 365 3285; x_wconf 89' lang='lat' dir='ltr'>ptura</span> <span class='ocrx_word' id='word_1_207' title='bbox 391 3205 615 3266; x_wconf 82' lang='lat' dir='ltr'>Eruditorum</span> <span class='ocrx_word' id='word_1_208' title='bbox 642 3203 818 3275; x_wconf 86' lang='lat' dir='ltr'>Concili0‚</span> <span class='ocrx_word' id='word_1_209' title='bbox 853 3205 987 3266; x_wconf 88' lang='lat' dir='ltr'>crebris</span> <span class='ocrx_word' id='word_1_210' title='bbox 1012 3204 1142 3266; x_wconf 89' lang='lat' dir='ltr'>habitis</span> <span class='ocrx_word' id='word_1_211' title='bbox 1167 3204 1481 3286; x_wconf 89' lang='lat' dir='ltr'>disputationibus,</span> <span class='ocrx_word' id='word_1_212' title='bbox 1507 3227 1546 3267; x_wconf 90' lang='lat' dir='ltr'>re</span> 
     </span>
     <span class='ocr_line' id='line_1_27' title="bbox 263 3311 1544 3392; baseline 0.002 -20"><span class='ocrx_word' id='word_1_213' title='bbox 263 3321 337 3373; x_wconf 89' lang='lat' dir='ltr'>tota</span> <span class='ocrx_word' id='word_1_214' title='bbox 362 3332 470 3392; x_wconf 88' lang='lat' dir='ltr'>saepe</span> <span class='ocrx_word' id='word_1_215' title='bbox 495 3311 678 3392; x_wconf 84' lang='lat' dir='ltr'>proposita</span> <span class='ocrx_word' id='word_1_216' title='bbox 703 3322 809 3391; x_wconf 85' lang='lat' dir='ltr'>atque</span> <span class='ocrx_word' id='word_1_217' title='bbox 834 3312 1011 3391; x_wconf 86' lang='lat' dir='ltr'>discussa,</span> <span class='ocrx_word' id='word_1_218' title='bbox 1045 3314 1187 3373; x_wconf 90' lang='lat' dir='ltr'>tandem</span> <span class='ocrx_word' id='word_1_219' title='bbox 1214 3333 1259 3373; x_wconf 83' lang='lat' dir='ltr'>ex</span> <span class='ocrx_word' id='word_1_220' title='bbox 1283 3312 1544 3375; x_wconf 91' lang='lat' dir='ltr'>innumerabili·</span> 
     </span>
     <span class='ocr_line' id='line_1_28' title="bbox 261 3419 1544 3507; baseline 0.002 -28"><span class='ocrx_word' id='word_1_221' title='bbox 261 3422 327 3479; x_wconf 91' lang='lat' dir='ltr'>bus</span> <span class='ocrx_word' id='word_1_222' title='bbox 352 3439 465 3499; x_wconf 91' lang='lat' dir='ltr'>prope</span> <span class='ocrx_word' id='word_1_223' title='bbox 490 3419 640 3480; x_wconf 90' lang='lat' dir='ltr'>hominis</span> <span class='ocrx_word' id='word_1_224' title='bbox 665 3420 766 3507; x_wconf 89' lang='lat' dir='ltr'>hujus</span> <span class='ocrx_word' id='word_1_225' title='bbox 791 3419 971 3481; x_wconf 87' lang='lat' dir='ltr'>erroribus</span> <span class='ocrx_word' id='word_1_226' title='bbox 996 3421 1166 3499; x_wconf 89' lang='lat' dir='ltr'>plurimos</span> <span class='ocrx_word' id='word_1_227' title='bbox 1191 3419 1331 3500; x_wconf 91' lang='lat' dir='ltr'>quidem</span> <span class='ocrx_word' id='word_1_228' title='bbox 1362 3420 1446 3481; x_wconf 84' lang='lat' dir='ltr'>felle</span> <span class='ocrx_word' id='word_1_229' title='bbox 1473 3421 1544 3482; x_wconf 90' lang='lat' dir='ltr'>odii</span> 
     </span>
     <span class='ocr_line' id='line_1_29' title="bbox 262 3525 1544 3608; baseline 0.002 -22"><span class='ocrx_word' id='word_1_230' title='bbox 262 3526 294 3586; x_wconf 91' lang='lat' dir='ltr'>in</span> <span class='ocrx_word' id='word_1_231' title='bbox 322 3529 412 3589; x_wconf 89' lang='lat' dir='ltr'>hanc</span> <span class='ocrx_word' id='word_1_232' title='bbox 437 3536 594 3588; x_wconf 91' lang='lat' dir='ltr'>sanctam</span> <span class='ocrx_word' id='word_1_233' title='bbox 620 3526 741 3588; x_wconf 91' lang='lat' dir='ltr'>sedem</span> <span class='ocrx_word' id='word_1_234' title='bbox 765 3525 906 3605; x_wconf 88' lang='lat' dir='ltr'>tinctos,</span> <span class='ocrx_word' id='word_1_235' title='bbox 932 3527 998 3588; x_wconf 86' lang='lat' dir='ltr'>Dei</span> <span class='ocrx_word' id='word_1_236' title='bbox 1024 3526 1193 3608; x_wconf 89' lang='lat' dir='ltr'>potestati</span> <span class='ocrx_word' id='word_1_237' title='bbox 1219 3536 1253 3588; x_wconf 90' lang='lat' dir='ltr'>et</span> <span class='ocrx_word' id='word_1_238' title='bbox 1278 3529 1469 3608; x_wconf 90' lang='lat' dir='ltr'>proborum</span> <span class='ocrx_word' id='word_1_239' title='bbox 1496 3540 1544 3589; x_wconf 90' lang='lat' dir='ltr'>at·</span> 
     </span>
     <span class='ocr_line' id='line_1_30' title="bbox 262 3633 1543 3714; baseline 0.002 -19"><span class='ocrx_word' id='word_1_240' title='bbox 262 3654 330 3713; x_wconf 90' lang='lat' dir='ltr'>que</span> <span class='ocrx_word' id='word_1_241' title='bbox 355 3653 547 3713; x_wconf 88' lang='lat' dir='ltr'>aequorum</span> <span class='ocrx_word' id='word_1_242' title='bbox 572 3633 701 3695; x_wconf 90' lang='lat' dir='ltr'>iudicio</span> <span class='ocrx_word' id='word_1_243' title='bbox 727 3633 935 3695; x_wconf 90' lang='lat' dir='ltr'>dimisimus:</span> <span class='ocrx_word' id='word_1_244' title='bbox 966 3633 1134 3714; x_wconf 89' lang='lat' dir='ltr'>quivero</span> <span class='ocrx_word' id='word_1_245' title='bbox 1160 3654 1229 3695; x_wconf 92' lang='lat' dir='ltr'>non</span> <span class='ocrx_word' id='word_1_246' title='bbox 1255 3634 1323 3696; x_wconf 91' lang='lat' dir='ltr'>iam</span> <span class='ocrx_word' id='word_1_247' title='bbox 1348 3635 1543 3699; x_wconf 88' lang='lat' dir='ltr'>amaritiem</span> 
     </span>
     <span class='ocr_line' id='line_1_31' title="bbox 261 3739 1544 3822; baseline 0.002 -22"><span class='ocrx_word' id='word_1_248' title='bbox 261 3740 323 3800; x_wconf 88' lang='lat' dir='ltr'>sed</span> <span class='ocrx_word' id='word_1_249' title='bbox 356 3754 492 3821; x_wconf 86' lang='lat' dir='ltr'>pestem</span> <span class='ocrx_word' id='word_1_250' title='bbox 524 3739 629 3802; x_wconf 89' lang='lat' dir='ltr'>etiam</span> <span class='ocrx_word' id='word_1_251' title='bbox 661 3753 768 3822; x_wconf 88' lang='lat' dir='ltr'>atque</span> <span class='ocrx_word' id='word_1_252' title='bbox 802 3751 949 3802; x_wconf 90' lang='lat' dir='ltr'>mortem</span> <span class='ocrx_word' id='word_1_253' title='bbox 981 3752 1129 3822; x_wconf 87' lang='lat' dir='ltr'>propter</span> <span class='ocrx_word' id='word_1_254' title='bbox 1161 3741 1387 3803; x_wconf 87' lang='lat' dir='ltr'>acrimoniam</span> <span class='ocrx_word' id='word_1_255' title='bbox 1414 3742 1544 3803; x_wconf 77' lang='lat' dir='ltr'>veneni</span> 
     </span>
     <span class='ocr_line' id='line_1_32' title="bbox 261 3846 1544 3929; baseline 0.002 -23"><span class='ocrx_word' id='word_1_256' title='bbox 261 3847 328 3926; x_wconf 90' lang='lat' dir='ltr'>piis</span> <span class='ocrx_word' id='word_1_257' title='bbox 353 3847 538 3908; x_wconf 89' lang='lat' dir='ltr'>animabus</span> <span class='ocrx_word' id='word_1_258' title='bbox 563 3846 719 3908; x_wconf 80' lang='lat' dir='ltr'>fidelium</span> <span class='ocrx_word' id='word_1_259' title='bbox 744 3846 872 3909; x_wconf 82' lang='lat' dir='ltr'>afferre</span> <span class='ocrx_word' id='word_1_260' title='bbox 897 3860 1060 3928; x_wconf 88' lang='lat' dir='ltr'>possent,</span> <span class='ocrx_word' id='word_1_261' title='bbox 1093 3869 1155 3909; x_wconf 90' lang='lat' dir='ltr'>eos</span> <span class='ocrx_word' id='word_1_262' title='bbox 1179 3849 1214 3909; x_wconf 92' lang='lat' dir='ltr'>in</span> <span class='ocrx_word' id='word_1_263' title='bbox 1240 3852 1385 3910; x_wconf 84' lang='lat' dir='ltr'>decreto</span> <span class='ocrx_word' id='word_1_264' title='bbox 1411 3858 1544 3929; x_wconf 89' lang='lat' dir='ltr'>nostro,</span> 
     </span>
     <span class='ocr_line' id='line_1_33' title="bbox 260 3953 1542 4034; baseline 0.001 -19"><span class='ocrx_word' id='word_1_265' title='bbox 260 3954 354 4033; x_wconf 91' lang='lat' dir='ltr'>quod</span> <span class='ocrx_word' id='word_1_266' title='bbox 380 3953 661 4034; x_wconf 89' lang='lat' dir='ltr'>supradictorum</span> <span class='ocrx_word' id='word_1_267' title='bbox 687 3953 835 4015; x_wconf 84' lang='lat' dir='ltr'>fratrum</span> <span class='ocrx_word' id='word_1_268' title='bbox 862 3964 1072 4031; x_wconf 88' lang='lat' dir='ltr'>nostrorum,</span> <span class='ocrx_word' id='word_1_269' title='bbox 1098 3965 1133 4016; x_wconf 89' lang='lat' dir='ltr'>et</span> <span class='ocrx_word' id='word_1_270' title='bbox 1154 3955 1312 4033; x_wconf 89' lang='lat' dir='ltr'>aliorum,</span> <span class='ocrx_word' id='word_1_271' title='bbox 1338 3956 1396 4034; x_wconf 89' lang='lat' dir='ltr'>qui</span> <span class='ocrx_word' id='word_1_272' title='bbox 1415 3955 1445 4015; x_wconf 89' lang='lat' dir='ltr'>ei</span> <span class='ocrx_word' id='word_1_273' title='bbox 1463 3974 1542 4016; x_wconf 93' lang='lat' dir='ltr'>con-</span> 
     </span>
     <span class='ocr_line' id='line_1_34' title="bbox 260 4060 1542 4123; baseline 0.002 -4"><span class='ocrx_word' id='word_1_274' title='bbox 260 4060 341 4120; x_wconf 92' lang='lat' dir='ltr'>cilio</span> <span class='ocrx_word' id='word_1_275' title='bbox 365 4061 602 4122; x_wconf 80' lang='lat' dir='ltr'>interfuerunt</span> <span class='ocrx_word' id='word_1_276' title='bbox 627 4061 908 4122; x_wconf 88' lang='lat' dir='ltr'>doctissimorum</span> <span class='ocrx_word' id='word_1_277' title='bbox 935 4073 970 4123; x_wconf 90' lang='lat' dir='ltr'>et</span> <span class='ocrx_word' id='word_1_278' title='bbox 996 4062 1258 4123; x_wconf 61' lang='lat' dir='ltr'>catholicorum</span> <span class='ocrx_word' id='word_1_279' title='bbox 1284 4062 1438 4122; x_wconf 91' lang='lat' dir='ltr'>virorum</span> <span class='ocrx_word' id='word_1_280' title='bbox 1464 4082 1542 4123; x_wconf 89' lang='lat' dir='ltr'>con-</span> 
     </span>
     <span class='ocr_line' id='line_1_35' title="bbox 260 4164 1543 4248; baseline 0.001 -21"><span class='ocrx_word' id='word_1_281' title='bbox 260 4167 327 4228; x_wconf 91' lang='lat' dir='ltr'>silii</span> <span class='ocrx_word' id='word_1_282' title='bbox 341 4164 516 4228; x_wconf 88' lang='lat' dir='ltr'>sententia</span> <span class='ocrx_word' id='word_1_283' title='bbox 530 4168 672 4246; x_wconf 91' lang='lat' dir='ltr'>editum,</span> <span class='ocrx_word' id='word_1_284' title='bbox 688 4166 814 4228; x_wconf 87' lang='lat' dir='ltr'>litteris</span> <span class='ocrx_word' id='word_1_285' title='bbox 828 4167 1033 4248; x_wconf 91' lang='lat' dir='ltr'>apostolicis</span> <span class='ocrx_word' id='word_1_286' title='bbox 1049 4168 1192 4230; x_wconf 92' lang='lat' dir='ltr'>inscribi</span> <span class='ocrx_word' id='word_1_287' title='bbox 1211 4177 1246 4228; x_wconf 89' lang='lat' dir='ltr'>et</span> <span class='ocrx_word' id='word_1_288' title='bbox 1262 4169 1358 4229; x_wconf 89' lang='lat' dir='ltr'>bulla</span> <span class='ocrx_word' id='word_1_289' title='bbox 1376 4168 1543 4246; x_wconf 89' lang='lat' dir='ltr'>plumbea</span> 
     </span>
     <span class='ocr_line' id='line_1_36' title="bbox 259 4273 1541 4355; baseline 0.002 -21"><span class='ocrx_word' id='word_1_290' title='bbox 259 4273 420 4353; x_wconf 86' lang='lat' dir='ltr'>insigniri</span> <span class='ocrx_word' id='word_1_291' title='bbox 454 4275 636 4354; x_wconf 87' lang='lat' dir='ltr'>jussimus,</span> <span class='ocrx_word' id='word_1_292' title='bbox 674 4296 719 4335; x_wconf 83' lang='lat' dir='ltr'>ex</span> <span class='ocrx_word' id='word_1_293' title='bbox 757 4274 881 4337; x_wconf 89' lang='lat' dir='ltr'>ordine</span> <span class='ocrx_word' id='word_1_294' title='bbox 919 4275 1093 4355; x_wconf 90' lang='lat' dir='ltr'>perscribi</span> <span class='ocrx_word' id='word_1_295' title='bbox 1132 4275 1375 4337; x_wconf 87' lang='lat' dir='ltr'>mandavimus</span> <span class='ocrx_word' id='word_1_296' title='bbox 1414 4274 1541 4354; x_wconf 86' lang='lat' dir='ltr'>partim</span> 
     </span>
     <span class='ocr_line' id='line_1_37' title="bbox 260 4380 1540 4463; baseline 0 -21"><span class='ocrx_word' id='word_1_297' title='bbox 260 4383 365 4461; x_wconf 89' lang='lat' dir='ltr'>plane</span> <span class='ocrx_word' id='word_1_298' title='bbox 390 4380 590 4444; x_wconf 90' lang='lat' dir='ltr'>haereticos</span> <span class='ocrx_word' id='word_1_299' title='bbox 616 4391 650 4442; x_wconf 91' lang='lat' dir='ltr'>et</span> <span class='ocrx_word' id='word_1_300' title='bbox 677 4380 782 4442; x_wconf 86' lang='lat' dir='ltr'>fidem</span> <span class='ocrx_word' id='word_1_301' title='bbox 808 4393 939 4444; x_wconf 86' lang='lat' dir='ltr'>rectam</span> <span class='ocrx_word' id='word_1_302' title='bbox 965 4392 1223 4463; x_wconf 88' lang='lat' dir='ltr'>pervertentes,</span> <span class='ocrx_word' id='word_1_303' title='bbox 1248 4381 1375 4462; x_wconf 89' lang='lat' dir='ltr'>partim</span> <span class='ocrx_word' id='word_1_304' title='bbox 1400 4380 1449 4441; x_wconf 90' lang='lat' dir='ltr'>ita</span> <span class='ocrx_word' id='word_1_305' title='bbox 1474 4385 1540 4442; x_wconf 89' lang='lat' dir='ltr'>cal-</span> 
     </span>
     <span class='ocr_line' id='line_1_38' title="bbox 261 4487 1542 4551; baseline 0.001 -4"><span class='ocrx_word' id='word_1_306' title='bbox 261 4487 330 4547; x_wconf 87' lang='lat' dir='ltr'>lide</span> <span class='ocrx_word' id='word_1_307' title='bbox 363 4498 398 4549; x_wconf 89' lang='lat' dir='ltr'>et</span> <span class='ocrx_word' id='word_1_308' title='bbox 432 4487 532 4549; x_wconf 84' lang='lat' dir='ltr'>vafre</span> <span class='ocrx_word' id='word_1_309' title='bbox 565 4489 609 4549; x_wconf 90' lang='lat' dir='ltr'>ad</span> <span class='ocrx_word' id='word_1_310' title='bbox 644 4490 758 4549; x_wconf 92' lang='lat' dir='ltr'>bonos</span> <span class='ocrx_word' id='word_1_311' title='bbox 793 4499 827 4550; x_wconf 85' lang='lat' dir='ltr'>et</span> <span class='ocrx_word' id='word_1_312' title='bbox 861 4489 996 4551; x_wconf 88' lang='lat' dir='ltr'>animos</span> <span class='ocrx_word' id='word_1_313' title='bbox 1029 4499 1065 4551; x_wconf 91' lang='lat' dir='ltr'>et</span> <span class='ocrx_word' id='word_1_314' title='bbox 1098 4509 1214 4551; x_wconf 90' lang='lat' dir='ltr'>mores</span> <span class='ocrx_word' id='word_1_315' title='bbox 1248 4488 1542 4550; x_wconf 89' lang='lat' dir='ltr'>contaminandos</span> 
     </span>
     <span class='ocr_line' id='line_1_39' title="bbox 260 4594 1541 4677; baseline 0.002 -24"><span class='ocrx_word' id='word_1_316' title='bbox 260 4594 460 4674; x_wconf 87' lang='lat' dir='ltr'>appositos,</span> <span class='ocrx_word' id='word_1_317' title='bbox 498 4605 534 4655; x_wconf 95' lang='lat' dir='ltr'>ut</span> <span class='ocrx_word' id='word_1_318' title='bbox 569 4614 699 4669; x_wconf 82' lang='lat' dir='ltr'>magna</span> <span class='ocrx_word' id='word_1_319' title='bbox 733 4616 778 4656; x_wconf 81' lang='lat' dir='ltr'>ex</span> <span class='ocrx_word' id='word_1_320' title='bbox 811 4595 865 4657; x_wconf 90' lang='lat' dir='ltr'>his</span> <span class='ocrx_word' id='word_1_321' title='bbox 898 4597 933 4657; x_wconf 91' lang='lat' dir='ltr'>in</span> <span class='ocrx_word' id='word_1_322' title='bbox 968 4596 1144 4658; x_wconf 90' lang='lat' dir='ltr'>mentibus</span> <span class='ocrx_word' id='word_1_323' title='bbox 1178 4595 1427 4677; x_wconf 89' lang='lat' dir='ltr'>simpliciorum</span> <span class='ocrx_word' id='word_1_324' title='bbox 1463 4617 1541 4656; x_wconf 88' lang='lat' dir='ltr'>cum</span> 
     </span>
     <span class='ocr_line' id='line_1_40' title="bbox 261 4700 1540 4783; baseline 0.004 -24"><span class='ocrx_word' id='word_1_325' title='bbox 261 4700 472 4762; x_wconf 83' lang='lat' dir='ltr'>detrimento</span> <span class='ocrx_word' id='word_1_326' title='bbox 497 4702 699 4783; x_wconf 90' lang='lat' dir='ltr'>Religionis</span> <span class='ocrx_word' id='word_1_327' title='bbox 731 4702 864 4763; x_wconf 90' lang='lat' dir='ltr'>oriatur</span> <span class='ocrx_word' id='word_1_328' title='bbox 896 4703 1133 4783; x_wconf 90' lang='lat' dir='ltr'>perturbatio;</span> <span class='ocrx_word' id='word_1_329' title='bbox 1168 4723 1315 4783; x_wconf 87' lang='lat' dir='ltr'>quarum</span> <span class='ocrx_word' id='word_1_330' title='bbox 1345 4701 1540 4764; x_wconf 89' lang='lat' dir='ltr'>litterarum</span> 
     </span>
     <span class='ocr_line' id='line_1_41' title="bbox 261 4808 1539 4892; baseline 0.002 -24"><span class='ocrx_word' id='word_1_331' title='bbox 261 4810 462 4888; x_wconf 85' lang='lat' dir='ltr'>exemplum</span> <span class='ocrx_word' id='word_1_332' title='bbox 487 4811 532 4870; x_wconf 88' lang='lat' dir='ltr'>ad</span> <span class='ocrx_word' id='word_1_333' title='bbox 557 4822 652 4871; x_wconf 86' lang='lat' dir='ltr'>tuam</span> <span class='ocrx_word' id='word_1_334' title='bbox 678 4808 897 4871; x_wconf 88' lang='lat' dir='ltr'>nobilitatem</span> <span class='ocrx_word' id='word_1_335' title='bbox 924 4809 1054 4872; x_wconf 86' lang='lat' dir='ltr'>deferri</span> <span class='ocrx_word' id='word_1_336' title='bbox 1079 4810 1330 4891; x_wconf 87' lang='lat' dir='ltr'>praecipimus,</span> <span class='ocrx_word' id='word_1_337' title='bbox 1364 4809 1457 4871; x_wconf 91' lang='lat' dir='ltr'>illam</span> <span class='ocrx_word' id='word_1_338' title='bbox 1482 4831 1539 4892; x_wconf 90' lang='lat' dir='ltr'>pa·</span> 
     </span>
    </p>
   </div>
   <div class='ocr_carea' id='block_1_5' title="bbox 0 0 1670 5580">
    <p class='ocr_par' dir='ltr' id='par_1_5' title="bbox 0 0 1670 5580">
     <span class='ocr_line' id='line_1_42' title="bbox 0 0 1670 5580; baseline 0 1"><span class='ocrx_word' id='word_1_339' title='bbox 0 0 1670 5580; x_wconf 95' lang='lat' dir='ltr'> </span> 
     </span>
    </p>
   </div>
  </div>
 </body>
</html>
