<?xml version="1.0" encoding="UTF-8"?>
<!DOCTYPE html PUBLIC "-//W3C//DTD XHTML 1.0 Transitional//EN"
    "http://www.w3.org/TR/xhtml1/DTD/xhtml1-transitional.dtd">
<html xmlns="http://www.w3.org/1999/xhtml" xml:lang="en" lang="en">
 <head>
  <title>
</title>
<meta http-equiv="Content-Type" content="text/html;charset=utf-8" />
  <meta name='ocr-system' content='tesseract 3.04.00' />
  <meta name='ocr-capabilities' content='ocr_page ocr_carea ocr_par ocr_line ocrx_word'/>
</head>
<body>
  <div class='ocr_page' id='page_1' title='image "./monumentareform00vatigoog_0515.png"; bbox 0 0 3330 5580; ppageno 0'>
   <div class='ocr_carea' id='block_1_1' title="bbox 706 439 953 497">
    <p class='ocr_par' dir='ltr' id='par_1_1' title="bbox 706 439 953 497">
     <span class='ocr_line' id='line_1_1' title="bbox 706 439 953 497; baseline -0.004 0"><span class='ocrx_word' id='word_1_1' title='bbox 706 441 855 497; x_wconf 51' lang='lat' dir='ltr'>eolre</span> <span class='ocrx_word' id='word_1_2' title='bbox 895 439 953 496; x_wconf 47' lang='lat' dir='ltr'>&amp;A</span> 
     </span>
    </p>
   </div>
   <div class='ocr_carea' id='block_1_2' title="bbox 186 585 1480 4852">
    <p class='ocr_par' dir='ltr' id='par_1_2' title="bbox 186 585 1480 4852">
     <span class='ocr_line' id='line_1_2' title="bbox 187 585 1476 670; baseline -0.004 -17"><span class='ocrx_word' id='word_1_3' title='bbox 187 588 394 654; x_wconf 87' lang='lat' dir='ltr'>Sanctitatis</span> <span class='ocrx_word' id='word_1_4' title='bbox 432 610 536 653; x_wconf 91' lang='lat' dir='ltr'>aures</span> <span class='ocrx_word' id='word_1_5' title='bbox 573 589 750 670; x_wconf 86' lang='lat' dir='ltr'>attingere</span> <span class='ocrx_word' id='word_1_6' title='bbox 783 588 895 670; x_wconf 90' lang='lat' dir='ltr'>digna</span> <span class='ocrx_word' id='word_1_7' title='bbox 925 597 1098 651; x_wconf 88' lang='lat' dir='ltr'>censetur.</span> <span class='ocrx_word' id='word_1_8' title='bbox 1154 587 1318 670; x_wconf 89' lang='lat' dir='ltr'>Accepto</span> <span class='ocrx_word' id='word_1_9' title='bbox 1351 585 1476 668; x_wconf 91' lang='lat' dir='ltr'>itaque</span> 
     </span>
     <span class='ocr_line' id='line_1_3' title="bbox 187 694 1476 777; baseline -0.005 -17"><span class='ocrx_word' id='word_1_10' title='bbox 187 697 316 760; x_wconf 93' lang='lat' dir='ltr'>nuncio</span> <span class='ocrx_word' id='word_1_11' title='bbox 345 700 389 759; x_wconf 91' lang='lat' dir='ltr'>de</span> <span class='ocrx_word' id='word_1_12' title='bbox 415 697 588 759; x_wconf 84' lang='lat' dir='ltr'>Anthonii</span> <span class='ocrx_word' id='word_1_13' title='bbox 618 695 918 777; x_wconf 87' lang='lat' dir='ltr'>Lothoringorum</span> <span class='ocrx_word' id='word_1_14' title='bbox 943 694 1052 757; x_wconf 91' lang='lat' dir='ltr'>Ducis</span> <span class='ocrx_word' id='word_1_15' title='bbox 1075 695 1145 758; x_wconf 81' lang='lat' dir='ltr'>ill¹¹¹¹</span> <span class='ocrx_word' id='word_1_16' title='bbox 1173 714 1253 757; x_wconf 90' lang='lat' dir='ltr'>curn</span> <span class='ocrx_word' id='word_1_17' title='bbox 1287 694 1404 776; x_wconf 91' lang='lat' dir='ltr'>copiis</span> <span class='ocrx_word' id='word_1_18' title='bbox 1440 694 1476 755; x_wconf 91' lang='lat' dir='ltr'>in</span> 
     </span>
     <span class='ocr_line' id='line_1_4' title="bbox 187 800 1477 884; baseline -0.003 -18"><span class='ocrx_word' id='word_1_19' title='bbox 187 804 375 867; x_wconf 89' lang='lat' dir='ltr'>seditiosos</span> <span class='ocrx_word' id='word_1_20' title='bbox 399 814 434 866; x_wconf 90' lang='lat' dir='ltr'>et</span> <span class='ocrx_word' id='word_1_21' title='bbox 459 803 635 867; x_wconf 89' lang='lat' dir='ltr'>hereticos</span> <span class='ocrx_word' id='word_1_22' title='bbox 661 814 695 864; x_wconf 91' lang='lat' dir='ltr'>et</span> <span class='ocrx_word' id='word_1_23' title='bbox 719 802 942 865; x_wconf 90' lang='lat' dir='ltr'>heresiarcas</span> <span class='ocrx_word' id='word_1_24' title='bbox 965 801 1192 884; x_wconf 88' lang='lat' dir='ltr'>properantis</span> <span class='ocrx_word' id='word_1_25' title='bbox 1216 811 1331 880; x_wconf 89' lang='lat' dir='ltr'>motu,</span> <span class='ocrx_word' id='word_1_26' title='bbox 1362 800 1477 882; x_wconf 89' lang='lat' dir='ltr'>impu·</span> 
     </span>
     <span class='ocr_line' id='line_1_5' title="bbox 187 908 1476 992; baseline -0.002 -19"><span class='ocrx_word' id='word_1_27' title='bbox 187 911 314 973; x_wconf 86' lang='lat' dir='ltr'>rissimi</span> <span class='ocrx_word' id='word_1_28' title='bbox 339 911 482 973; x_wconf 90' lang='lat' dir='ltr'>tandem</span> <span class='ocrx_word' id='word_1_29' title='bbox 506 910 556 972; x_wconf 92' lang='lat' dir='ltr'>illi</span> <span class='ocrx_word' id='word_1_30' title='bbox 581 909 641 991; x_wconf 93' lang='lat' dir='ltr'>qui</span> <span class='ocrx_word' id='word_1_31' title='bbox 664 910 796 991; x_wconf 90' lang='lat' dir='ltr'>passim</span> <span class='ocrx_word' id='word_1_32' title='bbox 820 929 928 992; x_wconf 86' lang='lat' dir='ltr'>agros</span> <span class='ocrx_word' id='word_1_33' title='bbox 953 910 1111 972; x_wconf 90' lang='lat' dir='ltr'>Alsatios</span> <span class='ocrx_word' id='word_1_34' title='bbox 1127 908 1241 972; x_wconf 85' lang='lat' dir='ltr'>invasi</span> <span class='ocrx_word' id='word_1_35' title='bbox 1257 908 1476 971; x_wconf 85' lang='lat' dir='ltr'>ecclesiasti·</span> 
     </span>
     <span class='ocr_line' id='line_1_6' title="bbox 188 1014 1477 1100; baseline -0.002 -20"><span class='ocrx_word' id='word_1_36' title='bbox 188 1018 237 1080; x_wconf 92' lang='lat' dir='ltr'>cis</span> <span class='ocrx_word' id='word_1_37' title='bbox 262 1018 366 1080; x_wconf 90' lang='lat' dir='ltr'>bonis</span> <span class='ocrx_word' id='word_1_38' title='bbox 390 1017 614 1100; x_wconf 85' lang='lat' dir='ltr'>diripiendis,</span> <span class='ocrx_word' id='word_1_39' title='bbox 638 1028 840 1081; x_wconf 89' lang='lat' dir='ltr'>sanctorum</span> <span class='ocrx_word' id='word_1_40' title='bbox 864 1016 1125 1081; x_wconf 89' lang='lat' dir='ltr'>comminuendi</span> <span class='ocrx_word' id='word_1_41' title='bbox 1147 1015 1278 1098; x_wconf 80' lang='lat' dir='ltr'>elfigiis</span> <span class='ocrx_word' id='word_1_42' title='bbox 1303 1014 1477 1079; x_wconf 86' lang='lat' dir='ltr'>basilicis·</span> 
     </span>
     <span class='ocr_line' id='line_1_7' title="bbox 189 1121 1479 1207; baseline -0.002 -20"><span class='ocrx_word' id='word_1_43' title='bbox 189 1146 258 1207; x_wconf 92' lang='lat' dir='ltr'>que</span> <span class='ocrx_word' id='word_1_44' title='bbox 292 1126 338 1187; x_wconf 91' lang='lat' dir='ltr'>de</span> <span class='ocrx_word' id='word_1_45' title='bbox 370 1124 456 1205; x_wconf 91' lang='lat' dir='ltr'>ipsis</span> <span class='ocrx_word' id='word_1_46' title='bbox 488 1124 593 1186; x_wconf 88' lang='lat' dir='ltr'>etiam</span> <span class='ocrx_word' id='word_1_47' title='bbox 619 1123 883 1202; x_wconf 75' lang='lat' dir='ltr'>fundaminibus</span> <span class='ocrx_word' id='word_1_48' title='bbox 913 1123 1117 1187; x_wconf 85' lang='lat' dir='ltr'>evertendis</span> <span class='ocrx_word' id='word_1_49' title='bbox 1140 1122 1328 1206; x_wconf 87' lang='lat' dir='ltr'>religionis</span> <span class='ocrx_word' id='word_1_50' title='bbox 1352 1132 1390 1185; x_wconf 87' lang='lat' dir='ltr'>et</span> <span class='ocrx_word' id='word_1_51' title='bbox 1407 1121 1479 1185; x_wconf 91' lang='lat' dir='ltr'>Dei</span> 
     </span>
     <span class='ocr_line' id='line_1_8' title="bbox 187 1230 1478 1314; baseline -0.003 -19"><span class='ocrx_word' id='word_1_52' title='bbox 187 1243 465 1314; x_wconf 81' lang='lat' dir='ltr'>contemptores,</span> <span class='ocrx_word' id='word_1_53' title='bbox 491 1231 567 1294; x_wconf 89' lang='lat' dir='ltr'>dies</span> <span class='ocrx_word' id='word_1_54' title='bbox 591 1241 786 1312; x_wconf 88' lang='lat' dir='ltr'>noctesque</span> <span class='ocrx_word' id='word_1_55' title='bbox 811 1234 1025 1294; x_wconf 89' lang='lat' dir='ltr'>tenebantur</span> <span class='ocrx_word' id='word_1_56' title='bbox 1041 1251 1139 1294; x_wconf 89' lang='lat' dir='ltr'>arma</span> <span class='ocrx_word' id='word_1_57' title='bbox 1153 1231 1189 1293; x_wconf 92' lang='lat' dir='ltr'>in</span> <span class='ocrx_word' id='word_1_58' title='bbox 1206 1230 1293 1292; x_wconf 92' lang='lat' dir='ltr'>illud</span> <span class='ocrx_word' id='word_1_59' title='bbox 1311 1240 1478 1292; x_wconf 91' lang='lat' dir='ltr'>sanctum</span> 
     </span>
     <span class='ocr_line' id='line_1_9' title="bbox 186 1337 1479 1420; baseline 0.001 -21"><span class='ocrx_word' id='word_1_60' title='bbox 186 1337 270 1400; x_wconf 83' lang='lat' dir='ltr'>fidei</span> <span class='ocrx_word' id='word_1_61' title='bbox 306 1341 471 1419; x_wconf 90' lang='lat' dir='ltr'>clypeum</span> <span class='ocrx_word' id='word_1_62' title='bbox 506 1338 724 1401; x_wconf 90' lang='lat' dir='ltr'>Anthonium</span> <span class='ocrx_word' id='word_1_63' title='bbox 757 1359 899 1401; x_wconf 89' lang='lat' dir='ltr'>sumere</span> <span class='ocrx_word' id='word_1_64' title='bbox 930 1358 995 1420; x_wconf 87' lang='lat' dir='ltr'>per</span> <span class='ocrx_word' id='word_1_65' title='bbox 1025 1349 1230 1419; x_wconf 88' lang='lat' dir='ltr'>turmasque</span> <span class='ocrx_word' id='word_1_66' title='bbox 1261 1337 1333 1400; x_wconf 91' lang='lat' dir='ltr'>alio</span> <span class='ocrx_word' id='word_1_67' title='bbox 1365 1349 1479 1418; x_wconf 90' lang='lat' dir='ltr'>atque</span> 
     </span>
     <span class='ocr_line' id='line_1_10' title="bbox 186 1443 1477 1527; baseline 0 -20"><span class='ocrx_word' id='word_1_68' title='bbox 186 1445 257 1508; x_wconf 96' lang='lat' dir='ltr'>alio</span> <span class='ocrx_word' id='word_1_69' title='bbox 282 1445 385 1507; x_wconf 91' lang='lat' dir='ltr'>nobis</span> <span class='ocrx_word' id='word_1_70' title='bbox 409 1443 578 1507; x_wconf 82' lang='lat' dir='ltr'>insidiari.</span> <span class='ocrx_word' id='word_1_71' title='bbox 626 1445 665 1506; x_wconf 90' lang='lat' dir='ltr'>In</span> <span class='ocrx_word' id='word_1_72' title='bbox 691 1466 780 1525; x_wconf 91' lang='lat' dir='ltr'>quos</span> <span class='ocrx_word' id='word_1_73' title='bbox 804 1446 864 1508; x_wconf 93' lang='lat' dir='ltr'>ubi</span> <span class='ocrx_word' id='word_1_74' title='bbox 889 1446 1004 1509; x_wconf 89' lang='lat' dir='ltr'>classe</span> <span class='ocrx_word' id='word_1_75' title='bbox 1029 1444 1202 1527; x_wconf 86' lang='lat' dir='ltr'>Princeps</span> <span class='ocrx_word' id='word_1_76' title='bbox 1226 1454 1402 1526; x_wconf 85' lang='lat' dir='ltr'>pergeret</span> <span class='ocrx_word' id='word_1_77' title='bbox 1427 1444 1477 1507; x_wconf 93' lang='lat' dir='ltr'>in-</span> 
     </span>
     <span class='ocr_line' id='line_1_11' title="bbox 187 1549 1480 1633; baseline -0.001 -18"><span class='ocrx_word' id='word_1_78' title='bbox 187 1562 321 1616; x_wconf 91' lang='lat' dir='ltr'>structa</span> <span class='ocrx_word' id='word_1_79' title='bbox 345 1549 553 1630; x_wconf 86' lang='lat' dir='ltr'>Savernam,</span> <span class='ocrx_word' id='word_1_80' title='bbox 568 1552 673 1614; x_wconf 85' lang='lat' dir='ltr'>fossis</span> <span class='ocrx_word' id='word_1_81' title='bbox 697 1551 940 1633; x_wconf 86' lang='lat' dir='ltr'>menibusque,</span> <span class='ocrx_word' id='word_1_82' title='bbox 966 1552 1061 1614; x_wconf 90' lang='lat' dir='ltr'>omni</span> <span class='ocrx_word' id='word_1_83' title='bbox 1085 1552 1192 1614; x_wconf 90' lang='lat' dir='ltr'>etiam</span> <span class='ocrx_word' id='word_1_84' title='bbox 1216 1562 1480 1615; x_wconf 86' lang='lat' dir='ltr'>tormentorum</span> 
     </span>
     <span class='ocr_line' id='line_1_12' title="bbox 187 1657 1478 1741; baseline 0 -20"><span class='ocrx_word' id='word_1_85' title='bbox 187 1659 394 1722; x_wconf 91' lang='lat' dir='ltr'>bellicorum</span> <span class='ocrx_word' id='word_1_86' title='bbox 435 1678 569 1741; x_wconf 83' lang='lat' dir='ltr'>genere</span> <span class='ocrx_word' id='word_1_87' title='bbox 606 1657 837 1737; x_wconf 77' lang='lat' dir='ltr'>munitissimi,</span> <span class='ocrx_word' id='word_1_88' title='bbox 870 1660 1042 1740; x_wconf 89' lang='lat' dir='ltr'>oppidum</span> <span class='ocrx_word' id='word_1_89' title='bbox 1077 1679 1146 1721; x_wconf 88' lang='lat' dir='ltr'>non</span> <span class='ocrx_word' id='word_1_90' title='bbox 1170 1661 1295 1740; x_wconf 91' lang='lat' dir='ltr'>procul</span> <span class='ocrx_word' id='word_1_91' title='bbox 1327 1661 1374 1721; x_wconf 88' lang='lat' dir='ltr'>ab</span> <span class='ocrx_word' id='word_1_92' title='bbox 1410 1659 1478 1721; x_wconf 92' lang='lat' dir='ltr'>Ar·</span> 
     </span>
     <span class='ocr_line' id='line_1_13' title="bbox 186 1764 1478 1848; baseline -0.001 -20"><span class='ocrx_word' id='word_1_93' title='bbox 186 1765 352 1848; x_wconf 84' lang='lat' dir='ltr'>gentinis,</span> <span class='ocrx_word' id='word_1_94' title='bbox 376 1765 606 1828; x_wconf 88' lang='lat' dir='ltr'>suadentibus</span> <span class='ocrx_word' id='word_1_95' title='bbox 631 1764 820 1845; x_wconf 87' lang='lat' dir='ltr'>oppidanis</span> <span class='ocrx_word' id='word_1_96' title='bbox 840 1766 885 1826; x_wconf 89' lang='lat' dir='ltr'>ad</span> <span class='ocrx_word' id='word_1_97' title='bbox 902 1765 1083 1828; x_wconf 82' lang='lat' dir='ltr'>sexdecim</span> <span class='ocrx_word' id='word_1_98' title='bbox 1097 1765 1210 1828; x_wconf 86' lang='lat' dir='ltr'>ferme</span> <span class='ocrx_word' id='word_1_99' title='bbox 1227 1766 1337 1828; x_wconf 89' lang='lat' dir='ltr'>millia</span> <span class='ocrx_word' id='word_1_100' title='bbox 1352 1765 1478 1829; x_wconf 85' lang='lat' dir='ltr'>confu-</span> 
     </span>
     <span class='ocr_line' id='line_1_14' title="bbox 188 1872 1480 1955; baseline 0.001 -20"><span class='ocrx_word' id='word_1_101' title='bbox 188 1885 344 1936; x_wconf 91' lang='lat' dir='ltr'>ratorum</span> <span class='ocrx_word' id='word_1_102' title='bbox 368 1874 508 1935; x_wconf 88' lang='lat' dir='ltr'>illorum</span> <span class='ocrx_word' id='word_1_103' title='bbox 532 1873 657 1935; x_wconf 91' lang='lat' dir='ltr'>armati</span> <span class='ocrx_word' id='word_1_104' title='bbox 682 1894 760 1936; x_wconf 90' lang='lat' dir='ltr'>sese</span> <span class='ocrx_word' id='word_1_105' title='bbox 785 1872 977 1955; x_wconf 92' lang='lat' dir='ltr'>recipiunt,</span> <span class='ocrx_word' id='word_1_106' title='bbox 1009 1873 1212 1954; x_wconf 85' lang='lat' dir='ltr'>Principem</span> <span class='ocrx_word' id='word_1_107' title='bbox 1243 1876 1303 1936; x_wconf 89' lang='lat' dir='ltr'>vel</span> <span class='ocrx_word' id='word_1_108' title='bbox 1326 1874 1382 1953; x_wconf 89' lang='lat' dir='ltr'>vi,</span> <span class='ocrx_word' id='word_1_109' title='bbox 1418 1877 1480 1937; x_wconf 90' lang='lat' dir='ltr'>vel</span> 
     </span>
     <span class='ocr_line' id='line_1_15' title="bbox 188 1979 1479 2062; baseline 0.003 -22"><span class='ocrx_word' id='word_1_110' title='bbox 188 1981 289 2058; x_wconf 94' lang='lat' dir='ltr'>dolo,</span> <span class='ocrx_word' id='word_1_111' title='bbox 315 1981 372 2041; x_wconf 93' lang='lat' dir='ltr'>vel</span> <span class='ocrx_word' id='word_1_112' title='bbox 397 1979 623 2042; x_wconf 87' lang='lat' dir='ltr'>cunctatione</span> <span class='ocrx_word' id='word_1_113' title='bbox 653 1979 854 2062; x_wconf 87' lang='lat' dir='ltr'>opprimere</span> <span class='ocrx_word' id='word_1_114' title='bbox 886 1982 1139 2062; x_wconf 87' lang='lat' dir='ltr'>necquicquam</span> <span class='ocrx_word' id='word_1_115' title='bbox 1170 1981 1249 2044; x_wconf 92' lang='lat' dir='ltr'>rati.</span> <span class='ocrx_word' id='word_1_116' title='bbox 1296 1981 1386 2044; x_wconf 80' lang='lat' dir='ltr'>Mox</span> <span class='ocrx_word' id='word_1_117' title='bbox 1420 2002 1479 2044; x_wconf 91' lang='lat' dir='ltr'>au·</span> 
     </span>
     <span class='ocr_line' id='line_1_16' title="bbox 187 2086 1480 2170; baseline 0.003 -22"><span class='ocrx_word' id='word_1_118' title='bbox 187 2098 259 2150; x_wconf 91' lang='lat' dir='ltr'>tem</span> <span class='ocrx_word' id='word_1_119' title='bbox 283 2089 431 2150; x_wconf 89' lang='lat' dir='ltr'>obsessa</span> <span class='ocrx_word' id='word_1_120' title='bbox 455 2086 573 2149; x_wconf 92' lang='lat' dir='ltr'>idibus</span> <span class='ocrx_word' id='word_1_121' title='bbox 597 2087 701 2149; x_wconf 91' lang='lat' dir='ltr'>Maiis</span> <span class='ocrx_word' id='word_1_122' title='bbox 725 2087 874 2151; x_wconf 90' lang='lat' dir='ltr'>viriliter</span> <span class='ocrx_word' id='word_1_123' title='bbox 898 2090 987 2151; x_wconf 90' lang='lat' dir='ltr'>urbe</span> <span class='ocrx_word' id='word_1_124' title='bbox 1011 2089 1217 2170; x_wconf 85' lang='lat' dir='ltr'>paratisque</span> <span class='ocrx_word' id='word_1_125' title='bbox 1247 2089 1283 2151; x_wconf 91' lang='lat' dir='ltr'>in</span> <span class='ocrx_word' id='word_1_126' title='bbox 1319 2089 1480 2152; x_wconf 88' lang='lat' dir='ltr'>eversio·</span> 
     </span>
     <span class='ocr_line' id='line_1_17' title="bbox 189 2193 1479 2278; baseline 0.002 -22"><span class='ocrx_word' id='word_1_127' title='bbox 189 2215 267 2256; x_wconf 89' lang='lat' dir='ltr'>nem</span> <span class='ocrx_word' id='word_1_128' title='bbox 304 2193 534 2275; x_wconf 89' lang='lat' dir='ltr'>necessariis,</span> <span class='ocrx_word' id='word_1_129' title='bbox 577 2195 621 2256; x_wconf 91' lang='lat' dir='ltr'>de</span> <span class='ocrx_word' id='word_1_130' title='bbox 657 2194 839 2257; x_wconf 90' lang='lat' dir='ltr'>deditione</span> <span class='ocrx_word' id='word_1_131' title='bbox 875 2216 1072 2258; x_wconf 90' lang='lat' dir='ltr'>sermonem</span> <span class='ocrx_word' id='word_1_132' title='bbox 1107 2195 1285 2278; x_wconf 90' lang='lat' dir='ltr'>fingentes</span> <span class='ocrx_word' id='word_1_133' title='bbox 1321 2197 1479 2259; x_wconf 87' lang='lat' dir='ltr'>aliorum</span> 
     </span>
     <span class='ocr_line' id='line_1_18' title="bbox 189 2300 1480 2385; baseline 0.003 -23"><span class='ocrx_word' id='word_1_134' title='bbox 189 2301 454 2363; x_wconf 76' lang='lat' dir='ltr'>coniuratorum</span> <span class='ocrx_word' id='word_1_135' title='bbox 479 2300 538 2381; x_wconf 91' lang='lat' dir='ltr'>qui</span> <span class='ocrx_word' id='word_1_136' title='bbox 567 2301 614 2363; x_wconf 92' lang='lat' dir='ltr'>ad</span> <span class='ocrx_word' id='word_1_137' title='bbox 647 2322 711 2365; x_wconf 84' lang='lat' dir='ltr'>sex</span> <span class='ocrx_word' id='word_1_138' title='bbox 745 2313 780 2363; x_wconf 87' lang='lat' dir='ltr'>et</span> <span class='ocrx_word' id='word_1_139' title='bbox 814 2303 1051 2382; x_wconf 86' lang='lat' dir='ltr'>quadraginta</span> <span class='ocrx_word' id='word_1_140' title='bbox 1082 2303 1191 2365; x_wconf 90' lang='lat' dir='ltr'>millia</span> <span class='ocrx_word' id='word_1_141' title='bbox 1218 2304 1313 2365; x_wconf 90' lang='lat' dir='ltr'>haud</span> <span class='ocrx_word' id='word_1_142' title='bbox 1348 2307 1480 2385; x_wconf 91' lang='lat' dir='ltr'>procul</span> 
     </span>
     <span class='ocr_line' id='line_1_19' title="bbox 188 2407 1480 2490; baseline 0.004 -21"><span class='ocrx_word' id='word_1_143' title='bbox 188 2410 355 2486; x_wconf 88' lang='lat' dir='ltr'>aberant,</span> <span class='ocrx_word' id='word_1_144' title='bbox 380 2408 469 2469; x_wconf 88' lang='lat' dir='ltr'>clam</span> <span class='ocrx_word' id='word_1_145' title='bbox 495 2407 629 2470; x_wconf 80' lang='lat' dir='ltr'>auxilia</span> <span class='ocrx_word' id='word_1_146' title='bbox 652 2410 849 2471; x_wconf 89' lang='lat' dir='ltr'>vocabant:</span> <span class='ocrx_word' id='word_1_147' title='bbox 874 2418 922 2490; x_wconf 91' lang='lat' dir='ltr'>ut,</span> <span class='ocrx_word' id='word_1_148' title='bbox 947 2429 1054 2490; x_wconf 90' lang='lat' dir='ltr'>quum</span> <span class='ocrx_word' id='word_1_149' title='bbox 1078 2409 1165 2472; x_wconf 92' lang='lat' dir='ltr'>nihil</span> <span class='ocrx_word' id='word_1_150' title='bbox 1188 2413 1313 2473; x_wconf 88' lang='lat' dir='ltr'>horum</span> <span class='ocrx_word' id='word_1_151' title='bbox 1338 2411 1480 2474; x_wconf 88' lang='lat' dir='ltr'>veritus</span> 
     </span>
     <span class='ocr_line' id='line_1_20' title="bbox 189 2515 1479 2597; baseline 0.004 -21"><span class='ocrx_word' id='word_1_152' title='bbox 189 2515 357 2597; x_wconf 91' lang='lat' dir='ltr'>princeps</span> <span class='ocrx_word' id='word_1_153' title='bbox 381 2525 457 2576; x_wconf 85' lang='lat' dir='ltr'>tuta</span> <span class='ocrx_word' id='word_1_154' title='bbox 481 2515 573 2577; x_wconf 90' lang='lat' dir='ltr'>inter</span> <span class='ocrx_word' id='word_1_155' title='bbox 597 2517 864 2596; x_wconf 90' lang='lat' dir='ltr'>componendas</span> <span class='ocrx_word' id='word_1_156' title='bbox 888 2535 952 2597; x_wconf 89' lang='lat' dir='ltr'>spe</span> <span class='ocrx_word' id='word_1_157' title='bbox 976 2517 1167 2580; x_wconf 87' lang='lat' dir='ltr'>deditionis</span> <span class='ocrx_word' id='word_1_158' title='bbox 1192 2538 1249 2580; x_wconf 89' lang='lat' dir='ltr'>res</span> <span class='ocrx_word' id='word_1_159' title='bbox 1283 2517 1479 2582; x_wconf 86' lang='lat' dir='ltr'>arbitrare-</span> 
     </span>
     <span class='ocr_line' id='line_1_21' title="bbox 187 2621 1479 2705; baseline 0.005 -22"><span class='ocrx_word' id='word_1_160' title='bbox 187 2632 244 2684; x_wconf 90' lang='lat' dir='ltr'>tur</span> <span class='ocrx_word' id='word_1_161' title='bbox 268 2622 406 2701; x_wconf 90' lang='lat' dir='ltr'>omnia,</span> <span class='ocrx_word' id='word_1_162' title='bbox 440 2622 590 2684; x_wconf 89' lang='lat' dir='ltr'>undevis</span> <span class='ocrx_word' id='word_1_163' title='bbox 621 2622 892 2704; x_wconf 86' lang='lat' dir='ltr'>opprimeretur.</span> <span class='ocrx_word' id='word_1_164' title='bbox 945 2621 1118 2705; x_wconf 87' lang='lat' dir='ltr'>Sequenti</span> <span class='ocrx_word' id='word_1_165' title='bbox 1152 2637 1271 2688; x_wconf 86' lang='lat' dir='ltr'>autem</span> <span class='ocrx_word' id='word_1_166' title='bbox 1303 2625 1362 2688; x_wconf 93' lang='lat' dir='ltr'>die</span> <span class='ocrx_word' id='word_1_167' title='bbox 1394 2646 1479 2689; x_wconf 92' lang='lat' dir='ltr'>cum</span> 
     </span>
     <span class='ocr_line' id='line_1_22' title="bbox 192 2729 1478 2817; baseline 0.005 -26"><span class='ocrx_word' id='word_1_168' title='bbox 192 2730 346 2792; x_wconf 91' lang='lat' dir='ltr'>nondum</span> <span class='ocrx_word' id='word_1_169' title='bbox 372 2729 458 2792; x_wconf 91' lang='lat' dir='ltr'>satis</span> <span class='ocrx_word' id='word_1_170' title='bbox 482 2729 655 2791; x_wconf 88' lang='lat' dir='ltr'>illuxisset</span> <span class='ocrx_word' id='word_1_171' title='bbox 679 2732 767 2792; x_wconf 88' lang='lat' dir='ltr'>hora</span> <span class='ocrx_word' id='word_1_172' title='bbox 791 2730 851 2792; x_wconf 90' lang='lat' dir='ltr'>vix</span> <span class='ocrx_word' id='word_1_173' title='bbox 875 2751 897 2793; x_wconf 90' lang='lat' dir='ltr'>a</span> <span class='ocrx_word' id='word_1_174' title='bbox 920 2731 1037 2794; x_wconf 91' lang='lat' dir='ltr'>media</span> <span class='ocrx_word' id='word_1_175' title='bbox 1061 2741 1166 2795; x_wconf 89' lang='lat' dir='ltr'>nocte</span> <span class='ocrx_word' id='word_1_176' title='bbox 1190 2733 1364 2814; x_wconf 90' lang='lat' dir='ltr'>secunda,</span> <span class='ocrx_word' id='word_1_177' title='bbox 1393 2755 1478 2817; x_wconf 90' lang='lat' dir='ltr'>pro-</span> 
     </span>
     <span class='ocr_line' id='line_1_23' title="bbox 187 2836 1480 2924; baseline 0.005 -26"><span class='ocrx_word' id='word_1_178' title='bbox 187 2837 269 2899; x_wconf 92' lang='lat' dir='ltr'>ditis</span> <span class='ocrx_word' id='word_1_179' title='bbox 293 2836 515 2918; x_wconf 92' lang='lat' dir='ltr'>proditorum</span> <span class='ocrx_word' id='word_1_180' title='bbox 529 2837 656 2899; x_wconf 93' lang='lat' dir='ltr'>horum</span> <span class='ocrx_word' id='word_1_181' title='bbox 673 2836 810 2899; x_wconf 86' lang='lat' dir='ltr'>insidiis</span> <span class='ocrx_word' id='word_1_182' title='bbox 835 2837 894 2918; x_wconf 91' lang='lat' dir='ltr'>qui</span> <span class='ocrx_word' id='word_1_183' title='bbox 916 2841 1040 2901; x_wconf 91' lang='lat' dir='ltr'>urbem</span> <span class='ocrx_word' id='word_1_184' title='bbox 1064 2841 1262 2902; x_wconf 91' lang='lat' dir='ltr'>clanculum</span> <span class='ocrx_word' id='word_1_185' title='bbox 1287 2842 1334 2902; x_wconf 88' lang='lat' dir='ltr'>ad</span> <span class='ocrx_word' id='word_1_186' title='bbox 1364 2840 1480 2924; x_wconf 93' lang='lat' dir='ltr'>impia</span> 
     </span>
     <span class='ocr_line' id='line_1_24' title="bbox 191 2943 1478 3029; baseline 0.004 -23"><span class='ocrx_word' id='word_1_187' title='bbox 191 2943 371 3007; x_wconf 87' lang='lat' dir='ltr'>molimina</span> <span class='ocrx_word' id='word_1_188' title='bbox 394 2945 589 3025; x_wconf 88' lang='lat' dir='ltr'>cedebant,</span> <span class='ocrx_word' id='word_1_189' title='bbox 623 2944 796 3006; x_wconf 91' lang='lat' dir='ltr'>instructa</span> <span class='ocrx_word' id='word_1_190' title='bbox 819 2953 855 3006; x_wconf 91' lang='lat' dir='ltr'>et</span> <span class='ocrx_word' id='word_1_191' title='bbox 878 2944 924 3006; x_wconf 90' lang='lat' dir='ltr'>ad</span> <span class='ocrx_word' id='word_1_192' title='bbox 948 2964 1105 3027; x_wconf 88' lang='lat' dir='ltr'>pugnam</span> <span class='ocrx_word' id='word_1_193' title='bbox 1130 2956 1203 3010; x_wconf 94' lang='lat' dir='ltr'>tum</span> <span class='ocrx_word' id='word_1_194' title='bbox 1228 2968 1371 3029; x_wconf 91' lang='lat' dir='ltr'>quoque</span> <span class='ocrx_word' id='word_1_195' title='bbox 1395 2969 1478 3012; x_wconf 90' lang='lat' dir='ltr'>nos·</span> 
     </span>
     <span class='ocr_line' id='line_1_25' title="bbox 187 3050 1479 3136; baseline 0.005 -25"><span class='ocrx_word' id='word_1_196' title='bbox 187 3061 243 3112; x_wconf 90' lang='lat' dir='ltr'>tra</span> <span class='ocrx_word' id='word_1_197' title='bbox 265 3060 392 3131; x_wconf 91' lang='lat' dir='ltr'>parata</span> <span class='ocrx_word' id='word_1_198' title='bbox 414 3050 510 3113; x_wconf 89' lang='lat' dir='ltr'>acies</span> <span class='ocrx_word' id='word_1_199' title='bbox 534 3071 617 3113; x_wconf 86' lang='lat' dir='ltr'>mox</span> <span class='ocrx_word' id='word_1_200' title='bbox 641 3050 791 3131; x_wconf 91' lang='lat' dir='ltr'>irruens,</span> <span class='ocrx_word' id='word_1_201' title='bbox 812 3052 983 3115; x_wconf 92' lang='lat' dir='ltr'>truncatis</span> <span class='ocrx_word' id='word_1_202' title='bbox 1007 3072 1100 3134; x_wconf 90' lang='lat' dir='ltr'>pene</span> <span class='ocrx_word' id='word_1_203' title='bbox 1125 3063 1263 3136; x_wconf 89' lang='lat' dir='ltr'>septem</span> <span class='ocrx_word' id='word_1_204' title='bbox 1287 3064 1323 3117; x_wconf 90' lang='lat' dir='ltr'>et</span> <span class='ocrx_word' id='word_1_205' title='bbox 1348 3056 1479 3119; x_wconf 91' lang='lat' dir='ltr'>decem</span> 
     </span>
     <span class='ocr_line' id='line_1_26' title="bbox 188 3156 1479 3245; baseline 0.005 -25"><span class='ocrx_word' id='word_1_206' title='bbox 188 3158 342 3221; x_wconf 90' lang='lat' dir='ltr'>millibus</span> <span class='ocrx_word' id='word_1_207' title='bbox 365 3162 453 3221; x_wconf 91' lang='lat' dir='ltr'>urbe</span> <span class='ocrx_word' id='word_1_208' title='bbox 488 3158 631 3242; x_wconf 91' lang='lat' dir='ltr'>potitur.</span> <span class='ocrx_word' id='word_1_209' title='bbox 686 3156 1036 3240; x_wconf 88' lang='lat' dir='ltr'>Appropinquabant</span> <span class='ocrx_word' id='word_1_210' title='bbox 1069 3160 1206 3225; x_wconf 89' lang='lat' dir='ltr'>interea</span> <span class='ocrx_word' id='word_1_211' title='bbox 1236 3162 1282 3225; x_wconf 91' lang='lat' dir='ltr'>ad</span> <span class='ocrx_word' id='word_1_212' title='bbox 1315 3161 1479 3245; x_wconf 92' lang='lat' dir='ltr'>quinque</span> 
     </span>
     <span class='ocr_line' id='line_1_27' title="bbox 187 3263 1477 3351; baseline 0.005 -25"><span class='ocrx_word' id='word_1_213' title='bbox 187 3265 295 3328; x_wconf 90' lang='lat' dir='ltr'>millia</span> <span class='ocrx_word' id='word_1_214' title='bbox 324 3265 622 3329; x_wconf 89' lang='lat' dir='ltr'>ferocissimorum</span> <span class='ocrx_word' id='word_1_215' title='bbox 669 3265 849 3328; x_wconf 90' lang='lat' dir='ltr'>hominum</span> <span class='ocrx_word' id='word_1_216' title='bbox 892 3263 1109 3330; x_wconf 89' lang='lat' dir='ltr'>Savernanis</span> <span class='ocrx_word' id='word_1_217' title='bbox 1141 3268 1324 3351; x_wconf 89' lang='lat' dir='ltr'>suppetias</span> <span class='ocrx_word' id='word_1_218' title='bbox 1356 3271 1477 3350; x_wconf 91' lang='lat' dir='ltr'>laturi,</span> 
     </span>
     <span class='ocr_line' id='line_1_28' title="bbox 187 3371 1477 3457; baseline 0.005 -23"><span class='ocrx_word' id='word_1_219' title='bbox 187 3372 247 3453; x_wconf 91' lang='lat' dir='ltr'>qui</span> <span class='ocrx_word' id='word_1_220' title='bbox 271 3383 307 3435; x_wconf 90' lang='lat' dir='ltr'>et</span> <span class='ocrx_word' id='word_1_221' title='bbox 330 3393 401 3435; x_wconf 93' lang='lat' dir='ltr'>non</span> <span class='ocrx_word' id='word_1_222' title='bbox 425 3374 550 3453; x_wconf 91' lang='lat' dir='ltr'>procul</span> <span class='ocrx_word' id='word_1_223' title='bbox 575 3371 657 3435; x_wconf 90' lang='lat' dir='ltr'>hinc</span> <span class='ocrx_word' id='word_1_224' title='bbox 683 3372 718 3435; x_wconf 91' lang='lat' dir='ltr'>in</span> <span class='ocrx_word' id='word_1_225' title='bbox 743 3372 827 3435; x_wconf 92' lang='lat' dir='ltr'>villa</span> <span class='ocrx_word' id='word_1_226' title='bbox 852 3375 1004 3454; x_wconf 90' lang='lat' dir='ltr'>quadam</span> <span class='ocrx_word' id='word_1_227' title='bbox 1029 3375 1184 3457; x_wconf 90' lang='lat' dir='ltr'>obsessi,</span> <span class='ocrx_word' id='word_1_228' title='bbox 1219 3395 1297 3438; x_wconf 93' lang='lat' dir='ltr'>cum</span> <span class='ocrx_word' id='word_1_229' title='bbox 1321 3396 1388 3438; x_wconf 90' lang='lat' dir='ltr'>nec</span> <span class='ocrx_word' id='word_1_230' title='bbox 1415 3378 1477 3440; x_wconf 89' lang='lat' dir='ltr'>de·</span> 
     </span>
     <span class='ocr_line' id='line_1_29' title="bbox 189 3480 1476 3564; baseline 0.003 -23"><span class='ocrx_word' id='word_1_231' title='bbox 189 3481 273 3542; x_wconf 90' lang='lat' dir='ltr'>dere</span> <span class='ocrx_word' id='word_1_232' title='bbox 299 3500 377 3542; x_wconf 90' lang='lat' dir='ltr'>sese</span> <span class='ocrx_word' id='word_1_233' title='bbox 402 3501 468 3542; x_wconf 90' lang='lat' dir='ltr'>nec</span> <span class='ocrx_word' id='word_1_234' title='bbox 493 3480 696 3561; x_wconf 90' lang='lat' dir='ltr'>supplicare</span> <span class='ocrx_word' id='word_1_235' title='bbox 721 3482 895 3562; x_wconf 89' lang='lat' dir='ltr'>placeret,</span> <span class='ocrx_word' id='word_1_236' title='bbox 921 3489 993 3542; x_wconf 92' lang='lat' dir='ltr'>tum</span> <span class='ocrx_word' id='word_1_237' title='bbox 1018 3482 1167 3563; x_wconf 85' lang='lat' dir='ltr'>gladiis,</span> <span class='ocrx_word' id='word_1_238' title='bbox 1203 3491 1275 3544; x_wconf 93' lang='lat' dir='ltr'>tum</span> <span class='ocrx_word' id='word_1_239' title='bbox 1307 3481 1393 3564; x_wconf 84' lang='lat' dir='ltr'>igne</span> <span class='ocrx_word' id='word_1_240' title='bbox 1428 3484 1476 3545; x_wconf 89' lang='lat' dir='ltr'>ad</span> 
     </span>
     <span class='ocr_line' id='line_1_30' title="bbox 189 3587 1476 3673; baseline 0.004 -25"><span class='ocrx_word' id='word_1_241' title='bbox 189 3606 295 3649; x_wconf 90' lang='lat' dir='ltr'>unum</span> <span class='ocrx_word' id='word_1_242' title='bbox 321 3587 519 3668; x_wconf 89' lang='lat' dir='ltr'>consumpti</span> <span class='ocrx_word' id='word_1_243' title='bbox 543 3587 736 3668; x_wconf 90' lang='lat' dir='ltr'>perierunt.</span> <span class='ocrx_word' id='word_1_244' title='bbox 784 3588 897 3650; x_wconf 91' lang='lat' dir='ltr'>Porro</span> <span class='ocrx_word' id='word_1_245' title='bbox 921 3598 1130 3669; x_wconf 88' lang='lat' dir='ltr'>maturante,</span> <span class='ocrx_word' id='word_1_246' title='bbox 1155 3591 1262 3652; x_wconf 89' lang='lat' dir='ltr'>rebus</span> <span class='ocrx_word' id='word_1_247' title='bbox 1283 3589 1333 3651; x_wconf 89' lang='lat' dir='ltr'>ita</span> <span class='ocrx_word' id='word_1_248' title='bbox 1349 3591 1476 3673; x_wconf 89' lang='lat' dir='ltr'>gestis,</span> 
     </span>
     <span class='ocr_line' id='line_1_31' title="bbox 188 3692 1475 3779; baseline 0.004 -24"><span class='ocrx_word' id='word_1_249' title='bbox 188 3713 388 3774; x_wconf 90' lang='lat' dir='ltr'>regressum</span> <span class='ocrx_word' id='word_1_250' title='bbox 414 3694 597 3757; x_wconf 87' lang='lat' dir='ltr'>Anthonio</span> <span class='ocrx_word' id='word_1_251' title='bbox 622 3696 667 3756; x_wconf 90' lang='lat' dir='ltr'>ad</span> <span class='ocrx_word' id='word_1_252' title='bbox 692 3695 784 3756; x_wconf 84' lang='lat' dir='ltr'>XIII</span> <span class='ocrx_word' id='word_1_253' title='bbox 801 3696 871 3756; x_wconf 88' lang='lat' dir='ltr'>kal.</span> <span class='ocrx_word' id='word_1_254' title='bbox 888 3692 1012 3772; x_wconf 92' lang='lat' dir='ltr'>Junias</span> <span class='ocrx_word' id='word_1_255' title='bbox 1037 3715 1120 3758; x_wconf 86' lang='lat' dir='ltr'>ecce</span> <span class='ocrx_word' id='word_1_256' title='bbox 1145 3695 1272 3779; x_wconf 87' lang='lat' dir='ltr'>viginti</span> <span class='ocrx_word' id='word_1_257' title='bbox 1295 3717 1390 3779; x_wconf 91' lang='lat' dir='ltr'>pene</span> <span class='ocrx_word' id='word_1_258' title='bbox 1413 3700 1475 3760; x_wconf 91' lang='lat' dir='ltr'>ho-</span> 
     </span>
     <span class='ocr_line' id='line_1_32' title="bbox 188 3800 1476 3886; baseline 0.003 -23"><span class='ocrx_word' id='word_1_259' title='bbox 188 3801 317 3863; x_wconf 91' lang='lat' dir='ltr'>minum</span> <span class='ocrx_word' id='word_1_260' title='bbox 352 3801 504 3864; x_wconf 89' lang='lat' dir='ltr'>millibus</span> <span class='ocrx_word' id='word_1_261' title='bbox 543 3803 587 3863; x_wconf 92' lang='lat' dir='ltr'>ad</span> <span class='ocrx_word' id='word_1_262' title='bbox 629 3814 808 3864; x_wconf 87' lang='lat' dir='ltr'>certamen</span> <span class='ocrx_word' id='word_1_263' title='bbox 840 3801 975 3884; x_wconf 91' lang='lat' dir='ltr'>paratis</span> <span class='ocrx_word' id='word_1_264' title='bbox 1002 3800 1042 3864; x_wconf 91' lang='lat' dir='ltr'>fit</span> <span class='ocrx_word' id='word_1_265' title='bbox 1070 3802 1206 3866; x_wconf 91' lang='lat' dir='ltr'>obvius.</span> <span class='ocrx_word' id='word_1_266' title='bbox 1263 3803 1476 3886; x_wconf 88' lang='lat' dir='ltr'>Accingitur</span> 
     </span>
     <span class='ocr_line' id='line_1_33' title="bbox 190 3908 1475 3996; baseline 0.005 -27"><span class='ocrx_word' id='word_1_267' title='bbox 190 3917 338 3989; x_wconf 89' lang='lat' dir='ltr'>utraque</span> <span class='ocrx_word' id='word_1_268' title='bbox 364 3908 458 3970; x_wconf 87' lang='lat' dir='ltr'>acies</span> <span class='ocrx_word' id='word_1_269' title='bbox 483 3909 528 3969; x_wconf 93' lang='lat' dir='ltr'>ad</span> <span class='ocrx_word' id='word_1_270' title='bbox 548 3909 681 3970; x_wconf 91' lang='lat' dir='ltr'>bellum</span> <span class='ocrx_word' id='word_1_271' title='bbox 698 3908 779 3970; x_wconf 91' lang='lat' dir='ltr'>hinc</span> <span class='ocrx_word' id='word_1_272' title='bbox 795 3908 877 3970; x_wconf 92' lang='lat' dir='ltr'>inde</span> <span class='ocrx_word' id='word_1_273' title='bbox 895 3918 929 3970; x_wconf 89' lang='lat' dir='ltr'>et</span> <span class='ocrx_word' id='word_1_274' title='bbox 946 3920 1122 3971; x_wconf 88' lang='lat' dir='ltr'>tormenta</span> <span class='ocrx_word' id='word_1_275' title='bbox 1138 3910 1267 3972; x_wconf 89' lang='lat' dir='ltr'>bellica</span> <span class='ocrx_word' id='word_1_276' title='bbox 1290 3908 1355 3996; x_wconf 87' lang='lat' dir='ltr'>(illi</span> <span class='ocrx_word' id='word_1_277' title='bbox 1380 3912 1475 3975; x_wconf 89' lang='lat' dir='ltr'>enim</span> 
     </span>
     <span class='ocr_line' id='line_1_34' title="bbox 190 4014 1473 4100; baseline 0.005 -24"><span class='ocrx_word' id='word_1_278' title='bbox 190 4034 260 4076; x_wconf 91' lang='lat' dir='ltr'>non</span> <span class='ocrx_word' id='word_1_279' title='bbox 284 4015 452 4094; x_wconf 86' lang='lat' dir='ltr'>vulgares</span> <span class='ocrx_word' id='word_1_280' title='bbox 477 4025 511 4076; x_wconf 93' lang='lat' dir='ltr'>et</span> <span class='ocrx_word' id='word_1_281' title='bbox 535 4014 666 4076; x_wconf 90' lang='lat' dir='ltr'>abiecti</span> <span class='ocrx_word' id='word_1_282' title='bbox 686 4016 748 4077; x_wconf 89' lang='lat' dir='ltr'>sed</span> <span class='ocrx_word' id='word_1_283' title='bbox 773 4016 868 4076; x_wconf 92' lang='lat' dir='ltr'>bello</span> <span class='ocrx_word' id='word_1_284' title='bbox 893 4016 1148 4097; x_wconf 83' lang='lat' dir='ltr'>assuetissimi);</span> <span class='ocrx_word' id='word_1_285' title='bbox 1175 4017 1214 4080; x_wconf 93' lang='lat' dir='ltr'>fit</span> <span class='ocrx_word' id='word_1_286' title='bbox 1238 4027 1378 4100; x_wconf 86' lang='lat' dir='ltr'>strages</span> <span class='ocrx_word' id='word_1_287' title='bbox 1403 4041 1473 4082; x_wconf 91' lang='lat' dir='ltr'>non</span> 
     </span>
     <span class='ocr_line' id='line_1_35' title="bbox 192 4119 1473 4203; baseline 0.005 -21"><span class='ocrx_word' id='word_1_288' title='bbox 192 4120 389 4183; x_wconf 90' lang='lat' dir='ltr'>mediocris.</span> <span class='ocrx_word' id='word_1_289' title='bbox 436 4119 481 4182; x_wconf 89' lang='lat' dir='ltr'>Et</span> <span class='ocrx_word' id='word_1_290' title='bbox 505 4120 668 4202; x_wconf 86' lang='lat' dir='ltr'>profecto</span> <span class='ocrx_word' id='word_1_291' title='bbox 693 4141 827 4202; x_wconf 90' lang='lat' dir='ltr'>anceps</span> <span class='ocrx_word' id='word_1_292' title='bbox 852 4121 910 4183; x_wconf 90' lang='lat' dir='ltr'>diu</span> <span class='ocrx_word' id='word_1_293' title='bbox 927 4121 1086 4203; x_wconf 88' lang='lat' dir='ltr'>victoria,</span> <span class='ocrx_word' id='word_1_294' title='bbox 1111 4125 1201 4187; x_wconf 90' lang='lat' dir='ltr'>duce</span> <span class='ocrx_word' id='word_1_295' title='bbox 1226 4125 1369 4187; x_wconf 88' lang='lat' dir='ltr'>tandem</span> <span class='ocrx_word' id='word_1_296' title='bbox 1394 4127 1473 4190; x_wconf 90' lang='lat' dir='ltr'>Deo</span> 
     </span>
     <span class='ocr_line' id='line_1_36' title="bbox 193 4227 1473 4315; baseline 0.005 -26"><span class='ocrx_word' id='word_1_297' title='bbox 193 4227 326 4309; x_wconf 91' lang='lat' dir='ltr'>optimo</span> <span class='ocrx_word' id='word_1_298' title='bbox 351 4227 504 4290; x_wconf 90' lang='lat' dir='ltr'>maximo</span> <span class='ocrx_word' id='word_1_299' title='bbox 523 4228 621 4289; x_wconf 90' lang='lat' dir='ltr'>cuius</span> <span class='ocrx_word' id='word_1_300' title='bbox 637 4249 693 4290; x_wconf 90' lang='lat' dir='ltr'>res</span> <span class='ocrx_word' id='word_1_301' title='bbox 709 4230 895 4309; x_wconf 86' lang='lat' dir='ltr'>agebatur,</span> <span class='ocrx_word' id='word_1_302' title='bbox 919 4229 1148 4312; x_wconf 87' lang='lat' dir='ltr'>Lotharingis</span> <span class='ocrx_word' id='word_1_303' title='bbox 1164 4231 1262 4312; x_wconf 85' lang='lat' dir='ltr'>favit,</span> <span class='ocrx_word' id='word_1_304' title='bbox 1288 4232 1473 4315; x_wconf 88' lang='lat' dir='ltr'>caesisque</span> 
     </span>
     <span class='ocr_line' id='line_1_37' title="bbox 192 4333 1472 4422; baseline 0.005 -25"><span class='ocrx_word' id='word_1_305' title='bbox 192 4336 237 4397; x_wconf 92' lang='lat' dir='ltr'>ad</span> <span class='ocrx_word' id='word_1_306' title='bbox 263 4356 390 4398; x_wconf 87' lang='lat' dir='ltr'>novem</span> <span class='ocrx_word' id='word_1_307' title='bbox 415 4355 507 4417; x_wconf 89' lang='lat' dir='ltr'>pene</span> <span class='ocrx_word' id='word_1_308' title='bbox 532 4334 670 4397; x_wconf 91' lang='lat' dir='ltr'>illorum</span> <span class='ocrx_word' id='word_1_309' title='bbox 695 4333 1077 4416; x_wconf 87' lang='lat' dir='ltr'>impudentissimorum</span> <span class='ocrx_word' id='word_1_310' title='bbox 1102 4338 1265 4419; x_wconf 91' lang='lat' dir='ltr'>millibus,</span> <span class='ocrx_word' id='word_1_311' title='bbox 1285 4340 1413 4422; x_wconf 87' lang='lat' dir='ltr'>reliqui</span> <span class='ocrx_word' id='word_1_312' title='bbox 1438 4341 1472 4403; x_wconf 92' lang='lat' dir='ltr'>in</span> 
     </span>
     <span class='ocr_line' id='line_1_38' title="bbox 189 4440 1472 4525; baseline 0.006 -22"><span class='ocrx_word' id='word_1_313' title='bbox 189 4445 342 4524; x_wconf 91' lang='lat' dir='ltr'>abrupta</span> <span class='ocrx_word' id='word_1_314' title='bbox 365 4441 534 4504; x_wconf 91' lang='lat' dir='ltr'>montium</span> <span class='ocrx_word' id='word_1_315' title='bbox 559 4440 900 4523; x_wconf 87' lang='lat' dir='ltr'>angustissimosque</span> <span class='ocrx_word' id='word_1_316' title='bbox 924 4445 1037 4525; x_wconf 86' lang='lat' dir='ltr'>lucos,</span> <span class='ocrx_word' id='word_1_317' title='bbox 1070 4446 1139 4509; x_wconf 90' lang='lat' dir='ltr'>loci</span> <span class='ocrx_word' id='word_1_318' title='bbox 1162 4467 1203 4509; x_wconf 91' lang='lat' dir='ltr'>ac</span> <span class='ocrx_word' id='word_1_319' title='bbox 1227 4447 1342 4510; x_wconf 91' lang='lat' dir='ltr'>noctis</span> <span class='ocrx_word' id='word_1_320' title='bbox 1366 4451 1472 4511; x_wconf 91' lang='lat' dir='ltr'>bene·</span> 
     </span>
     <span class='ocr_line' id='line_1_39' title="bbox 192 4547 1473 4636; baseline 0.008 -27"><span class='ocrx_word' id='word_1_321' title='bbox 192 4547 277 4627; x_wconf 89' lang='lat' dir='ltr'>ficio</span> <span class='ocrx_word' id='word_1_322' title='bbox 297 4570 376 4611; x_wconf 89' lang='lat' dir='ltr'>sese</span> <span class='ocrx_word' id='word_1_323' title='bbox 404 4559 627 4630; x_wconf 87' lang='lat' dir='ltr'>receperunt.</span> <span class='ocrx_word' id='word_1_324' title='bbox 683 4547 824 4628; x_wconf 82' lang='lat' dir='ltr'>Quanta</span> <span class='ocrx_word' id='word_1_325' title='bbox 854 4559 971 4612; x_wconf 90' lang='lat' dir='ltr'>autem</span> <span class='ocrx_word' id='word_1_326' title='bbox 1001 4552 1041 4614; x_wconf 90' lang='lat' dir='ltr'>B.</span> <span class='ocrx_word' id='word_1_327' title='bbox 1074 4554 1113 4616; x_wconf 90' lang='lat' dir='ltr'>P.</span> <span class='ocrx_word' id='word_1_328' title='bbox 1142 4554 1210 4616; x_wconf 91' lang='lat' dir='ltr'>Dei</span> <span class='ocrx_word' id='word_1_329' title='bbox 1245 4555 1473 4636; x_wconf 87' lang='lat' dir='ltr'>providentia</span> 
     </span>
     <span class='ocr_line' id='line_1_40' title="bbox 189 4654 1471 4743; baseline 0.007 -28"><span class='ocrx_word' id='word_1_330' title='bbox 189 4654 224 4714; x_wconf 94' lang='lat' dir='ltr'>id</span> <span class='ocrx_word' id='word_1_331' title='bbox 247 4655 382 4737; x_wconf 85' lang='lat' dir='ltr'>negotii</span> <span class='ocrx_word' id='word_1_332' title='bbox 398 4655 622 4736; x_wconf 90' lang='lat' dir='ltr'>processerit,</span> <span class='ocrx_word' id='word_1_333' title='bbox 647 4654 754 4716; x_wconf 90' lang='lat' dir='ltr'>fuerit</span> <span class='ocrx_word' id='word_1_334' title='bbox 769 4655 973 4720; x_wconf 92' lang='lat' dir='ltr'>coniectura</span> <span class='ocrx_word' id='word_1_335' title='bbox 989 4656 1115 4740; x_wconf 87' lang='lat' dir='ltr'>facilis,</span> <span class='ocrx_word' id='word_1_336' title='bbox 1130 4660 1185 4723; x_wconf 90' lang='lat' dir='ltr'>his</span> <span class='ocrx_word' id='word_1_337' title='bbox 1200 4660 1260 4743; x_wconf 91' lang='lat' dir='ltr'>qui</span> <span class='ocrx_word' id='word_1_338' title='bbox 1275 4673 1348 4725; x_wconf 91' lang='lat' dir='ltr'>tres</span> <span class='ocrx_word' id='word_1_339' title='bbox 1365 4662 1471 4726; x_wconf 80' lang='lat' dir='ltr'>vIcto-</span> 
     </span>
     <span class='ocr_line' id='line_1_41' title="bbox 190 4760 1472 4852; baseline 0.008 -29"><span class='ocrx_word' id='word_1_340' title='bbox 190 4761 259 4824; x_wconf 83' lang='lat' dir='ltr'>rias</span> <span class='ocrx_word' id='word_1_341' title='bbox 284 4762 439 4845; x_wconf 90' lang='lat' dir='ltr'>quinque</span> <span class='ocrx_word' id='word_1_342' title='bbox 464 4761 639 4824; x_wconf 91' lang='lat' dir='ltr'>continuis</span> <span class='ocrx_word' id='word_1_343' title='bbox 663 4760 789 4823; x_wconf 91' lang='lat' dir='ltr'>diebus</span> <span class='ocrx_word' id='word_1_344' title='bbox 812 4763 966 4846; x_wconf 90' lang='lat' dir='ltr'>principi</span> <span class='ocrx_word' id='word_1_345' title='bbox 994 4766 1055 4828; x_wconf 84' lang='lat' dir='ltr'>vix</span> <span class='ocrx_word' id='word_1_346' title='bbox 1080 4769 1202 4831; x_wconf 90' lang='lat' dir='ltr'>decem</span> <span class='ocrx_word' id='word_1_347' title='bbox 1233 4781 1472 4852; x_wconf 89' lang='lat' dir='ltr'>pugnatorum</span> 
     </span>
    </p>
   </div>
   <div class='ocr_carea' id='block_1_3' title="bbox 0 0 1670 5580">
    <p class='ocr_par' dir='ltr' id='par_1_3' title="bbox 0 0 1670 5580">
     <span class='ocr_line' id='line_1_42' title="bbox 0 0 1670 5580; baseline 0 0"><span class='ocrx_word' id='word_1_348' title='bbox 0 0 1670 5580; x_wconf 95' lang='lat' dir='ltr'> </span> 
     </span>
    </p>
   </div>
  </div>
 </body>
</html>
