3330 5580
705 467 952 526 oollae*

189 628 306 691 ranza,
331 622 366 673 et
389 611 436 674 mi
459 617 620 693 parebbe
644 616 710 679 che
728 615 801 679 Sua
819 614 957 678 Santiti
973 614 1111 679 fecesse
1127 617 1326 699 procedere
1347 624 1482 680 contra

189 735 269 778 esso
294 737 359 798 per
383 719 403 779 l'
421 720 596 784 Auditore
621 724 665 785 de
689 724 725 787 la
748 743 898 789 camera.

279 872 363 887 ....
389 824 464 888 Con
489 838 614 909 questa
638 830 717 892 sara
741 849 811 892 una
835 829 893 891 del
916 827 1023 892 Seru>
1048 828 1227 911 Principe,
1249 831 1349 895 nella
1364 831 1478 911 quale

189 929 217 990 si
241 931 373 993 vedere
398 934 463 995 che
488 936 607 1014 quello
631 938 677 998 ho
702 937 826 999 scritto
850 948 886 998 et
922 936 1057 1001 chiesto
1090 935 1125 998 in
1160 935 1307 1003 materia
1345 955 1478 1018 grava·

188 1036 318 1100 minum
344 1038 362 1099 e
388 1059 474 1104 vero
506 1053 540 1103 et
570 1044 617 1104 ha
645 1043 669 1104 il
700 1042 931 1107 fondamento
963 1044 1030 1107 che
1061 1062 1126 1124 per
1156 1042 1177 1107 1²
1195 1045 1287 1112 altre
1323 1042 1397 1113 mie
1429 1043 1479 1105 ho

189 1143 321 1224 scritto,
347 1155 382 1208 et
406 1149 518 1227 perho
542 1149 664 1211 redico
689 1150 797 1214 che&
828 1150 1030 1215 necessario
1061 1149 1138 1214 fara
1170 1160 1303 1231 quanto
1337 1148 1479 1218 ultima·

189 1262 305 1312 mente
331 1254 376 1314 ho
400 1254 532 1319 scritto.
580 1256 649 1318 Tre
673 1258 794 1337 puncti
819 1260 947 1322 toccha
971 1254 1045 1320 Sua
1071 1255 1255 1338 Serenita,
1277 1276 1353 1321 uno
1377 1256 1426 1321 de
1453 1254 1480 1318 li

188 1359 386 1439 gravamini
412 1363 456 1423 de
482 1364 515 1424 la
539 1360 634 1425 Sede
661 1364 871 1444 Apostolica
899 1386 921 1428 a
952 1364 1049 1447 quali
1079 1364 1232 1444 bisogna
1267 1363 1479 1446 provenere

190 1476 364 1545 quatenus
396 1469 560 1532 videatur
592 1472 779 1535 honestum
817 1481 852 1535 et
883 1470 1086 1538 necessaria
1115 1470 1273 1552 provisio
1305 1492 1328 1533 a
1364 1469 1479 1552 quelli

190 1575 255 1635 che
279 1594 363 1636 vere
388 1595 476 1637 sono
500 1577 728 1658 gravamina,
762 1577 821 1639 alli
852 1577 932 1640 altri
965 1597 1004 1640 se
1028 1576 1161 1658 alleghi
1186 1586 1222 1647 et
1245 1577 1390 1645 adduce
1413 1577 1477 1647 bu·

190 1699 257 1741 ona
295 1681 443 1763 ragione
475 1703 585 1764 quare
623 1704 693 1746 non
734 1695 815 1747 sunt
845 1685 1014 1748 tollenda.
1068 1684 1098 1746 Il
1130 1685 1288 1749 secundo
1320 1683 1342 1745 ὲ
1372 1682 1420 1747 de
1453 1680 1477 1744 li

189 1787 387 1866 gravamini
412 1789 456 1851 de
481 1789 504 1852 li
529 1790 771 1853 Ecclesiastici
796 1791 832 1852 di
856 1789 1063 1869 Germania,
1093 1791 1126 1853 el
1150 1801 1246 1860 terzo
1272 1791 1318 1853 do
1343 1789 1369 1855 li
1394 1808 1475 1870 gra-

190 1895 320 1957 vamini
346 1897 391 1959 de
415 1897 566 1959 seculari
591 1898 650 1961 alli
675 1897 917 1975 ecclesiastici,
943 1907 978 1963 et
1003 1897 1119 1978 questi
1144 1897 1203 1960 dol
1222 1896 1333 1964 ultimi
1349 1896 1474 1978 puncti

190 2000 218 2062 si
242 2021 362 2082 ponno
388 2006 522 2068 lassare
546 2026 568 2069 a
591 2006 667 2068 loro
693 2007 757 2067 che
783 2004 886 2068 melio
911 2006 946 2068 la
969 2004 1164 2069 intendono
1189 2015 1224 2069 et
1247 2012 1473 2073 trattaranno

190 2108 244 2172 fra
268 2110 344 2171 loro
370 2110 405 2172 di
429 2111 577 2175 timedio
602 2121 638 2174 et
663 2113 945 2175 massimamente
970 2113 1035 2174 che
1059 2111 1096 2178 di
1127 2111 1187 2194 gia
1219 2112 1252 2174 el
1276 2111 1375 2181 ano
1399 2110 1473 2180 Ma·

187 2215 337 2296 guatino
363 2227 398 2278 et
423 2217 446 2280 li
470 2219 551 2281 altri
575 2219 704 2300 prelati
729 2220 788 2281 del
804 2219 936 2282 Rheno
961 2226 997 2280 et
1013 2217 1046 2281 d’
1060 2217 1141 2281 altri
1157 2216 1282 2300 luoghi
1299 2216 1333 2305 nf
1352 2218 1472 2280 hanno

188 2322 278 2384 fatto
304 2325 553 2387 consultationi
578 2325 706 2407 grandi
733 2346 840 2407 sopra
865 2324 938 2406 cio,
963 2324 1094 2407 perche
1119 2328 1191 2387 cosl
1215 2325 1262 2387 da
1287 2344 1343 2387 me
1368 2323 1472 2386 furon

190 2430 311 2492 muniti
337 2442 373 2492 et
396 2432 559 2495 ricercati
582 2433 618 2495 in
643 2433 749 2496 Dieta
772 2431 1087 2512 Nurembergensi,
1112 2440 1148 2494 et
1171 2430 1207 2492 di
1231 2429 1292 2512 poi
1313 2449 1381 2512 per
1403 2429 1472 2492 mie

190 2537 327 2599 lettere.

278 2642 419 2724 Quanto
444 2648 513 2708 alle
537 2668 621 2710 cose
646 2649 690 2711 de
714 2650 749 2710 la
767 2647 861 2726 fede,
878 2646 1009 2729 perche
1034 2666 1080 2707 ne
1104 2647 1138 2707 la
1162 2643 1271 2707 Dieta
1295 2663 1341 2707 ne
1366 2643 1472 2715 inter·

190 2751 386 2816 veniranno
419 2765 518 2817 tanto
553 2757 662 2838 degni
696 2755 824 2836 prelati
856 2774 925 2815 non
962 2772 1070 2833 posso
1102 2751 1266 2815 dubitare
1298 2752 1366 2814 che
1401 2770 1472 2813 non

191 2880 229 2921 se
261 2860 312 2940 gli
341 2859 456 2923 faccia
490 2865 608 2925 buona
633 2862 855 2944 provisione,
887 2859 1171 2924 massimamente
1203 2880 1268 2942 per
1298 2861 1422 2928 levare
1449 2857 1475 2921 li

190 2967 329 3029 tumulti
354 2977 390 3030 et
414 2969 562 3049 pericoli
587 2972 653 3032 che
678 2971 734 3032 ala
758 2969 924 3050 giornata
947 2987 1119 3049 sorgeno;
1148 2967 1172 3028 li
1197 2966 1293 3049 quali
1318 2987 1391 3031 non
1414 2968 1473 3031 ha·

191 3074 309 3136 vendo
334 3075 541 3155 provisione
566 3086 785 3158 porteranno
810 3075 927 3139 subita
963 3085 998 3137 et
1021 3076 1152 3136 acerba
1175 3072 1374 3155 penitentia
1406 3093 1475 3137 con

190 3180 259 3243 essi
299 3191 335 3243 et
371 3183 443 3245 tale
481 3184 546 3245 che
579 3182 640 3265 gia
680 3182 779 3245 molti
811 3183 893 3245 anni
934 3202 1004 3244 non
1037 3202 1075 3244 se
1111 3181 1368 3245 ricordaranno
1402 3200 1476 3244 una

191 3289 262 3350 tale
294 3308 359 3369 per
387 3289 578 3352 chroniche
611 3291 677 3352 che
712 3289 743 3352 ci
774 3289 965 3354 habbiano.
1020 3289 1090 3351 Per
1119 3298 1244 3370 questo
1276 3286 1359 3350 dico
1392 3289 1476 3370 quel

192 3396 258 3457 che
282 3397 373 3458 altra
397 3398 494 3458 volta
517 3398 564 3459 ho
589 3397 687 3459 detto
713 3398 778 3459 che
802 3397 836 3458 io
861 3415 930 3458 non
956 3395 1059 3459 stimo
1084 3395 1289 3474 commod0,
1321 3395 1476 3458 honore·

191 3503 273 3564 vole
298 3524 318 3564 o
343 3503 545 3567 necessario
570 3505 635 3566 che
660 3525 706 3566 un
731 3505 851 3583 legato
877 3524 914 3564 se
943 3502 979 3564 vi
1010 3501 1116 3581 trovi,
1148 3509 1185 3563 et
1217 3510 1477 3568 summamente

193 3628 248 3671 me
273 3610 374 3690 piace
400 3612 481 3692 quel
520 3612 584 3672 che
614 3610 853 3673 ultimamente
879 3609 922 3675 V.
957 3607 992 3672 S.
1026 3607 1140 3670 scrive
1171 3609 1238 3669 che
1266 3605 1309 3669 N.
1343 3605 1382 3671 S.
1415 3628 1477 3689 ap·

193 3717 295 3795 provi
321 3726 445 3798 questa
470 3717 648 3799 opinione.
697 3717 843 3780 Anchor
867 3715 920 3779 ch’
944 3715 978 3777 io
1006 3713 1109 3796 pensi
1141 3733 1238 3776 esser
1268 3715 1477 3778 necessario

194 3819 249 3882 iar
273 3824 307 3885 la
331 3824 428 3886 detta
453 3825 549 3887 bolla
573 3835 609 3887 et
633 3824 798 3905 operarla
823 3844 843 3885 o
867 3823 1090 3903 presentarla
1121 3820 1282 3901 segondo
1315 3821 1384 3883 che
1416 3841 1478 3902 pa·

196 3929 275 3991 rer‘a
300 3930 429 4011 meglio
454 3931 664 4009 servirsene,
689 3940 725 3992 et
749 3928 958 4011 parebbemi
982 3931 1048 3993 che
1065 3927 1095 3990 si
1111 3946 1324 4009 procurasse
1341 3928 1480 3997 havere

195 4036 246 4097 sei
271 4056 317 4098 on
342 4045 416 4098 otto
443 4037 640 4100 dottissime
664 4057 817 4117 persone
841 4037 876 4098 in
902 4034 1034 4099 diversi
1065 4034 1188 4116 luoghi
1221 4034 1256 4094 di
1281 4031 1479 4102 Germania

196 4144 261 4205 che
285 4143 442 4206 habbino
467 4164 552 4209 cura
575 4145 692 4206 subito
717 4146 782 4207 che
813 4163 896 4206 esca
929 4163 973 4205 un
998 4142 1089 4204 libro
1119 4142 1164 4204 de
1188 4139 1304 4223 questi
1328 4141 1478 4207 heretici

195 4249 306 4312 latino
331 4271 352 4313 o
378 4254 525 4333 vulgare
549 4251 774 4333 responderli
800 4262 836 4313 et
860 4250 1046 4332 divulgare
1070 4252 1104 4311 le
1127 4249 1298 4329 risposte,
1324 4244 1354 4309 a'
1381 4248 1478 4331 quali

198 4360 414 4421 basterebbe
448 4379 519 4421 una
551 4359 757 4440 provisione
783 4359 817 4420 di
841 4378 881 4420 cc
905 4357 1024 4419 ducati
1047 4375 1113 4436 per
1137 4353 1378 4422 ciaschaduno
1411 4375 1479 4437 per

198 4466 232 4526 la
261 4464 396 4528 fatieha
426 4476 462 4528 et
493 4486 558 4547 per
588 4468 624 4530 la
653 4487 769 4549 spesa,
823 4467 990 4529 Anchora
1022 4462 1193 4526 iudicarei
1221 4461 1426 4531 necessario
1456 4483 1477 4524 ο

198 4573 306 4634 molto
331 4573 416 4636 utile
441 4575 506 4639 che
530 4574 601 4636 alla
625 4574 721 4638 dieta
745 4571 934 4636 andassino
959 4571 1084 4631 alcune
1108 4587 1262 4650 persone
1286 4567 1387 4631 dotte
1411 4569 1477 4631 che

198 4698 269 4741 non
293 4699 490 4760 paressono
514 4682 680 4744 mandate
704 4682 751 4742 da
774 4678 810 4742 S.
836 4676 887 4740 St*
916 4697 974 4739 ma
997 4696 1097 4739 come
1121 4676 1168 4737 da
1192 4695 1230 4738 se
1253 4676 1300 4739 ad
1324 4674 1477 4745 eandem

200 4808 362 4868 causam,
396 4797 431 4853 et
460 4787 484 4854 li
516 4788 678 4869 segondo
710 4786 735 4848 il
763 4785 914 4868 bisogno
946 4783 1132 4851 difendere
1161 4783 1197 4849 la
1219 4779 1333 4847 verita
1358 4789 1395 4845 et
1417 4779 1475 4850 irn-
