3330 5580
803 693 855 756 18.

457 808 918 890 vicecancellarius
945 807 1195 889 Alcandrc.

392 1016 404 1029 ,
586 938 683 1010 (liunt.
702 937 827 996 (teman
846 937 876 995 n.
895 936 940 995 iol.
959 937 1075 1000 ie-t'l.)

334 1046 404 1105 (Dat.
426 1041 577 1091 Florentiae
597 1040 622 1089 6.
642 1041 720 1089 Febr.
741 1067 774 1077 -
795 1043 865 1093 Ree.
884 1040 1051 1089 Wormatiae
1073 1049 1113 1102 15.
1133 1040 1211 1089 Febr.
1235 1039 1322 1105 1521.)

400 1156 626 1221 Venerabilis
650 1155 716 1218 Vir
739 1155 866 1218 Amice
890 1164 1011 1217 noster
1034 1154 1237 1237 praecipue.

277 1268 359 1329 Alle
383 1277 504 1329 vostre
531 1265 575 1326 de
600 1262 724 1325 XXII.
750 1265 806 1325 del
831 1271 988 1342 passat0,
1013 1262 1109 1342 quali
1133 1261 1161 1324 si
1186 1281 1274 1324 sono
1298 1271 1470 1325 mostrate

188 1396 209 1435 a
234 1372 364 1435 Nostro
390 1371 558 1453 Signom,
589 1369 744 1449 bisogna
768 1388 860 1451 poco
885 1368 1105 1450 respondere
1136 1367 1270 1449 perche
1293 1368 1353 1448 gia
1378 1378 1414 1432 et
1438 1371 1471 1432 le

188 1481 284 1542 bolle
316 1488 352 1541 et
375 1479 483 1540 Brevi
514 1477 562 1538 da
584 1476 641 1538 voi
666 1476 790 1539 chiesti
815 1477 850 1538 vi
874 1495 964 1538 sono
988 1473 1071 1537 stati
1095 1475 1270 1555 mandati,
1302 1473 1378 1538 cosi
1400 1496 1477 1538 una

189 1587 224 1648 di
255 1586 393 1648 cambio
425 1584 484 1647 alli
509 1583 682 1647 Foccheri
715 1585 759 1646 de
792 1604 856 1662 400
888 1581 1023 1653 ducati;
1058 1589 1153 1644 resta
1184 1584 1278 1661 solo,
1312 1582 1378 1645 che
1411 1582 1473 1644 voi

189 1713 289 1756 come
328 1694 457 1754 havete
497 1690 745 1752 incominciato
782 1689 970 1771 segnitiate
1006 1689 1400 1771 prudentissimamente
1436 1699 1473 1753 et

189 1821 255 1863 con
281 1799 397 1862 animo
422 1797 610 1880 gagliardo
635 1797 870 1878 supplicando
891 1807 926 1859 et
942 1797 1192 1880 persuadendo
1209 1795 1340 1858 Cesare
1356 1795 1474 1859 faccia

190 1926 289 1968 come
319 1905 357 1968 fa
386 1904 408 1966 l'
422 1903 540 1967 officio
576 1904 611 1966 di
643 1903 818 1967 catholico
850 1915 886 1965 et
917 1902 1215 1967 Christianissimo
1241 1903 1472 1985 Imperatore,

190 2025 225 2075 et
250 2033 350 2085 come
374 2010 612 2093 primogenito
637 2010 771 2091 figliolo
796 2021 832 2073 et
852 2013 1026 2073 honorato
1045 2031 1151 2093 sopra
1165 2010 1247 2073 tutti
1264 2011 1360 2073 dalla
1375 2008 1472 2073 Sede

191 2119 417 2202 Apostolica,
456 2138 564 2199 sopra
593 2117 673 2180 tutti
707 2120 822 2181 anche
856 2118 965 2198 voglii
1000 2117 1208 2181 defenderla
1240 2116 1393 2180 maxime
1426 2119 1473 2180 da

190 2226 306 2308 questi
339 2224 497 2288 Heretici
528 2225 673 2307 perfidi,
709 2224 805 2306 quali
838 2245 906 2287 non
937 2244 1063 2288 manco
1088 2244 1288 2307 procurano
1314 2225 1348 2286 la
1371 2224 1474 2287 ruina

191 2335 225 2395 di
257 2332 331 2396 Sua
363 2331 502 2395 Maesta
538 2343 573 2410 et
607 2332 688 2395 dell’
701 2332 851 2413 imperio
882 2334 949 2394 che
985 2333 1079 2394 della
1113 2332 1196 2394 fede
1230 2331 1407 2394 catholica
1437 2340 1476 2394 et

191 2441 311 2503 chiesa
336 2441 512 2504 Romana.
560 2439 691 2503 Nostro
717 2440 870 2521 signore
895 2441 941 2502 ha
965 2459 1099 2502 sommo
1123 2439 1266 2521 piacere
1293 2440 1359 2501 che
1391 2439 1474 2519 quel

192 2545 477 2628 Religiosissimo
502 2556 537 2609 et
562 2545 791 2609 devotissimo
815 2546 928 2627 padre
953 2544 1168 2608 Confessore
1193 2544 1227 2606 di
1244 2542 1318 2607 Sua
1334 2544 1476 2607 Maesta

191 2655 219 2715 si
251 2653 373 2715 rirrcvi
397 2655 419 2714 ll
451 2663 486 2715 et
510 2653 632 2716 mostri
655 2661 756 2716 tanto
780 2652 924 2715 fervore
948 2651 983 2714 in
1008 2652 1153 2715 servitio
1177 2653 1213 2715 di
1238 2650 1311 2715 Sua
1335 2649 1475 2714 Santitai

192 2773 226 2822 ct
251 2763 344 2823 della
369 2759 480 2822 Santa
503 2759 597 2822 Sede
623 2760 848 2841 Apostolica,
874 2771 909 2824 et
933 2759 968 2822 vi
992 2769 1181 2822 commette
1205 2761 1239 2822 lo
1263 2759 1476 2840 ringratiate

192 2880 226 2929 et
252 2867 453 2931 exhortiate
478 2867 525 2929 da
555 2877 658 2949 parte
689 2868 725 2930 di
750 2866 823 2931 Sua
847 2866 1074 2929 Beatitudine
1104 2888 1126 2930 a
1156 2886 1407 2948 perseverare,
1440 2876 1477 2929 et

192 2996 256 3056 per
281 2977 313 3037 le
337 2977 431 3037 bone
456 2995 565 3056 opere
589 2976 634 3036 ha
659 2974 747 3036 fatte
772 2974 817 3036 fin
842 2971 901 3055 qui
918 2973 941 3035 li
963 2974 1093 3036 manda
1109 2972 1204 3035 mille
1221 2972 1476 3053 Benedittioni,

192 3095 227 3143 et
258 3082 422 3145 desidera
452 3082 639 3145 occasione
672 3083 708 3143 di
732 3082 873 3163 poterlo
897 3078 1117 3161 gratificare;
1150 3078 1209 3141 voi
1232 3079 1370 3142 intanto
1395 3101 1476 3162 sup·

192 3191 278 3271 plite
302 3189 560 3271 mostrandogli
585 3190 619 3252 la
643 3192 738 3252 bona
762 3189 907 3252 volonta
933 3198 968 3250 et
983 3187 1101 3249 animo
1118 3187 1154 3249 di
1171 3186 1302 3249 Nostro
1319 3171 1475 3268 Signore

192 3317 295 3358 verso
319 3295 378 3359 lui.
418 3294 447 3358 ll
471 3295 662 3359 medesimo
688 3295 806 3358 officio
831 3295 905 3358 fate
929 3315 997 3357 con
1022 3294 1130 3376 quelli
1152 3294 1310 3376 Principi
1335 3305 1371 3357 et
1387 3295 1476 3357 Con·

193 3403 328 3485 siglieri
352 3402 527 3466 Catholici
559 3404 715 3466 secondo
747 3424 834 3485 pare
859 3424 880 3465 a
904 3402 962 3465 voi
988 3403 1194 3465 mostrando
1218 3423 1240 3464 a
1264 3401 1344 3464 tutti
1368 3402 1392 3463 il
1416 3422 1475 3483 pe·

193 3511 304 3574 riculo
329 3512 465 3592 grande
490 3512 549 3574 nel
573 3513 677 3591 quale
703 3511 771 3572 essi
796 3511 825 3572 si
849 3521 1000 3572 trovano
1023 3530 1088 3591 per
1113 3510 1147 3571 la
1171 3510 1310 3572 heresia
1335 3519 1369 3571 ct
1398 3529 1476 3590 pes·

193 3618 280 3681 simo
313 3618 447 3681 scriver
475 3628 510 3680 et
539 3618 727 3699 predicare
757 3617 793 3680 di
826 3627 952 3698 questo
986 3616 1125 3680 ribaldo
1149 3619 1254 3698 quale
1279 3637 1347 3679 non
1373 3637 1479 3680 cerea

194 3727 285 3788 altro
317 3727 383 3788 che
413 3727 594 3808 deponere
619 3724 628 3787 i
655 3724 791 3788 Grandi
815 3723 1056 3786 Ecclesiastici
1089 3733 1123 3786 et
1153 3723 1235 3786 laici
1260 3732 1295 3786 et
1319 3723 1478 3787 excitare

196 3835 218 3893 il
249 3835 359 3915 vulgo
393 3841 428 3894 et
459 3835 494 3896 la
524 3835 648 3914 plebe,
683 3845 717 3894 et
742 3853 764 3894 a
787 3843 913 3913 questo
946 3833 1052 3893 tende
1084 3840 1175 3893 tutto
1200 3830 1224 3893 il
1248 3852 1311 3893 suo
1336 3851 1478 3894 veneno

195 3939 230 4001 di
261 3939 431 4002 suscitare
462 3940 600 4003 tumulti
635 3949 671 4002 et
702 3939 860 4002 scandali
892 3948 927 4000 et
959 3949 1107 4001 mettere
1138 3938 1218 4001 tutti
1249 3938 1259 4000 i
1287 3937 1410 4019 populi
1441 3938 1478 4000 in

194 4045 276 4109 foco
309 4057 344 4108 et
374 4046 513 4109 fiamma
547 4057 671 4110 contra
694 4046 706 4108 i
730 4048 811 4109 loro·
840 4045 1031 4127 superiori,
1063 4045 1099 4107 in
1131 4046 1236 4108 nrodo
1266 4047 1331 4107 che
1355 4045 1384 4107 si
1409 4045 1480 4108 essi

195 4153 339 4236 Signori
363 4153 479 4216 finche
503 4156 623 4217 hanno
647 4155 682 4215 in
707 4174 812 4215 mano
837 4155 871 4215 la
895 4152 1048 4234 podesta
1073 4173 1142 4215 non
1168 4154 1192 4214 li
1216 4154 1425 4234 provedono
1442 4152 1477 4214 in

195 4271 320 4342 questa
344 4260 451 4323 Dieta
482 4282 549 4324 con
580 4260 727 4324 remedii
752 4259 910 4342 presenti
935 4269 971 4322 et
994 4259 1190 4339 fortissimi,
1222 4259 1309 4322 detti
1335 4257 1480 4341 Signori

196 4388 350 4431 saranno
375 4367 385 4429 i
410 4367 514 4449 primi
539 4389 560 4429 a
584 4367 699 4449 patire
724 4368 801 4430 loro
827 4378 862 4429 et
886 4367 1037 4447 ruinare,
1066 4378 1101 4428 et
1126 4368 1150 4429 il
1174 4367 1280 4429 succo
1305 4384 1431 4430 acceso
1456 4370 1479 4430 ll

195 4475 230 4536 in
256 4474 447 4538 Germania
477 4474 604 4536 arderia
635 4474 748 4555 prima
776 4454 894 4555 quella
919 4475 1061 4537 natione
1086 4486 1122 4536 et
1147 4474 1239 4536 lochi
1264 4473 1286 4535 li
1313 4474 1373 4554 pilu
1400 4495 1479 4556 pro-

196 4559 318 4662 pinqui
343 4582 407 4643 che
432 4580 547 4661 questi
573 4582 640 4662 qua
665 4582 710 4643 de
736 4580 838 4643 Italia
863 4591 898 4642 et
922 4581 1016 4643 della
1033 4581 1171 4645 Chiesa.
1208 4581 1295 4642 Fate
1322 4581 1406 4663 ogni
1432 4582 1479 4643 in-

196 4689 327 4750 stantia
342 4699 376 4750 et
398 4687 513 4750 sforzo
534 4689 600 4750 che
613 4687 754 4767 Cesare‚
770 4686 993 4768 MaguntinO,
1012 4687 1163 4767 Cevrex,
1179 4687 1203 4748 il
1214 4686 1428 4749 Confessore
1446 4696 1481 4751 et

197 4794 304 4878 quelli
320 4795 401 4857 altri
413 4792 557 4878 Signori
576 4794 685 4857 fedeli
704 4793 732 4856 si
751 4794 913 4876 sveglino
934 4804 969 4856 et
986 4795 1075 4857 hora
1096 4796 1185 4855 hora
1205 4794 1297 4855 nella
1313 4806 1480 4876 presente
