3330 5580
706 444 1049 500 0-ζ3322ῦ-ο»

192 589 321 652 lectum
343 586 452 651 filium
476 597 633 652 nostrum
658 588 882 653 Cardinalem
907 574 1157 674 Campegium,
1190 592 1294 674 hujus
1318 589 1474 656 Sanctae

192 693 311 774 Sedis,
336 707 371 758 et
395 705 552 758 nostrum
578 696 622 757 de
647 696 775 759 Latere
800 697 974 780 Legatum
1000 719 1070 761 non
1095 697 1172 761 sine
1195 697 1377 762 Caesarae
1400 698 1473 763 Ma·

187 802 327 884 jestatis
350 804 532 865 voluntate
556 803 646 865 istuc
670 802 878 867 mittendum
908 805 1189 886 decreverimus,
1220 825 1288 887 pro
1321 825 1475 882 commu·

191 908 293 973 nibus
328 909 435 973 totius
467 910 704 991 Reipublicae
736 911 958 975 Christianae
994 911 1187 975 commodis
1195 959 1204 993 ,
1240 911 1476 977 Nobilitatem

190 1025 286 1080 tuam
310 1019 492 1079 hortamur
514 1016 548 1079 in
573 1016 743 1099 Domino,
768 1027 804 1081 et
828 1030 977 1100 paterne
1001 1018 1233 1101 requirimus,
1256 1030 1297 1081 ut
1319 1039 1390 1101 pro
1414 1029 1475 1084 tuo

190 1122 366 1207 Principis
380 1122 523 1205 Imperii
541 1122 670 1204 offici0,
689 1135 725 1187 et
737 1124 843 1188 solita
857 1145 946 1208 erga
953 1127 1070 1189 Deum
1077 1127 1223 1208 pietate,
1235 1145 1378 1208 proque
1387 1127 1476 1190 eius·

190 1233 281 1312 dem,
297 1241 333 1295 et
349 1241 410 1295 tuo
425 1233 571 1314 honore,
588 1233 633 1294 ad
647 1230 869 1296 Conventum
882 1231 1141 1316 Norimbergae
1154 1233 1337 1314 indictum,
1350 1233 1382 1296 si
1395 1253 1476 1316 pro·

190 1338 304 1401 fectus
328 1358 398 1401 non
424 1359 472 1418 es,
496 1337 684 1421 proficisci,
709 1359 750 1402 ac
775 1349 897 1403 nostro
920 1339 1069 1422 Legato,
1093 1340 1305 1422 praesertim
1330 1361 1375 1403 ea
1400 1340 1476 1423 dig·

190 1445 301 1509 nitate
324 1445 534 1528 hujusmodi,
560 1455 595 1508 et
619 1465 684 1527 pro
709 1455 781 1509 tam
806 1446 1008 1510 necessaria
1032 1467 1140 1510 causa
1155 1448 1201 1510 ad
1216 1467 1280 1510 vos
1301 1447 1477 1528 venienti,

190 1573 261 1616 non
285 1555 391 1617 modo
416 1563 527 1616 tutum
552 1552 634 1634 iter,
658 1553 930 1634 transitumque,
955 1562 991 1616 et
1014 1574 1165 1634 moram,
1190 1554 1254 1617 sed
1276 1553 1477 1635 benignam

191 1661 456 1743 exceptionem,
481 1660 611 1723 tamin
636 1658 823 1724 Conventu
847 1660 940 1743 ipso,
971 1681 1075 1743 quam
1101 1660 1231 1743 ubique
1255 1680 1477 1742 procurare;

190 1767 294 1850 eique
312 1767 405 1831 omni
424 1788 504 1851 ope,
521 1776 555 1830 et
573 1788 684 1850 opera
700 1769 827 1831 adesse
839 1767 939 1831 velis.
965 1766 1069 1849 Quod
1077 1767 1476 1831 Nobilitatituaehono·

189 1874 339 1956 riiicum,
364 1884 399 1938 et
423 1894 630 1955 congruum,
656 1874 758 1937 nobis
782 1895 868 1938 vero
893 1895 1001 1957 supra
1025 1895 1130 1956 quam
1154 1875 1225 1937 dici
1248 1874 1382 1956 possit,
1408 1873 1478 1938 erit

190 1989 341 2063 gratum.
388 1982 470 2044 Dat.
495 1982 635 2045 Romae
660 1991 726 2045 etc.
751 1982 808 2045 die
824 1982 945 2045 XVII.
970 1981 1127 2062 Januarii
1157 2002 1250 2062 15²4·
1290 1981 1401 2044 Anno
1424 1990 1476 2063 p⁰.

279 2102 403 2169 Simile
427 2106 503 2168 H0¹¹
527 2106 563 2169 in
588 2105 703 2169 Albis.
736 2141 779 2151 -
813 2104 934 2169 Simile
958 2106 1046 2188 Ep0.
1078 2106 1115 2169 in
1139 2105 1254 2169 Albis.
1278 2142 1322 2150 —
1348 2102 1476 2169 Simile

189 2212 329 2278 Enrico.

277 2319 369 2384 Duci
393 2319 625 2385 Brunsuicen.

279 2425 402 2491 Simile
426 2426 583 2489 Henrico
607 2426 699 2490 Duci
723 2426 912 2491 Busuicen.

278 2532 401 2598 Simile
424 2533 603 2598 Hernesto
627 2534 717 2619 Epo.
742 2533 924 2598 Patavien.

723 2731 927 2743 νννΝΜΜΝνἉ

791 2962 864 3028 144.

426 3076 523 3160 card.
552 3078 656 3160 Arrh.
685 3078 919 3180 Moguntinus
947 3077 1120 3159 clementi
1146 3076 1224 3159 vn.

607 3225 1053 3301 (mmmmmm

668 3337 721 3403 (ιο.
740 3339 878 3388 Februarii
900 3341 987 3405 1524.)

276 3470 487 3534 Beatissime
512 3480 547 3534 et
572 3471 843 3535 clementissime
871 3472 905 3535 in
931 3471 1070 3535 Christo
1099 3479 1202 3551 pater
1235 3478 1271 3533 et
1303 3471 1472 3555 Domine,

187 3577 340 3640 Domine
355 3577 401 3639 mi
423 3578 525 3641 unice
544 3577 800 3642 colendissime.
829 3579 917 3641 Post
940 3577 1106 3640 humilem
1124 3576 1471 3642 commendationem

188 3685 319 3766 pedum
344 3686 465 3748 oscula
485 3687 681 3749 beatorum.
727 3684 879 3749 Vestrae
896 3684 1133 3748 Beatitudinis
1149 3684 1284 3747 litteras
1299 3682 1335 3746 in
1352 3682 1472 3749 forma

190 3790 319 3856 Brevis
342 3792 464 3855 debita
489 3813 567 3855 cum
592 3793 794 3855 reverentia
817 3792 959 3874 accepi,
985 3813 1031 3855 ex
1055 3791 1183 3874 quibus
1207 3791 1369 3854 intellexi
1393 3813 1473 3856 ves·

188 3908 277 3964 tram
309 3895 542 3963 Sanctitatem
576 3898 778 3962 decrevisse
802 3899 1154 3963 Reverendissimum
1183 3898 1218 3960 in
1243 3897 1385 3960 Christo
1410 3920 1472 3982 pa-

188 4015 277 4070 trem
298 4016 334 4069 et
350 4005 540 4068 Dominum
558 4005 785 4068 Laurentium
808 4005 900 4068 tituli
925 4003 961 4070 S.
980 4004 1193 4068 Anastasiae
1217 4006 1473 4086 presbyterum

188 4113 404 4176 cardinalem
441 4111 645 4195 Campeium
685 4112 874 4175 Dominum
911 4112 1059 4175 amicum
1099 4119 1134 4174 et
1173 4110 1318 4174 fratrem
1352 4131 1473 4175 meum

189 4219 431 4283 charissimum
454 4220 532 4281 loco
549 4217 670 4281 Nuntii
685 4216 884 4303 Aposto'lici
901 4219 1075 4301 Legatum
1099 4219 1144 4281 de
1169 4219 1280 4281 latere
1304 4217 1350 4280 ad
1375 4218 1473 4301 prin·

190 4326 307 4409 cipum
331 4326 473 4407 Imperii
498 4324 719 4389 Conventum
744 4327 1025 4408 Nurembergam
1049 4325 1269 4406 mittendum,
1294 4322 1354 4406 qui
1384 4336 1471 4388 tem·

187 4453 312 4515 porum
336 4432 480 4496 istorum
510 4432 678 4513 periculis
709 4433 897 4515 provideat
925 4431 1255 4514 haereticorumque
1289 4430 1473 4495 audatiam

190 4539 340 4603 Vestrae
364 4538 600 4604 Beatitudinis
625 4540 767 4603 nomine
785 4548 984 4625 componat.
1009 4539 1114 4603 Hunc
1131 4547 1168 4600 ut
1185 4538 1474 4602 commendatum

188 4647 377 4731 suscipiam
402 4658 551 4729 paterne
570 4666 626 4709 me
650 4647 821 4711 hortatur.
861 4648 941 4711 Hoc
959 4667 1044 4710 sane
1059 4644 1297 4709 Beatitudinis
1314 4644 1473 4710 Vestrae

187 4754 498 4837 prudentissimum
523 4752 705 4817 consilium
731 4773 801 4835 quo
825 4757 932 4818 rebus
955 4754 1138 4817 Ecclesiae
1155 4774 1226 4817 non
1242 4752 1474 4819 mediocriter
