3344 5564
660 451 718 513 00
757 435 808 514 nis
848 431 905 512 (ςέο

146 600 234 663 simo
259 603 330 664 alla
353 602 561 665 defensione
586 624 694 685 sopra
718 605 798 667 tutti
824 614 858 665 et
883 615 1088 666 veramente
1104 605 1270 665 mandato
1296 604 1342 665 da
1356 604 1424 666 Dio

146 727 167 769 a
182 707 351 771 benefitio
368 689 568 773 universale
591 709 645 772 de'
660 711 852 773 christiani.
902 711 979 772 Non
1006 711 1041 771 vi
1065 720 1286 791 potressemo
1311 712 1425 790 expri-

146 835 243 877 mere
267 816 291 877 11
316 826 483 880 contento
509 819 574 879 che
599 816 640 880 N.
674 816 710 880 S.
744 820 791 880 ha
824 818 973 899 pigliato
1010 817 1155 878 insieme
1185 819 1240 878 col
1273 817 1425 898 collegio

147 931 182 984 et
205 924 240 984 le
263 924 379 1005 gratie
404 932 439 985 et
463 923 691 987 beneditione
717 928 782 987 che
807 925 835 986 si
859 926 978 987 hanno
1011 935 1046 986 et
1077 923 1295 986 referiscono
1328 947 1348 987 a
1385 946 1424 985 su

146 1027 223 1092 Ces.
249 1029 398 1093 Maesta.
446 1030 563 1093 Furno
592 1030 652 1112 poi
677 1033 762 1094 lette
794 1034 828 1094 le
859 1033 985 1092 lettere
1019 1032 1159 1094 comuni
1190 1033 1246 1094 del
1278 1033 1424 1094 Protho-

146 1136 285 1199 notario
312 1147 346 1200 et
369 1146 490 1200 vostre
515 1139 560 1200 de
584 1136 682 1199 XIX
717 1148 752 1199 et
784 1138 934 1200 XXVII
968 1140 1024 1201 del
1059 1151 1203 1220 passato
1236 1161 1302 1201 con
1334 1161 1423 1221 gran

146 1244 453 1307 commendatione
478 1246 522 1306 de
547 1245 655 1307 l’uno
681 1255 715 1306 et
739 1245 761 1307 1'
777 1249 868 1308 altro
894 1255 928 1306 et
953 1247 1066 1308 anche
1097 1268 1118 1308 a
1150 1247 1208 1307 voi
1240 1248 1274 1308 in
1300 1259 1424 1328 questa

146 1369 230 1411 cosa
255 1352 284 1412 si
309 1351 425 1414 hanno
450 1372 520 1415 non
545 1354 673 1434 volgar
696 1353 915 1434 gratitudine
941 1362 975 1415 et
999 1352 1034 1414 vi
1059 1354 1087 1414 si
1103 1353 1245 1433 impone
1271 1355 1304 1415 di
1330 1375 1424 1416 novo

145 1458 339 1539 regratiate
363 1458 592 1522 humilmente
617 1480 657 1522 su
680 1460 819 1522 Maesta
837 1471 872 1520 et
889 1461 995 1540 quelli
1014 1460 1147 1539 signori
1173 1481 1272 1522 come
1296 1462 1425 1542 pareri

146 1565 216 1627 alla
232 1565 420 1645 prudentia
437 1576 557 1628 vostro
574 1565 745 1647 meritin0‚
770 1566 793 1628 11
808 1565 855 1627 Sri
878 1566 1017 1628 elettori
1035 1567 1186 1629 maxime
1204 1567 1424 1647 Magontino,

147 1670 292 1734 Treveri
329 1682 364 1733 et
389 1672 691 1756 Brandenburgh,
728 1675 760 1736 01
790 1673 1085 1736 reverendissimo
1119 1685 1154 1735 et
1188 1677 1423 1737 observantis·

148 1776 234 1839 simo
258 1779 295 1840 di
319 1788 444 1859 questa
474 1779 586 1842 Santa
610 1778 705 1842 Sede
729 1778 957 1859 Sedunense,
990 1782 1022 1841 el
1053 1781 1246 1844 Confessor
1279 1793 1313 1844 et
1345 1784 1424 1844 altri

150 1885 302 1948 secondo
326 1886 402 1948 loro
427 1887 530 1966 gradi
555 1897 590 1948 et
614 1887 728 1949 meriti
759 1887 944 1950 offerendo
975 1909 995 1948 a
1028 1889 1105 1948 tutti
1141 1890 1206 1951 che
1238 1889 1272 1949 in
1305 1891 1423 1969 quello

152 1988 177 2049 si
198 1992 301 2072 petra
330 2013 484 2056 saranno
515 2014 656 2075 sempre
688 1994 915 2057 riconosciuti
949 1996 994 2056 da
1028 2005 1152 2074 questa
1185 1996 1295 2058 santa
1328 1995 1422 2058 Sede

154 2108 182 2157 et
205 2101 299 2161 dalla
324 2099 507 2182 benignita
532 2110 567 2162 et
592 2101 780 2164 clementia
804 2102 839 2163 di
863 2101 905 2163 N.
932 2099 994 2162 Sd.

234 2206 287 2268 La
310 2208 467 2270 seconda
490 2210 586 2271 bolla
620 2220 744 2272 contra
776 2209 930 2271 Martino
965 2211 1040 2270 solo
1075 2207 1109 2270 vi
1142 2208 1171 2270 si
1202 2211 1330 2271 mando
1364 2211 1422 2291 gin

148 2309 206 2387 piir
230 2313 361 2395 giorni,
387 2325 422 2376 et
453 2317 578 2377 alcune
612 2315 728 2397 gratie
761 2336 861 2378 come
899 2337 942 2377 un
976 2319 1087 2378 breve
1119 2338 1185 2398 per
1213 2319 1295 2398 quel
1332 2318 1422 2379 frate

136 2420 371 2494 predicatore
404 2423 480 2484 ord.
506 2422 542 2485 S.
567 2423 744 2485 Dominici
774 2424 839 2484 che
864 2423 1010 2504 predico
1039 2424 1073 2484 in
1098 2425 1298 2503 Magontia3
1335 2425 1369 2486 vi
1395 2426 1422 2486 si

127 2522 148 2583 ἑ
188 2528 245 2608 poi
272 2530 439 2590 mandato
464 2549 534 2591 una
559 2530 592 2591 di
618 2529 756 2592 cambio
790 2531 823 2591 di
851 2530 944 2592 mille
969 2531 1087 2592 ducati
1117 2552 1181 2613 per
1214 2533 1299 2593 dare
1328 2532 1422 2592 mille

111 2627 257 2697 fiorini
282 2636 339 2699 all'
356 2635 528 2709 officiale;
553 2657 591 2699 se
616 2658 637 2698 a
661 2637 741 2699 tutti
766 2639 836 2699 duo
861 2638 918 2700 voi
944 2658 1132 2718 paressero
1160 2649 1306 2719 troppo,
1340 2640 1422 2700 date

95 2731 191 2801 lui
217 2753 349 2825 quanto
374 2743 408 2804 vi
433 2764 530 2826 pare,
556 2743 579 2806 11
597 2754 693 2806 resto
711 2744 911 2806 distribuite
937 2766 957 2806 a
976 2746 1223 2825 qualcheduno
1240 2745 1323 2806 delli
1342 2746 1421 2806 altri

82 2836 362 2928 benemeriti,
388 2853 605 2914 reservando
630 2873 695 2933 per
721 2852 788 2931 voi,
815 2873 916 2914 mess.
943 2852 1161 2932 Hieronymo
1186 2852 1208 2912 li
1225 2872 1290 2929 300
1305 2851 1421 2913 fiorini

69 2961 156 3011 ⁰0
174 2976 243 3019 nne
267 2977 333 3039 per
356 2958 377 3018 l’
392 2959 481 3019 altra
510 2958 547 3019 fu
572 2959 704 3021 scritto.
753 2958 793 3020 Li
819 2964 860 3020 00
886 2959 1004 3020 ducati
1030 2962 1094 3021 che
1119 2959 1338 3020 rimanevate
1364 2962 1420 3020 de·

62 3047 113 3118 bi
141 3071 259 3126 tore
283 3085 305 3126 a
329 3065 514 3127 Bernardo
540 3065 623 3128 Brai
648 3067 765 3128 subito
790 3067 812 3127 11
838 3069 989 3128 havemo
1021 3067 1099 3127 fatti
1124 3087 1260 3147 pagare
1285 3089 1306 3128 a
1323 3068 1420 3128 detto

54 3154 330 3235 [ἴε-31110100
356 3181 391 3234 et
415 3173 449 3235 vi
474 3193 513 3235 se
538 3194 581 3234 ne
608 3173 643 3234 fa
667 3194 712 3235 un
739 3183 922 3254 presente;
948 3176 980 3235 el
1005 3173 1134 3234 salario
1171 3182 1291 3235 vostro
1328 3176 1422 3236 della

50 3261 290 3342 libraria
319 3279 354 3340 vi
385 3280 526 3341 correra
559 3300 623 3360 per
659 3281 780 3341 avanti
813 3301 913 3342 come
949 3280 1077 3361 prima,
1114 3288 1149 3340 et
1184 3290 1310 3360 questa
1344 3282 1420 3343 010

46 3391 77 3434 m
103 3378 153 3439 ἰ
179 3386 329 3448 11001(ηο
353 3396 455 3467 parte
481 3387 538 3448 del
564 3389 655 3448 bene
686 3387 727 3449 N.
753 3385 804 3447 8¹¹⁰
839 3398 874 3448 et
905 3387 962 3448 noi
988 3389 1136 3448 havemo
1168 3387 1202 3448 in
1237 3387 1353 3450 animo
1386 3389 1421 3450 (11

43 3477 82 3540 sa
102 3492 246 3556 rvi.
293 3492 505 3555 Continuate
531 3493 552 3554 l'
568 3493 687 3555 officio
705 3504 826 3556 vostro
845 3515 911 3557 con
937 3494 1109 3555 modestia
1134 3503 1169 3555 et
1193 3514 1258 3555 con
1285 3495 1420 3573 dignita

44 3585 148 3647 dr-e
167 3598 242 3662 ]la
265 3599 360 3663 Sede
387 3600 613 3681 Apostolica;
648 3603 680 3662 le
712 3604 801 3663 altre
832 3622 915 3664 cose
947 3604 1011 3663 ebe
1037 3600 1198 3662 chiedete
1230 3622 1295 3682 per
1319 3603 1421 3663 amici

44 3709 99 3750 S&
215 3709 479 3770 concederanno
504 3717 638 3788 quanto
663 3708 765 3788 petra
800 3718 1004 3788 comportar
1028 3709 1047 3769 l’
1071 3707 1237 3786 honesta,
1268 3709 1420 3770 maximo

46 3816 144 3876 Ph}
166 3828 217 3872 1
236 3814 319 3896 Mgf.
350 3824 472 3877 nostro
503 3814 703 3877 Leodiense
735 3836 755 3877 a
787 3815 842 3876 cui
870 3815 1116 3876 desiderbamo
1149 3814 1352 3894 gratificare
1386 3828 1419 3877 et

49 3922 100 3964 ὅθ’
118 3919 280 3984 rnre
304 3922 339 3983 in
365 3921 528 4002 maggior
544 3942 637 4002 cose,
662 3942 731 3983 non
750 3932 848 3984 tanto
865 3922 899 3983 in
919 3932 1044 4002 questa
1061 3922 1156 3982 (10110
1171 3922 1421 3985 arrendatione

50 4008 132 4070 d&
147 4020 241 4090 lla
268 4030 373 4110 quale
406 4029 438 4090 ci
475 4028 626 4090 scrivete
663 4031 706 4089 ad
744 4038 880 4110 partem
917 4050 982 4110 per
1015 4029 1035 4090 1’
1063 4029 1184 4091 ultima
1220 4040 1339 4091 vostra
1376 4031 1420 4092 de

54 4112 91 4177 X
124 4116 297 4207 ἘΙΧς
322 4146 358 4196 et
381 4134 554 4215 piacciavi
580 4135 869 4198 raccomandarci
894 4157 914 4196 a
939 4157 978 4196 su
995 4135 1095 4196 Illma
1113 4133 1288 4214 Signoria.
1326 4138 1420 4198 Rac-

60 4237 124 4285 01)
137 4242 388 4305 ηαηᾱίαιῃο
423 4264 444 4304 0
479 4243 536 4305 voi
573 4243 847 4306 Prothonotario
883 4246 915 4305 le
952 4264 1034 4304 cose
1070 4243 1105 4304 di
1142 4265 1241 4307 mess
1276 4245 1419 4324 Agnolo

65 4324 183 4393 Ne
197 4359 284 4426 pote
311 4348 349 4410 fu
376 4349 410 4410 di
435 4348 471 4411 S.
496 4350 611 4412 Maria
636 4350 669 4411 in
696 4351 838 4412 Portico
863 4350 896 4411 in
933 4352 1050 4430 quello
1083 4363 1226 4431 possete
1259 4353 1419 4413 honesta-

76 4451 263 4518 ffiQnte
287 4466 323 4520 et
347 4477 412 4520 con
438 4457 554 4538 gratia
579 4456 613 4517 di
639 4456 769 4518 Cesare
795 4468 829 4519 et
854 4468 1054 4518 restamone
1079 4457 1112 4518 in
1146 4460 1254 4519 molta
1286 4459 1420 4541 obliga·

85 4540 242 4624 tione
264 4584 329 4646 per
352 4563 374 4624 1’
400 4563 502 4626 offitii
528 4566 594 4626 che
620 4584 684 4645 per
708 4563 768 4626 noi
792 4564 827 4625 di
852 4565 1019 4626 continuo
1045 4564 1117 4627 fate
1142 4564 1200 4646 piri
1227 4567 1420 4629 amorevoli

99 4652 141 4713 0²
211 4666 425 4734 desideramo
449 4671 484 4733 in
510 4672 595 4752 ogni
620 4670 824 4733 occurentia
847 4683 969 4733 vostra
994 4672 1216 4733 rendervene
1247 4671 1270 4734 il
1296 4673 1420 4735 merito

110 4769 428 4841 cumulatis-simo.
476 4779 519 4840 Et
544 4781 636 4839 bene
661 4779 787 4840 valete.
835 4778 1038 4840 Florentiae
1058 4779 1130 4839 XII
1151 4778 1223 4840 Mai
1239 4781 1419 4841 mexxl.
