3330 5580
623 478 681 533 *43
720 480 774 533 499
814 478 871 531 ΕΗ

109 624 165 686 sed
182 625 229 686 de
246 624 511 705 exstinguenda
527 622 638 685 Missa
654 623 794 685 omnino
808 632 996 694 conantur;
1014 621 1153 702 quodsi
1170 620 1243 700 liga
1256 620 1386 682 Suevo-

110 749 177 791 rum
204 751 277 793 non
302 739 396 793 esset
420 739 537 792 actum
562 740 655 792 esset
680 731 724 791 de
749 729 948 810 Episcopis,
973 728 1208 805 monasteriis
1223 727 1388 808 principi-

109 838 178 917 buS,
204 846 313 918 atque
338 838 428 899 adeo
445 839 489 899 de
506 845 582 899 tota
605 837 806 909 nobilitate;
831 836 915 898 licet
939 854 1007 916 ego
1033 855 1103 896 non
1121 833 1261 896 timeam
1287 834 1386 896 rusti·

109 961 164 1004 cos
187 963 305 1024 aeque
329 963 371 1005 ac
395 943 576 1025 principes
601 952 636 1004 et
661 943 757 1024 ipsas
781 943 944 1005 civitates
969 941 1190 1023 imperiales;
1224 953 1258 1003 et
1289 941 1317 1003 si
1342 944 1388 1004 ad

104 1049 223 1111 odium
247 1050 472 1113 manifestum
496 1050 725 1132 pervenerint
748 1049 928 1132 principes
953 1060 989 1111 et
1006 1049 1169 1110 civitates
1186 1047 1387 1128 imperiales

104 1155 181 1218 Vae
206 1156 286 1219 Vae
311 1155 543 1229 Germaniae,
573 1179 654 1220 nam
678 1157 789 1220 hostis
813 1157 956 1219 humani
981 1156 1123 1236 generis
1147 1156 1295 1236 pulchre
1320 1157 1387 1216 hoc

100 1262 200 1325 virus
226 1263 376 1327 seminat
403 1275 439 1326 et
463 1263 620 1346 quotidie
645 1274 773 1346 auget,
805 1285 884 1326 cum
913 1263 1075 1327 civitates
1106 1284 1171 1344 per
1204 1284 1242 1325 se
1267 1266 1313 1325 ob
1339 1264 1386 1324 di-

99 1370 209 1432 vitias
233 1391 322 1452 opes
345 1380 381 1434 et
404 1371 601 1452 potentiam
626 1371 802 1433 nobilitati
827 1371 895 1433 sint
921 1381 1122 1452 suspectae;
1152 1370 1290 1432 accedit
1317 1370 1386 1433 iam

94 1475 198 1537 aliud
233 1478 361 1540 malum
394 1478 488 1558 quod
521 1478 616 1558 apud
652 1477 803 1540 rusticos
833 1498 935 1540 cesos
966 1478 1178 1540 invenerunt
1209 1486 1387 1539 tormenta

95 1582 234 1644 bellica
259 1581 455 1662 civitatum,
487 1596 523 1647 et
554 1584 686 1664 passim
719 1584 840 1647 rustici
871 1586 992 1647 hostes
1023 1585 1117 1666 ligae
1143 1584 1314 1648 declarati
1338 1584 1385 1646 in-

91 1688 362 1770 grediebantur
383 1690 545 1753 civitates
562 1691 773 1772 imperiales.
798 1702 955 1753 ementes
971 1692 1021 1753 ibi
1038 1712 1146 1770 arma,
1171 1691 1385 1754 bombardas

90 1806 140 1858 et
163 1796 233 1859 alia
257 1808 293 1858 et
316 1797 409 1859 forte
441 1798 590 1859 consilia
622 1798 841 1880 accipientes
866 1819 884 1859 a
911 1798 1056 1861 civibus.
1106 1797 1254 1859 Publice
1279 1797 1383 1860 etiam

93 1902 259 1965 fatentur
274 1903 395 1966 rustici
412 1903 448 1965 in
465 1904 583 1966 multis
607 1905 695 1967 locis
720 1925 757 1967 se
783 1905 949 1968 seductos
965 1925 1043 1967 esse
1059 1925 1124 1986 per
1139 1905 1385 1986 predicatores
1441 1895 1443 1899 ⁷

91 2009 287 2073 civitatum
311 2010 560 2092 imperialium,
592 2012 652 2092 qui
684 2011 734 2074 eis
763 2013 855 2073 hanc
890 2011 1099 2074 seditionem
1132 2012 1384 2093 persuaserint.

95 2114 250 2178 Providi
275 2137 384 2199 saepe
416 2119 484 2180 hoc
524 2121 653 2180 malum
692 2116 916 2197 Germaniae,
954 2127 1089 2180 tantam
1128 2119 1385 2199 blasphemiam

96 2222 218 2287 Deum
254 2223 525 2303 vindicaturum,
557 2225 639 2287 licet
663 2226 730 2287 hoc
766 2223 955 2286 maximum
989 2224 1033 2286 sit
1073 2226 1200 2287 malum
1230 2236 1386 2287 nostrum

109 2332 198 2394 adeo
224 2330 423 2394 obstinatos
454 2352 532 2395 esse
562 2332 794 2394 multitudinis
822 2332 956 2393 animos
985 2343 1022 2392 ut
1047 2352 1116 2393 non
1142 2335 1290 2393 credant
1314 2342 1385 2392 tan·

104 2448 175 2501 tam
201 2440 346 2520 plagam
370 2438 560 2520 provenire
585 2450 733 2522 propter
748 2440 914 2501 haereses
933 2449 968 2501 et
983 2437 1223 2519 blasphemias
1249 2448 1388 2500 nostras

109 2547 167 2607 sed
198 2546 314 2608 adhuc
346 2545 485 2608 stultius
518 2545 678 2608 referunt
709 2545 743 2607 in
773 2545 849 2606 fata
880 2554 915 2607 et
948 2547 1129 2607 stellarum
1160 2555 1300 2607 motum.
1356 2545 1387 2609 Ο

110 2673 206 2715 curas
230 2653 428 2716 hominum!
466 2673 486 2715 o
511 2664 680 2733 quantum
704 2651 739 2713 in
765 2654 872 2713 rebus
895 2652 1019 2714 inane!
1060 2652 1151 2714 Hinc
1168 2652 1246 2714 aliis
1263 2652 1388 2715 litteris

111 2761 391 2842 supplicaveram
416 2757 452 2822 S.
477 2760 515 2822 Τ,
542 2759 753 2822 Beatissime
779 2758 887 2821 Pater
911 2769 949 2820 ut
981 2759 1064 2821 mihi
1094 2760 1244 2841 pauperi
1273 2760 1387 2840 provi-

111 2868 260 2948 deretur,
285 2876 324 2928 ut
347 2887 489 2948 possem
513 2867 547 2928 in
574 2877 698 2929 extera
722 2878 817 2928 terra
841 2868 1026 2928 consulere
1051 2867 1297 2946 tranquillitati
1321 2876 1389 2929 stu·

111 2973 242 3036 diorum
268 2993 443 3045 meorum;
479 2974 601 3035 taedet
630 2973 723 3035 enim
748 2993 803 3034 me
843 2972 994 3053 patriae,
1031 2993 1162 3036 nauseo
1197 2973 1309 3035 ferme
1344 2974 1390 3035 ad

111 3079 218 3161 ipsum
254 3100 381 3142 nomen
413 3077 643 3157 Germaniae,
676 3098 755 3140 cum
790 3078 939 3159 singulis
968 3079 1094 3141 diebus
1125 3100 1237 3161 cogor
1267 3081 1389 3143 audire

111 3186 285 3265 haereses,
303 3186 508 3266 seditiones,
526 3185 726 3267 sacrilegia,
745 3186 996 3266 blasphemias
1021 3186 1212 3248 schismata
1228 3197 1264 3247 et
1277 3187 1390 3249 omnis

111 3293 248 3370 generis
273 3293 487 3374 impietates,
518 3302 553 3355 et
582 3294 698 3353 adhuc
724 3293 814 3353 bene
840 3312 944 3372 spero
973 3292 1056 3354 mihi
1093 3293 1273 3354 subveniri
1308 3314 1328 3354 a
1353 3292 1388 3354 S.

111 3400 145 3463 T.
179 3399 401 3482 pientissimo
442 3398 559 3461 Patre.
612 3400 690 3461 Hoc
720 3408 837 3460 tamen
866 3398 984 3460 fateor
1017 3399 1171 3479 ingenue
1201 3400 1389 3462 Bavariam

112 3518 142 3569 et
165 3529 244 3571 eam
269 3509 380 3569 solam
405 3527 450 3568 ex
476 3516 551 3567 tota
582 3504 753 3586 superiori
787 3503 980 3567 Germania
1012 3504 1120 3568 fuisse
1152 3517 1187 3568 et
1218 3527 1296 3568 esse
1329 3506 1387 3568 im-

111 3633 246 3677 munem
275 3617 321 3675 ab
353 3615 420 3674 hac
453 3612 665 3676 seditionum
699 3622 801 3691 peste
835 3612 991 3692 nihilque
1021 3612 1102 3673 mali
1135 3632 1277 3693 passum
1310 3633 1388 3675 esse

111 3721 238 3782 clerum
262 3718 297 3780 in
322 3718 376 3780 his
400 3719 616 3795 tumultibus,
642 3739 684 3779 eo
711 3720 854 3799 dempto
879 3719 974 3798 quod
999 3719 1249 3781 monasterium
1275 3719 1388 3782 Stein-

110 3828 224 3907 gaden
261 3826 401 3908 Algoys
438 3825 590 3887 vicinum
627 3828 673 3886 ab
708 3825 758 3886 eis
793 3824 1023 3887 incineratum
1050 3837 1113 3889 est.
1164 3827 1299 3909 Magna
1322 3827 1388 3889 fuit

109 3955 189 3997 cura
214 3933 435 4015 principibus
459 3933 588 3995 nostris
613 3945 651 3994 ut
676 3932 826 4013 patriam
851 3953 895 3994 ex
928 3935 994 3995 hoc
1028 3936 1150 3996 morbo
1182 3954 1385 4015 praeserva-

108 4051 198 4120 rent,
231 4039 291 4121 qui
320 4061 365 4102 ex
398 4040 559 4102 omnibus
584 4039 745 4122 partibus
769 4038 1000 4120 irruptionem
1026 4041 1235 4118 minabatur,
1253 4041 1385 4119 gravis·

109 4150 228 4211 simum
260 4158 377 4209 tamen
410 4146 656 4209 charitativum
688 4146 883 4208 subsidium
917 4147 1040 4209 Clerus
1065 4146 1186 4209 tribuit
1220 4148 1384 4219 ducibus;

108 4255 332 4318 medietatem
377 4253 469 4315 enim
504 4253 713 4333 pensionum
756 4262 791 4314 et
826 4253 1065 4314 absentiarum
1102 4267 1316 4335 acceperunt
1352 4265 1387 4318 et

108 4364 246 4425 tertiam
258 4371 397 4442 partem
413 4362 457 4421 de
470 4360 718 4439 residentibus,
733 4369 899 4440 quantum
914 4359 1048 4421 scilicet
1061 4360 1244 4423 absentiae
1255 4362 1385 4442 potuis·

107 4480 182 4533 sent
208 4470 311 4538 dare:
344 4467 559 4529 tricessimus
583 4487 691 4548 porro
723 4465 877 4527 florenus
903 4467 1006 4527 datus
1031 4479 1085 4528 est
1108 4467 1153 4528 de
1181 4468 1284 4529 bonis
1315 4488 1384 4530 mo·

106 4577 235 4639 bilibus
260 4586 296 4637 et
320 4575 569 4637 immobilibus.
617 4575 695 4656 Ego
721 4575 959 4655 pauperculus
989 4594 998 4634 1
1023 4572 1098 4636 flor.
1115 4593 1181 4655 pro
1198 4594 1264 4653 me,
1289 4573 1383 4655 quin-

106 4683 274 4765 quaginta
311 4682 356 4744 de
390 4702 459 4743 una
493 4682 666 4763 pensione
702 4691 736 4743 et
773 4680 959 4742 duodecim
996 4680 1067 4745 flor.
1104 4700 1171 4762 pro
1208 4681 1313 4742 domo
1349 4690 1385 4743 et

107 4789 341 4872 suppellectili
366 4809 444 4851 mea
469 4790 555 4850 dare
580 4798 725 4850 coactus
749 4808 835 4851 sum.
892 4788 940 4849 At
975 4790 1062 4849 haec
1092 4786 1208 4849 laevia
1236 4787 1263 4848 si
1289 4797 1324 4848 et
1348 4787 1384 4849 in

1170 4893 1221 4945 32*
