3330 5580
719 494 776 548 ΉΞ
816 490 945 549 7οἲ.>-“

193 640 366 703 Pontifice
384 640 585 702 desciscunt
609 640 711 721 (proh
728 639 857 719 dolorl)
882 638 1066 720 imperium
1083 638 1185 699 simul
1202 656 1281 700 cum
1297 636 1473 718 religione

192 769 336 830 prorsus
369 747 572 810 amiserunt.
620 745 725 826 Quod
756 746 837 827 quia
868 748 984 808 nullus
1017 765 1085 808 non
1116 744 1191 807 sani
1223 744 1328 807 modo
1350 743 1473 825 judicii

192 857 298 918 horno
322 853 428 917 facile
448 854 608 936 judicare
632 862 768 935 potest,
796 853 831 915 in
857 874 934 915 eam
958 852 1078 934 potius
1102 872 1176 913 rem
1201 851 1402 913 incumbam
1426 851 1471 912 ad

193 982 297 1042 quam
312 958 563 1023 Sanctissimus
580 961 623 1023 D.
641 959 772 1023 Noster
788 960 839 1022 Te
864 981 969 1042 quam
993 968 1111 1040 potest
1128 956 1280 1020 maxime
1299 960 1472 1035 hortatur,

193 1079 312 1130 monet
328 1077 364 1130 et
383 1077 532 1150 paterno
558 1065 688 1130 affectu
712 1077 892 1148 precatur;
917 1065 992 1127 Nos
1016 1086 1101 1128 vero
1126 1064 1353 1146 perviscera
1373 1062 1472 1125 mise·

191 1174 366 1236 ricordiae
391 1173 458 1236 Dei
490 1173 601 1236 nostri
635 1194 700 1256 per
724 1173 944 1236 Christianae
968 1171 1150 1235 Ecclesiae
1182 1169 1472 1251 tranquillitatem

193 1292 228 1344 et
251 1302 376 1363 pacem
400 1280 481 1343 'sibi
506 1281 611 1344 etiam
636 1282 885 1362 supplicamus,
913 1279 1063 1360 primum
1088 1288 1125 1340 ut
1145 1280 1245 1361 juxta
1270 1287 1473 1339 sanctorum

181 1390 337 1452 ¹Patrum
370 1389 515 1451 decreta
548 1409 569 1450 a
601 1388 820 1471 temporibus
855 1407 965 1468 usque
999 1387 1241 1467 apostolorum
1270 1386 1472 1463 observata,

193 1495 461 1558 necnon-etiam
485 1495 730 1559 Romanorum
754 1495 1010 1575 Imperatorum
1034 1495 1152 1575 legeS,
1186 1490 1305 1555 fratris
1328 1490 1472 1553 Martini

193 1602 337 1665 Lutheri
368 1602 478 1664 libros
507 1601 719 1683 aequissimo
753 1612 788 1664 et
810 1600 1085 1682 prudentissimo
1110 1596 1215 1661 Sedis
1242 1597 1473 1679 Apostolicae

193 1710 252 1790 (ad
283 1729 388 1790 quam
417 1711 484 1771 ista
508 1708 698 1790 pertinent)
719 1708 846 1789 juditio
871 1720 906 1771 et
930 1706 1105 1770 sententia
1129 1708 1316 1768 damnatos
1339 1704 1374 1766 in
1400 1705 1472 1766 uni-

192 1837 296 1878 versa
327 1816 461 1880 ditione
494 1826 554 1878 tua
586 1816 720 1878 destrui
754 1827 789 1878 et
820 1836 964 1897 prorsus
998 1814 1135 1878 aboleri
1165 1814 1309 1896 jubeaS,
1344 1822 1382 1874 ut
1405 1813 1472 1874 hoc

193 1925 359 2005 exemplo
389 1944 460 1987 non
484 1924 616 1987 subditi
640 1925 747 1986 modo
772 1924 821 1986 tui
846 1926 909 1986 sed
935 1934 969 1986 et
993 1922 1133 1986 vicinae
1157 1920 1356 2004 provintiae
1380 1939 1472 1981 corn·

192 2030 345 2093 monitae
381 2052 402 2093 a
437 2031 701 2094 damnatissima
734 2033 802 2093 hac
835 2030 975 2094 haeresi
1006 2029 1246 2110 librorumque
1276 2027 1312 2089 in
1343 2026 1472 2108 quibus

192 2139 252 2200 illa
278 2137 480 2201 continetur
496 2139 649 2202 lectione
666 2139 732 2201 sibi
749 2148 913 2210 caveant;
940 2137 1070 2200 deinde
1085 2146 1123 2198 ut
1139 2136 1330 2197 Martinam
1345 2133 1471 2215 ipsum,

192 2243 257 2306 nisi
281 2243 316 2306 in
341 2255 501 2327 tempore
525 2246 722 2327 resipiscat,
747 2255 783 2308 et
806 2265 898 2326 quae
919 2246 990 2326 jam
1014 2253 1148 2306 temere
1166 2256 1201 2306 et
1216 2241 1324 2324 impie
1339 2241 1472 2322 scripta
1546 2294 1549 2298 ,

192 2351 303 2413 edidit
326 2360 505 2430 retractet,
531 2361 592 2415 aut
616 2350 760 2414 Summo
785 2351 949 2415 Pontifici
978 2371 1064 2413 vero
1088 2351 1123 2412 in
1148 2352 1214 2412 hac
1239 2357 1341 2431 parte
1362 2347 1472 2430 judici

191 2459 440 2540 corrigendum
457 2458 585 2538 mittas,
602 2469 663 2522 aut
679 2460 755 2540 ipse
772 2480 837 2541 per
853 2469 888 2521 te
904 2458 1122 2541 apostolicae
1138 2457 1241 2520 Sedis
1257 2455 1472 2518 authoritate

191 2568 310 2645 (prout
337 2567 393 2647 jus
426 2574 460 2627 et
492 2564 546 2627 fas
579 2567 747 2647 postulat)
781 2565 1010 2647 puniendum·
1029 2585 1141 2627 cures.
1197 2563 1242 2625 Et
1272 2562 1307 2625 in
1337 2581 1472 2624 summa

191 2684 227 2733 tu
262 2672 320 2752 qui
354 2672 533 2734 hominum
564 2682 646 2735 tuae
679 2672 820 2735 ditionis
851 2672 1090 2735 conditionem
1124 2680 1160 2734 et
1191 2670 1292 2753 hujus
1325 2668 1472 2731 nefandi

191 2779 320 2841 erroris
346 2789 515 2858 naturam,
540 2791 740 2862 statumque
765 2780 952 2842 universae
976 2800 1105 2841 causae
1129 2778 1262 2860 optime
1286 2775 1398 2856 nosti,
1422 2777 1472 2839 ita

190 2885 273 2947 fidei
305 2906 446 2948 causam
478 2885 669 2968 suscipias,
700 2896 738 2950 ut
769 2887 844 2950 sive
875 2887 945 2948 levi
969 2887 1203 2949 medicamine
1227 2886 1334 2967 (quod
1358 2885 1472 2965 magis

191 3001 332 3073 optaret
357 2992 526 3055 Pontifex
557 3003 684 3075 suopte
708 2993 851 3076 ingenio
876 2991 1091 3079 mitissimus)
1116 2994 1191 3056 sive
1215 3013 1343 3075 aspero
1368 2993 1470 3072 phar·

190 3119 302 3178 maes,
326 3120 368 3161 ac
392 3099 498 3162 etiam
522 3101 679 3163 cauterio
704 3121 793 3182 opus
817 3101 872 3181 sit,
896 3103 1040 3164 morbus
1063 3100 1130 3164 iste
1155 3122 1175 3165 e
1198 3100 1267 3163 tuis
1282 3097 1385 3161 terris
1402 3118 1471 3159 orn·

190 3206 274 3268 nino
298 3208 443 3268 tollatur
466 3216 636 3289 tantaque
659 3220 762 3288 peste
786 3218 925 3270 tuorum
950 3207 1170 3271 subditorum
1202 3207 1322 3286 animi,
1357 3207 1385 3270 si
1410 3207 1471 3288 qui

189 3313 311 3375 infecti
336 3323 428 3393 sunt,
451 3323 700 3396 repurgentur.

278 3419 379 3483 Fecit
410 3419 444 3482 in
475 3422 543 3483 hac
570 3442 609 3484 re
638 3419 743 3483 serm*
768 3420 845 3486 Ces.
870 3421 1038 3502 Majestas
1063 3421 1233 3503 quidquid
1258 3442 1280 3483 a
1304 3420 1470 3483 Christia-

189 3526 333 3589 nissimo
366 3527 581 3609 imperatore
616 3531 879 3610 expectandum
913 3539 1003 3600 erat;
1039 3528 1159 3592 fecere
1192 3529 1315 3592 itidem
1348 3550 1471 3593 omnes

188 3632 357 3715 Episcopi
389 3644 424 3696 et
454 3633 635 3716 principes
663 3635 873 3717 quicumque
898 3656 919 3697 a
943 3636 1137 3699 nobishoc
1162 3637 1304 3699 nomine
1328 3637 1472 3699 fuerunt

189 3740 361 3821 requisiti;
388 3753 424 3803 tu
448 3761 538 3804 unus
562 3753 686 3825 restaS,
712 3764 782 3805 non
807 3743 951 3805 minoris
975 3743 1009 3806 in
1024 3746 1092 3806 hoc
1110 3744 1277 3806 momenti
1292 3744 1471 3826 princeps,

189 3847 225 3908 in
250 3847 346 3928 cujus
371 3869 475 3910 manu
500 3869 606 3930 quum
630 3849 729 3913 istius
753 3850 898 3913 nefandi
920 3850 1074 3914 incendii
1092 3851 1204 3914 fornes
1224 3862 1260 3913 et
1276 3861 1399 3913 auctor
1415 3852 1471 3931 sit,

189 3962 326 4016 tantum
355 3964 459 4035 potes
490 3955 576 4017 illud
609 3957 820 4038 extinguere
852 3967 1021 4038 quantum
1045 3958 1109 4020 vis.
1157 3957 1261 4020 Velle
1285 3969 1402 4019 autem
1435 3968 1470 4021 te

189 4070 225 4121 et
249 4062 352 4140 (quae
377 4069 437 4122 tua
462 4072 517 4124 est
540 4061 669 4144 pietas)
693 4063 743 4125 ita
766 4062 951 4143 facturum,
977 4062 1140 4127 Summus
1156 4063 1336 4144 Pontifex,
1357 4062 1471 4128 Sedes

189 4166 386 4248 apostolica
410 4176 446 4229 et
469 4188 534 4231 nos
559 4188 681 4232 omnes
706 4168 814 4232 dubio
837 4171 963 4251 procul
988 4171 1205 4235 confidimus.

277 4273 377 4337 Haec
403 4284 458 4337 est
480 4275 554 4338 illme
576 4276 748 4359 Princeps
773 4279 846 4359 ejus
870 4279 1042 4361 pontificii
1057 4280 1203 4359 decreti,
1228 4281 1324 4363 cujus
1340 4279 1404 4342 tibi
1421 4281 1469 4343 di-

188 4383 307 4462 ploma
337 4381 465 4461 affero,
497 4403 646 4462 summa,
680 4385 749 4446 hoc
783 4395 1043 4466 argumentum;
1077 4385 1111 4466 in
1137 4408 1208 4468 quo
1242 4388 1271 4450 si
1301 4398 1470 4469 paternas

188 4487 366 4570 pontificis
390 4490 658 4553 adhortationes
682 4502 892 4572 nostrasque
916 4512 1042 4573 preces
1058 4496 1258 4576 exequaris,
1283 4515 1356 4557 rem
1373 4494 1468 4557 Chri-

188 4594 302 4658 stiano
315 4595 478 4677 principe
491 4607 623 4678 tuoque
637 4598 811 4678 sanguine
825 4599 970 4681 dignam
983 4610 1090 4682 atque
1104 4601 1321 4683 reipublicae
1335 4602 1468 4664 christi·

188 4722 278 4764 anae
302 4704 493 4765 salutarem
518 4714 553 4766 te
572 4702 758 4783 facturum,
774 4713 895 4767 ettam
912 4707 1024 4769 sancti
1042 4708 1160 4788 operis
1176 4708 1335 4789 praemia
1352 4730 1373 4770 a
1390 4710 1468 4773 Deo

188 4809 322 4892 optimo
347 4809 499 4873 maximo
524 4810 715 4893 aliquando
740 4822 1001 4894 reportaturum
1026 4797 1158 4896 speres.
1184 4815 1278 4876 Dixi.

723 4972 927 4985 §ts-§mmmm
