<?xml version="1.0" encoding="UTF-8"?>
<!DOCTYPE html PUBLIC "-//W3C//DTD XHTML 1.0 Transitional//EN"
    "http://www.w3.org/TR/xhtml1/DTD/xhtml1-transitional.dtd">
<html xmlns="http://www.w3.org/1999/xhtml" xml:lang="en" lang="en">
 <head>
  <title>
</title>
<meta http-equiv="Content-Type" content="text/html;charset=utf-8" />
  <meta name='ocr-system' content='tesseract 3.04.00' />
  <meta name='ocr-capabilities' content='ocr_page ocr_carea ocr_par ocr_line ocrx_word'/>
</head>
<body>
  <div class='ocr_page' id='page_1' title='image "./monumentareform00vatigoog_0317.png"; bbox 0 0 3330 5580; ppageno 0'>
   <div class='ocr_carea' id='block_1_1' title="bbox 710 523 956 578">
    <p class='ocr_par' dir='ltr' id='par_1_1' title="bbox 710 523 956 578">
     <span class='ocr_line' id='line_1_1' title="bbox 710 523 956 578; baseline -0.008 0"><span class='ocrx_word' id='word_1_1' title='bbox 710 525 767 578; x_wconf 47' lang='grc' dir='ltr'>ΜΒ</span> <span class='ocrx_word' id='word_1_2' title='bbox 806 525 859 578; x_wconf 78' lang='lat'>276</span> <span class='ocrx_word' id='word_1_3' title='bbox 898 523 956 576; x_wconf 51' lang='lat'>8⁸0</span> 
     </span>
    </p>
   </div>
   <div class='ocr_carea' id='block_1_2' title="bbox 192 665 1474 965">
    <p class='ocr_par' dir='ltr' id='par_1_2' title="bbox 192 665 1474 965">
     <span class='ocr_line' id='line_1_2' title="bbox 193 665 1474 752; baseline -0.003 -20"><span class='ocrx_word' id='word_1_4' title='bbox 193 671 331 752; x_wconf 90' lang='lat' dir='ltr'>capello</span> <span class='ocrx_word' id='word_1_5' title='bbox 364 691 464 732; x_wconf 89' lang='lat' dir='ltr'>como</span> <span class='ocrx_word' id='word_1_6' title='bbox 498 672 531 733; x_wconf 90' lang='lat' dir='ltr'>la</span> <span class='ocrx_word' id='word_1_7' title='bbox 556 690 662 730; x_wconf 87' lang='lat' dir='ltr'>causa</span> <span class='ocrx_word' id='word_1_8' title='bbox 686 669 883 742; x_wconf 88' lang='lat' dir='ltr'>valentina;</span> <span class='ocrx_word' id='word_1_9' title='bbox 920 670 985 731; x_wconf 92' lang='lat' dir='ltr'>che</span> <span class='ocrx_word' id='word_1_10' title='bbox 1017 688 1055 730; x_wconf 92' lang='lat' dir='ltr'>se</span> <span class='ocrx_word' id='word_1_11' title='bbox 1086 667 1121 730; x_wconf 92' lang='lat' dir='ltr'>io</span> <span class='ocrx_word' id='word_1_12' title='bbox 1154 666 1331 730; x_wconf 86' lang='lat' dir='ltr'>scrivesse</span> <span class='ocrx_word' id='word_1_13' title='bbox 1362 686 1429 748; x_wconf 89' lang='lat' dir='ltr'>per</span> <span class='ocrx_word' id='word_1_14' title='bbox 1451 665 1474 728; x_wconf 93' lang='lat' dir='ltr'>il</span> 
     </span>
     <span class='ocr_line' id='line_1_3' title="bbox 192 774 1474 858; baseline -0.002 -19"><span class='ocrx_word' id='word_1_15' title='bbox 192 797 278 839; x_wconf 89' lang='lat' dir='ltr'>vero</span> <span class='ocrx_word' id='word_1_16' title='bbox 310 777 421 839; x_wconf 89' lang='lat' dir='ltr'>sarrei</span> <span class='ocrx_word' id='word_1_17' title='bbox 445 786 605 857; x_wconf 90' lang='lat' dir='ltr'>sospetto</span> <span class='ocrx_word' id='word_1_18' title='bbox 635 796 700 858; x_wconf 89' lang='lat' dir='ltr'>per</span> <span class='ocrx_word' id='word_1_19' title='bbox 724 797 822 839; x_wconf 90' lang='lat' dir='ltr'>esser</span> <span class='ocrx_word' id='word_1_20' title='bbox 842 785 946 839; x_wconf 88' lang='lat' dir='ltr'>stato</span> <span class='ocrx_word' id='word_1_21' title='bbox 971 775 1040 838; x_wconf 92' lang='lat' dir='ltr'>mio</span> <span class='ocrx_word' id='word_1_22' title='bbox 1065 775 1148 838; x_wconf 90' lang='lat' dir='ltr'>olim</span> <span class='ocrx_word' id='word_1_23' title='bbox 1176 783 1324 857; x_wconf 81' lang='lat' dir='ltr'>patron:</span> <span class='ocrx_word' id='word_1_24' title='bbox 1362 774 1474 856; x_wconf 77' lang='lat' dir='ltr'>perho</span> 
     </span>
     <span class='ocr_line' id='line_1_4' title="bbox 192 880 1332 965; baseline -0.003 -19"><span class='ocrx_word' id='word_1_25' title='bbox 192 904 248 946; x_wconf 92' lang='lat' dir='ltr'>me</span> <span class='ocrx_word' id='word_1_26' title='bbox 272 894 416 965; x_wconf 90' lang='lat' dir='ltr'>reporto</span> <span class='ocrx_word' id='word_1_27' title='bbox 441 905 462 946; x_wconf 90' lang='lat' dir='ltr'>a</span> <span class='ocrx_word' id='word_1_28' title='bbox 487 886 520 946; x_wconf 94' lang='lat' dir='ltr'>lo</span> <span class='ocrx_word' id='word_1_29' title='bbox 545 885 611 945; x_wconf 91' lang='lat' dir='ltr'>che</span> <span class='ocrx_word' id='word_1_30' title='bbox 635 882 790 945; x_wconf 76' lang='lat' dir='ltr'>scrivera</span> <span class='ocrx_word' id='word_1_31' title='bbox 815 891 851 944; x_wconf 90' lang='lat' dir='ltr'>et</span> <span class='ocrx_word' id='word_1_32' title='bbox 874 880 960 944; x_wconf 90' lang='lat' dir='ltr'>Rdo</span> <span class='ocrx_word' id='word_1_33' title='bbox 984 881 1107 965; x_wconf 83' lang='lat' dir='ltr'>signor</span> <span class='ocrx_word' id='word_1_34' title='bbox 1131 880 1332 944; x_wconf 87' lang='lat' dir='ltr'>Carazzolo.</span> 
     </span>
    </p>
   </div>
   <div class='ocr_carea' id='block_1_3' title="bbox 795 1343 867 1407">
    <p class='ocr_par' dir='ltr' id='par_1_3' title="bbox 795 1343 867 1407">
     <span class='ocr_line' id='line_1_5' title="bbox 795 1343 867 1407; baseline 0 0"><span class='ocrx_word' id='word_1_35' title='bbox 795 1343 867 1407; x_wconf 90' lang='lat'>110.</span> 
     </span>
    </p>
   </div>
   <div class='ocr_carea' id='block_1_4' title="bbox 474 1458 1183 1541">
    <p class='ocr_par' dir='ltr' id='par_1_4' title="bbox 474 1458 1183 1541">
     <span class='ocr_line' id='line_1_6' title="bbox 474 1458 1183 1541; baseline 0 -1"><span class='ocrx_word' id='word_1_36' title='bbox 474 1460 713 1541; x_wconf 78' lang='grc'><strong>11030101·</strong></span> <span class='ocrx_word' id='word_1_37' title='bbox 750 1458 1183 1540; x_wconf 68' lang='lat' dir='ltr'>vicecancellarii.</span> 
     </span>
    </p>
   </div>
   <div class='ocr_carea' id='block_1_5' title="bbox 187 1607 1555 4921">
    <p class='ocr_par' dir='ltr' id='par_1_5' title="bbox 661 1607 999 1786">
     <span class='ocr_line' id='line_1_7' title="bbox 661 1607 999 1680; baseline -0.003 -14"><span class='ocrx_word' id='word_1_38' title='bbox 661 1608 757 1680; x_wconf 66' lang='lat' dir='ltr'>(liunt.</span> <span class='ocrx_word' id='word_1_39' title='bbox 777 1607 866 1667; x_wconf 72' lang='lat' dir='ltr'>(tem</span> <span class='ocrx_word' id='word_1_40' title='bbox 883 1607 915 1665; x_wconf 72' lang='grc' dir='ltr'>Ῑι.</span> <span class='ocrx_word' id='word_1_41' title='bbox 932 1607 999 1675; x_wconf 73' lang='lat'>162)</span> 
     </span>
     <span class='ocr_line' id='line_1_8' title="bbox 706 1715 954 1786; baseline 0 -20"><span class='ocrx_word' id='word_1_42' title='bbox 706 1715 759 1786; x_wconf 86' lang='lat'>(27.</span> <span class='ocrx_word' id='word_1_43' title='bbox 779 1718 845 1783; x_wconf 84' lang='lat' dir='ltr'>Julii</span> <span class='ocrx_word' id='word_1_44' title='bbox 869 1715 954 1784; x_wconf 83' lang='lat'>1521.)</span> 
     </span>
    </p>

    <p class='ocr_par' dir='ltr' id='par_1_6' title="bbox 187 1838 1555 4271">
     <span class='ocr_line' id='line_1_9' title="bbox 279 1838 1477 1923; baseline 0.001 -20"><span class='ocrx_word' id='word_1_45' title='bbox 279 1844 413 1923; x_wconf 79' lang='lat' dir='ltr'>Questa</span> <span class='ocrx_word' id='word_1_46' title='bbox 439 1841 555 1904; x_wconf 87' lang='lat' dir='ltr'>scrivo</span> <span class='ocrx_word' id='word_1_47' title='bbox 579 1845 656 1905; x_wconf 86' lang='lat' dir='ltr'>solo</span> <span class='ocrx_word' id='word_1_48' title='bbox 680 1863 746 1923; x_wconf 90' lang='lat' dir='ltr'>per</span> <span class='ocrx_word' id='word_1_49' title='bbox 770 1841 949 1923; x_wconf 85' lang='lat' dir='ltr'>significar</span> <span class='ocrx_word' id='word_1_50' title='bbox 974 1862 1073 1904; x_wconf 91' lang='lat' dir='ltr'>come</span> <span class='ocrx_word' id='word_1_51' title='bbox 1098 1842 1131 1903; x_wconf 92' lang='lat' dir='ltr'>el</span> <span class='ocrx_word' id='word_1_52' title='bbox 1156 1841 1190 1902; x_wconf 79' lang='lat' dir='ltr'>dt</span> <span class='ocrx_word' id='word_1_53' title='bbox 1216 1840 1251 1902; x_wconf 91' lang='lat' dir='ltr'>di</span> <span class='ocrx_word' id='word_1_54' title='bbox 1275 1838 1312 1903; x_wconf 84' lang='lat' dir='ltr'>S.</span> <span class='ocrx_word' id='word_1_55' title='bbox 1333 1840 1477 1920; x_wconf 89' lang='lat' dir='ltr'>Jacobo</span> 
     </span>
     <span class='ocr_line' id='line_1_10' title="bbox 190 1949 1477 2031; baseline 0.001 -20"><span class='ocrx_word' id='word_1_56' title='bbox 190 1959 247 2031; x_wconf 78' lang='lat' dir='ltr'>qui</span> <span class='ocrx_word' id='word_1_57' title='bbox 281 1951 315 2011; x_wconf 91' lang='lat' dir='ltr'>in</span> <span class='ocrx_word' id='word_1_58' title='bbox 341 1949 445 2012; x_wconf 87' lang='lat' dir='ltr'>Gand</span> <span class='ocrx_word' id='word_1_59' title='bbox 477 1950 571 2011; x_wconf 87' lang='lat' dir='ltr'>nella</span> <span class='ocrx_word' id='word_1_60' title='bbox 603 1949 722 2030; x_wconf 87' lang='lat' dir='ltr'>piazza</span> <span class='ocrx_word' id='word_1_61' title='bbox 752 1951 847 2011; x_wconf 86' lang='lat' dir='ltr'>della</span> <span class='ocrx_word' id='word_1_62' title='bbox 872 1949 992 2012; x_wconf 82' lang='lat' dir='ltr'><strong>chiesa</strong></span> <span class='ocrx_word' id='word_1_63' title='bbox 1016 1949 1074 2011; x_wconf 91' lang='lat' dir='ltr'>del</span> <span class='ocrx_word' id='word_1_64' title='bbox 1099 1949 1197 2010; x_wconf 87' lang='lat' dir='ltr'>detto</span> <span class='ocrx_word' id='word_1_65' title='bbox 1222 1959 1325 2010; x_wconf 90' lang='lat' dir='ltr'>santo</span> <span class='ocrx_word' id='word_1_66' title='bbox 1359 1949 1430 2011; x_wconf 87' lang='lat' dir='ltr'>che</span> <span class='ocrx_word' id='word_1_67' title='bbox 1456 1950 1477 2012; x_wconf 79' lang='grc' dir='ltr'>ὲ</span> 
     </span>
     <span class='ocr_line' id='line_1_11' title="bbox 191 2054 1478 2137; baseline 0.001 -20"><span class='ocrx_word' id='word_1_68' title='bbox 191 2077 235 2118; x_wconf 92' lang='lat' dir='ltr'>un</span> <span class='ocrx_word' id='word_1_69' title='bbox 260 2057 364 2118; x_wconf 91' lang='lat' dir='ltr'>luoco</span> <span class='ocrx_word' id='word_1_70' title='bbox 389 2077 521 2137; x_wconf 84' lang='lat' dir='ltr'>capace</span> <span class='ocrx_word' id='word_1_71' title='bbox 546 2056 581 2118; x_wconf 90' lang='lat' dir='ltr'>di</span> <span class='ocrx_word' id='word_1_72' title='bbox 606 2055 698 2119; x_wconf 87' lang='lat' dir='ltr'>assai</span> <span class='ocrx_word' id='word_1_73' title='bbox 723 2056 859 2118; x_wconf 91' lang='lat' dir='ltr'>decene</span> <span class='ocrx_word' id='word_1_74' title='bbox 884 2055 919 2117; x_wconf 95' lang='lat' dir='ltr'>di</span> <span class='ocrx_word' id='word_1_75' title='bbox 935 2054 1065 2118; x_wconf 81' lang='lat' dir='ltr'>miliaia</span> <span class='ocrx_word' id='word_1_76' title='bbox 1083 2055 1118 2117; x_wconf 89' lang='lat' dir='ltr'>di</span> <span class='ocrx_word' id='word_1_77' title='bbox 1135 2075 1300 2136; x_wconf 86' lang='lat' dir='ltr'>persone,</span> <span class='ocrx_word' id='word_1_78' title='bbox 1323 2054 1362 2117; x_wconf 86' lang='lat' dir='ltr'>fu</span> <span class='ocrx_word' id='word_1_79' title='bbox 1380 2055 1478 2118; x_wconf 87' lang='lat' dir='ltr'>fatto</span> 
     </span>
     <span class='ocr_line' id='line_1_12' title="bbox 188 2162 1478 2244; baseline 0.001 -20"><span class='ocrx_word' id='word_1_80' title='bbox 188 2183 235 2224; x_wconf 91' lang='lat' dir='ltr'>un</span> <span class='ocrx_word' id='word_1_81' title='bbox 268 2183 430 2225; x_wconf 84' lang='lat' dir='ltr'>sermone</span> <span class='ocrx_word' id='word_1_82' title='bbox 463 2165 609 2226; x_wconf 83' lang='lat' dir='ltr'><strong>solenne</strong></span> <span class='ocrx_word' id='word_1_83' title='bbox 639 2164 674 2224; x_wconf 85' lang='lat' dir='ltr'>al</span> <span class='ocrx_word' id='word_1_84' title='bbox 704 2166 838 2244; x_wconf 93' lang='lat' dir='ltr'>populo</span> <span class='ocrx_word' id='word_1_85' title='bbox 871 2164 937 2224; x_wconf 89' lang='lat' dir='ltr'>che</span> <span class='ocrx_word' id='word_1_86' title='bbox 969 2182 1030 2224; x_wconf 89' lang='lat' dir='ltr'>era</span> <span class='ocrx_word' id='word_1_87' title='bbox 1061 2172 1154 2224; x_wconf 92' lang='lat' dir='ltr'>stato</span> <span class='ocrx_word' id='word_1_88' title='bbox 1187 2172 1413 2244; x_wconf 84' lang='lat' dir='ltr'>congregato</span> <span class='ocrx_word' id='word_1_89' title='bbox 1437 2162 1478 2225; x_wconf 91' lang='lat' dir='ltr'>in</span> 
     </span>
     <span class='ocr_line' id='line_1_13' title="bbox 189 2269 1478 2351; baseline 0.003 -22"><span class='ocrx_word' id='word_1_90' title='bbox 189 2269 287 2331; x_wconf 91' lang='lat' dir='ltr'>detto</span> <span class='ocrx_word' id='word_1_91' title='bbox 312 2271 415 2333; x_wconf 91' lang='lat' dir='ltr'>luoco</span> <span class='ocrx_word' id='word_1_92' title='bbox 440 2291 505 2351; x_wconf 90' lang='lat' dir='ltr'>per</span> <span class='ocrx_word' id='word_1_93' title='bbox 529 2289 598 2331; x_wconf 92' lang='lat' dir='ltr'>uno</span> <span class='ocrx_word' id='word_1_94' title='bbox 624 2270 771 2332; x_wconf 90' lang='lat' dir='ltr'>heraldo</span> <span class='ocrx_word' id='word_1_95' title='bbox 797 2279 832 2331; x_wconf 91' lang='lat' dir='ltr'>et</span> <span class='ocrx_word' id='word_1_96' title='bbox 855 2271 1046 2332; x_wconf 90' lang='lat' dir='ltr'>trombette</span> <span class='ocrx_word' id='word_1_97' title='bbox 1063 2269 1098 2331; x_wconf 92' lang='lat' dir='ltr'>di</span> <span class='ocrx_word' id='word_1_98' title='bbox 1116 2269 1247 2332; x_wconf 85' lang='lat' dir='ltr'>Cesare</span> <span class='ocrx_word' id='word_1_99' title='bbox 1272 2279 1307 2330; x_wconf 87' lang='lat' dir='ltr'>et</span> <span class='ocrx_word' id='word_1_100' title='bbox 1330 2269 1478 2350; x_wconf 91' lang='lat' dir='ltr'>pubbli-</span> 
     </span>
     <span class='ocr_line' id='line_1_14' title="bbox 188 2375 1478 2459; baseline 0 -21"><span class='ocrx_word' id='word_1_101' title='bbox 188 2386 268 2438; x_wconf 89' lang='lat' dir='ltr'>cata</span> <span class='ocrx_word' id='word_1_102' title='bbox 297 2377 343 2439; x_wconf 92' lang='lat' dir='ltr'>da</span> <span class='ocrx_word' id='word_1_103' title='bbox 368 2397 484 2438; x_wconf 91' lang='lat' dir='ltr'>nuovo</span> <span class='ocrx_word' id='word_1_104' title='bbox 513 2378 547 2439; x_wconf 88' lang='lat' dir='ltr'>la</span> <span class='ocrx_word' id='word_1_105' title='bbox 571 2378 669 2438; x_wconf 86' lang='lat' dir='ltr'>bulla</span> <span class='ocrx_word' id='word_1_106' title='bbox 693 2376 846 2458; x_wconf 82' lang='lat' dir='ltr'>original</span> <span class='ocrx_word' id='word_1_107' title='bbox 870 2376 1068 2459; x_wconf 87' lang='lat' dir='ltr'>apostolica</span> <span class='ocrx_word' id='word_1_108' title='bbox 1092 2385 1127 2437; x_wconf 90' lang='lat' dir='ltr'>et</span> <span class='ocrx_word' id='word_1_109' title='bbox 1151 2378 1186 2439; x_wconf 94' lang='lat' dir='ltr'>lo</span> <span class='ocrx_word' id='word_1_110' title='bbox 1210 2377 1327 2438; x_wconf 90' lang='lat' dir='ltr'>edicto</span> <span class='ocrx_word' id='word_1_111' title='bbox 1344 2377 1391 2438; x_wconf 86' lang='lat' dir='ltr'>de</span> <span class='ocrx_word' id='word_1_112' title='bbox 1410 2375 1478 2438; x_wconf 89' lang='lat' dir='ltr'>Ce-</span> 
     </span>
     <span class='ocr_line' id='line_1_15' title="bbox 188 2482 1477 2547; baseline -0.001 -1"><span class='ocrx_word' id='word_1_113' title='bbox 188 2504 246 2547; x_wconf 88' lang='lat' dir='ltr'>sar</span> <span class='ocrx_word' id='word_1_114' title='bbox 276 2495 312 2546; x_wconf 92' lang='lat' dir='ltr'>et</span> <span class='ocrx_word' id='word_1_115' title='bbox 344 2483 452 2546; x_wconf 90' lang='lat' dir='ltr'>infine</span> <span class='ocrx_word' id='word_1_116' title='bbox 482 2485 539 2546; x_wconf 89' lang='lat' dir='ltr'>del</span> <span class='ocrx_word' id='word_1_117' title='bbox 570 2503 709 2546; x_wconf 90' lang='lat' dir='ltr'>sermon</span> <span class='ocrx_word' id='word_1_118' title='bbox 734 2484 770 2545; x_wconf 93' lang='lat' dir='ltr'>in</span> <span class='ocrx_word' id='word_1_119' title='bbox 793 2504 864 2545; x_wconf 92' lang='lat' dir='ltr'>uno</span> <span class='ocrx_word' id='word_1_120' title='bbox 889 2485 961 2545; x_wconf 91' lang='lat' dir='ltr'>alto</span> <span class='ocrx_word' id='word_1_121' title='bbox 992 2484 1151 2546; x_wconf 88' lang='lat' dir='ltr'>tavolato</span> <span class='ocrx_word' id='word_1_122' title='bbox 1184 2482 1310 2545; x_wconf 85' lang='lat' dir='ltr'>surono</span> <span class='ocrx_word' id='word_1_123' title='bbox 1341 2483 1477 2545; x_wconf 90' lang='lat' dir='ltr'>abbru·</span> 
     </span>
     <span class='ocr_line' id='line_1_16' title="bbox 188 2587 1478 2671; baseline 0.001 -19"><span class='ocrx_word' id='word_1_124' title='bbox 188 2589 289 2652; x_wconf 87' lang='lat' dir='ltr'>sciati</span> <span class='ocrx_word' id='word_1_125' title='bbox 313 2589 372 2671; x_wconf 76' lang='lat' dir='ltr'>piii</span> <span class='ocrx_word' id='word_1_126' title='bbox 399 2589 434 2650; x_wconf 88' lang='lat' dir='ltr'>di</span> <span class='ocrx_word' id='word_1_127' title='bbox 459 2600 558 2652; x_wconf 89' lang='lat' dir='ltr'>cccto</span> <span class='ocrx_word' id='word_1_128' title='bbox 582 2589 663 2652; x_wconf 88' lang='lat' dir='ltr'>libri</span> <span class='ocrx_word' id='word_1_129' title='bbox 689 2590 723 2651; x_wconf 92' lang='lat' dir='ltr'>di</span> <span class='ocrx_word' id='word_1_130' title='bbox 740 2591 874 2652; x_wconf 89' lang='lat' dir='ltr'>Luther</span> <span class='ocrx_word' id='word_1_131' title='bbox 898 2599 1000 2671; x_wconf 91' lang='lat' dir='ltr'>parte</span> <span class='ocrx_word' id='word_1_132' title='bbox 1025 2587 1188 2670; x_wconf 87' lang='lat' dir='ltr'>impressi</span> <span class='ocrx_word' id='word_1_133' title='bbox 1212 2588 1282 2671; x_wconf 91' lang='lat' dir='ltr'>qui,</span> <span class='ocrx_word' id='word_1_134' title='bbox 1307 2598 1343 2650; x_wconf 89' lang='lat' dir='ltr'>et</span> <span class='ocrx_word' id='word_1_135' title='bbox 1366 2599 1478 2670; x_wconf 90' lang='lat' dir='ltr'>parte</span> 
     </span>
     <span class='ocr_line' id='line_1_17' title="bbox 187 2696 1477 2779; baseline -0.001 -20"><span class='ocrx_word' id='word_1_136' title='bbox 187 2697 222 2759; x_wconf 93' lang='lat' dir='ltr'>in</span> <span class='ocrx_word' id='word_1_137' title='bbox 253 2699 326 2760; x_wconf 88' lang='lat' dir='ltr'>alta</span> <span class='ocrx_word' id='word_1_138' title='bbox 351 2697 552 2779; x_wconf 85' lang='lat' dir='ltr'>Alemagna</span> <span class='ocrx_word' id='word_1_139' title='bbox 584 2706 619 2759; x_wconf 94' lang='lat' dir='ltr'>et</span> <span class='ocrx_word' id='word_1_140' title='bbox 650 2708 776 2778; x_wconf 88' lang='lat' dir='ltr'>questo</span> <span class='ocrx_word' id='word_1_141' title='bbox 810 2718 874 2779; x_wconf 86' lang='lat' dir='ltr'>per</span> <span class='ocrx_word' id='word_1_142' title='bbox 903 2698 968 2759; x_wconf 89' lang='lat' dir='ltr'>dar</span> <span class='ocrx_word' id='word_1_143' title='bbox 999 2696 1163 2778; x_wconf 88' lang='lat' dir='ltr'>exempio</span> <span class='ocrx_word' id='word_1_144' title='bbox 1194 2717 1216 2759; x_wconf 92' lang='lat' dir='ltr'>a</span> <span class='ocrx_word' id='word_1_145' title='bbox 1238 2696 1320 2758; x_wconf 89' lang='lat' dir='ltr'>tutti</span> <span class='ocrx_word' id='word_1_146' title='bbox 1345 2696 1477 2777; x_wconf 92' lang='lat' dir='ltr'>populi</span> 
     </span>
     <span class='ocr_line' id='line_1_18' title="bbox 189 2802 1476 2885; baseline 0.002 -21"><span class='ocrx_word' id='word_1_147' title='bbox 189 2804 248 2885; x_wconf 91' lang='lat' dir='ltr'>qui</span> <span class='ocrx_word' id='word_1_148' title='bbox 274 2814 309 2866; x_wconf 91' lang='lat' dir='ltr'>et</span> <span class='ocrx_word' id='word_1_149' title='bbox 333 2804 573 2865; x_wconf 88' lang='lat' dir='ltr'><strong>circumvicini</strong></span> <span class='ocrx_word' id='word_1_150' title='bbox 607 2814 643 2866; x_wconf 93' lang='lat' dir='ltr'>et</span> <span class='ocrx_word' id='word_1_151' title='bbox 676 2804 805 2867; x_wconf 86' lang='lat' dir='ltr'>furono</span> <span class='ocrx_word' id='word_1_152' title='bbox 837 2804 1016 2885; x_wconf 89' lang='lat' dir='ltr'>apportati</span> <span class='ocrx_word' id='word_1_153' title='bbox 1046 2806 1081 2866; x_wconf 90' lang='grc'>31</span> <span class='ocrx_word' id='word_1_154' title='bbox 1105 2804 1208 2866; x_wconf 89' lang='lat' dir='ltr'>focco</span> <span class='ocrx_word' id='word_1_155' title='bbox 1232 2802 1324 2866; x_wconf 91' lang='lat' dir='ltr'>assai</span> <span class='ocrx_word' id='word_1_156' title='bbox 1350 2803 1398 2865; x_wconf 91' lang='lat' dir='ltr'>da</span> <span class='ocrx_word' id='word_1_157' title='bbox 1423 2804 1476 2866; x_wconf 91' lang='lat' dir='ltr'>di·</span> 
     </span>
     <span class='ocr_line' id='line_1_19' title="bbox 189 2909 1476 2992; baseline 0 -20"><span class='ocrx_word' id='word_1_158' title='bbox 189 2932 291 2974; x_wconf 89' lang='lat' dir='ltr'>verse</span> <span class='ocrx_word' id='word_1_159' title='bbox 316 2931 483 2992; x_wconf 85' lang='lat' dir='ltr'>persone,</span> <span class='ocrx_word' id='word_1_160' title='bbox 517 2920 572 2973; x_wconf 89' lang='lat' dir='ltr'>tra</span> <span class='ocrx_word' id='word_1_161' title='bbox 599 2910 623 2973; x_wconf 92' lang='lat' dir='ltr'>li</span> <span class='ocrx_word' id='word_1_162' title='bbox 648 2911 743 2992; x_wconf 91' lang='lat' dir='ltr'>quali</span> <span class='ocrx_word' id='word_1_163' title='bbox 767 2911 848 2974; x_wconf 86' lang='lat' dir='ltr'><strong>libri</strong></span> <span class='ocrx_word' id='word_1_164' title='bbox 873 2911 971 2973; x_wconf 90' lang='lat' dir='ltr'>molti</span> <span class='ocrx_word' id='word_1_165' title='bbox 996 2931 1104 2974; x_wconf 91' lang='lat' dir='ltr'>erano</span> <span class='ocrx_word' id='word_1_166' title='bbox 1128 2909 1230 2992; x_wconf 87' lang='lat' dir='ltr'>ligati</span> <span class='ocrx_word' id='word_1_167' title='bbox 1254 2910 1476 2972; x_wconf 87' lang='lat' dir='ltr'>excellente-</span> 
     </span>
     <span class='ocr_line' id='line_1_20' title="bbox 187 3015 1476 3099; baseline -0.001 -18"><span class='ocrx_word' id='word_1_168' title='bbox 187 3028 305 3081; x_wconf 88' lang='lat' dir='ltr'>mente</span> <span class='ocrx_word' id='word_1_169' title='bbox 331 3029 366 3080; x_wconf 91' lang='lat' dir='ltr'>et</span> <span class='ocrx_word' id='word_1_170' title='bbox 390 3037 460 3080; x_wconf 91' lang='lat' dir='ltr'>uno</span> <span class='ocrx_word' id='word_1_171' title='bbox 483 3017 670 3099; x_wconf 87' lang='lat' dir='ltr'>presertim</span> <span class='ocrx_word' id='word_1_172' title='bbox 683 3019 842 3099; x_wconf 58' lang='lat' dir='ltr'>toperto</span> <span class='ocrx_word' id='word_1_173' title='bbox 868 3018 903 3080; x_wconf 93' lang='lat' dir='ltr'>di</span> <span class='ocrx_word' id='word_1_174' title='bbox 927 3020 1059 3099; x_wconf 91' lang='lat' dir='ltr'>velut0,</span> <span class='ocrx_word' id='word_1_175' title='bbox 1083 3019 1118 3080; x_wconf 94' lang='lat' dir='ltr'>in</span> <span class='ocrx_word' id='word_1_176' title='bbox 1141 3018 1176 3079; x_wconf 90' lang='lat' dir='ltr'>la</span> <span class='ocrx_word' id='word_1_177' title='bbox 1192 3015 1374 3099; x_wconf 84' lang='lat' dir='ltr'>presentia</span> <span class='ocrx_word' id='word_1_178' title='bbox 1400 3036 1476 3080; x_wconf 92' lang='lat' dir='ltr'>non</span> 
     </span>
     <span class='ocr_line' id='line_1_21' title="bbox 188 3124 1476 3207; baseline 0 -21"><span class='ocrx_word' id='word_1_179' title='bbox 188 3127 300 3187; x_wconf 89' lang='lat' dir='ltr'>solum</span> <span class='ocrx_word' id='word_1_180' title='bbox 325 3126 370 3186; x_wconf 87' lang='lat' dir='ltr'>de</span> <span class='ocrx_word' id='word_1_181' title='bbox 395 3134 486 3187; x_wconf 88' lang='lat' dir='ltr'>tutta</span> <span class='ocrx_word' id='word_1_182' title='bbox 510 3127 544 3187; x_wconf 94' lang='lat' dir='ltr'>la</span> <span class='ocrx_word' id='word_1_183' title='bbox 568 3134 683 3205; x_wconf 89' lang='lat' dir='ltr'>corte,</span> <span class='ocrx_word' id='word_1_184' title='bbox 709 3127 744 3188; x_wconf 85' lang='lat' dir='ltr'>la</span> <span class='ocrx_word' id='word_1_185' title='bbox 768 3128 850 3207; x_wconf 91' lang='lat' dir='ltr'>qual</span> <span class='ocrx_word' id='word_1_186' title='bbox 873 3128 987 3189; x_wconf 90' lang='lat' dir='ltr'>havea</span> <span class='ocrx_word' id='word_1_187' title='bbox 1011 3135 1250 3207; x_wconf 86' lang='lat' dir='ltr'>compagnato</span> <span class='ocrx_word' id='word_1_188' title='bbox 1276 3124 1411 3186; x_wconf 85' lang='lat' dir='ltr'>Cesare</span> <span class='ocrx_word' id='word_1_189' title='bbox 1436 3134 1476 3186; x_wconf 91' lang='lat' dir='ltr'>et</span> 
     </span>
     <span class='ocr_line' id='line_1_22' title="bbox 188 3231 1474 3315; baseline 0.002 -21"><span class='ocrx_word' id='word_1_190' title='bbox 188 3233 221 3294; x_wconf 91' lang='lat' dir='ltr'>el</span> <span class='ocrx_word' id='word_1_191' title='bbox 246 3252 285 3295; x_wconf 93' lang='lat' dir='ltr'>re</span> <span class='ocrx_word' id='word_1_192' title='bbox 310 3232 345 3293; x_wconf 95' lang='lat' dir='ltr'>di</span> <span class='ocrx_word' id='word_1_193' title='bbox 370 3231 477 3294; x_wconf 89' lang='lat' dir='ltr'>Datia</span> <span class='ocrx_word' id='word_1_194' title='bbox 501 3233 571 3295; x_wconf 88' lang='grc'><strong>3113</strong></span> <span class='ocrx_word' id='word_1_195' title='bbox 586 3233 706 3297; x_wconf 85' lang='lat' dir='ltr'>Messa</span> <span class='ocrx_word' id='word_1_196' title='bbox 731 3235 766 3296; x_wconf 95' lang='lat' dir='ltr'>in</span> <span class='ocrx_word' id='word_1_197' title='bbox 791 3236 891 3299; x_wconf 89' lang='lat' dir='ltr'>detta</span> <span class='ocrx_word' id='word_1_198' title='bbox 915 3235 1065 3315; x_wconf 86' lang='lat' dir='ltr'>Chiesia,</span> <span class='ocrx_word' id='word_1_199' title='bbox 1089 3257 1147 3298; x_wconf 92' lang='lat' dir='ltr'>ma</span> <span class='ocrx_word' id='word_1_200' title='bbox 1171 3234 1276 3297; x_wconf 89' lang='lat' dir='ltr'>etiam</span> <span class='ocrx_word' id='word_1_201' title='bbox 1301 3234 1345 3296; x_wconf 92' lang='lat' dir='ltr'>de</span> <span class='ocrx_word' id='word_1_202' title='bbox 1369 3232 1474 3296; x_wconf 92' lang='lat' dir='ltr'>innu-</span> 
     </span>
     <span class='ocr_line' id='line_1_23' title="bbox 189 3337 1476 3424; baseline 0.002 -23"><span class='ocrx_word' id='word_1_203' title='bbox 189 3338 336 3401; x_wconf 90' lang='lat' dir='ltr'>merabil</span> <span class='ocrx_word' id='word_1_204' title='bbox 361 3340 494 3420; x_wconf 92' lang='lat' dir='ltr'>populo</span> <span class='ocrx_word' id='word_1_205' title='bbox 518 3337 731 3422; x_wconf 87' lang='lat' dir='ltr'>fiammengo</span> <span class='ocrx_word' id='word_1_206' title='bbox 757 3352 792 3405; x_wconf 89' lang='lat' dir='ltr'>et</span> <span class='ocrx_word' id='word_1_207' title='bbox 806 3343 1019 3406; x_wconf 88' lang='lat' dir='ltr'>brabantino</span> <span class='ocrx_word' id='word_1_208' title='bbox 1035 3363 1100 3424; x_wconf 90' lang='lat' dir='ltr'>per</span> <span class='ocrx_word' id='word_1_209' title='bbox 1117 3363 1236 3406; x_wconf 84' lang='lat' dir='ltr'>essere</span> <span class='ocrx_word' id='word_1_210' title='bbox 1251 3343 1285 3404; x_wconf 89' lang='lat' dir='ltr'>al</span> <span class='ocrx_word' id='word_1_211' title='bbox 1301 3350 1476 3424; x_wconf 88' lang='lat' dir='ltr'>presente</span> 
     </span>
     <span class='ocr_line' id='line_1_24' title="bbox 189 3444 1555 3533; baseline -0.001 -27"><span class='ocrx_word' id='word_1_212' title='bbox 189 3444 249 3526; x_wconf 68' lang='lat' dir='ltr'>piri</span> <span class='ocrx_word' id='word_1_213' title='bbox 274 3445 309 3507; x_wconf 92' lang='grc'>13</span> <span class='ocrx_word' id='word_1_214' title='bbox 333 3444 451 3507; x_wconf 86' lang='lat' dir='ltr'>diaeta</span> <span class='ocrx_word' id='word_1_215' title='bbox 474 3449 622 3527; x_wconf 88' lang='lat' dir='ltr'>general</span> <span class='ocrx_word' id='word_1_216' title='bbox 648 3449 683 3509; x_wconf 94' lang='lat' dir='ltr'>di</span> <span class='ocrx_word' id='word_1_217' title='bbox 707 3449 788 3511; x_wconf 91' lang='lat' dir='ltr'>tutti</span> <span class='ocrx_word' id='word_1_218' title='bbox 813 3448 927 3531; x_wconf 88' lang='lat' dir='ltr'>questi</span> <span class='ocrx_word' id='word_1_219' title='bbox 951 3449 1143 3533; x_wconf 91' lang='lat' dir='ltr'>principati</span> <span class='ocrx_word' id='word_1_220' title='bbox 1167 3458 1202 3512; x_wconf 90' lang='lat' dir='ltr'>et</span> <span class='ocrx_word' id='word_1_221' title='bbox 1225 3447 1325 3531; x_wconf 89' lang='lat' dir='ltr'>paesi</span> <span class='ocrx_word' id='word_1_222' title='bbox 1350 3457 1385 3509; x_wconf 91' lang='lat' dir='ltr'>et</span> <span class='ocrx_word' id='word_1_223' title='bbox 1411 3448 1475 3511; x_wconf 89' lang='lat' dir='ltr'>del</span> <span class='ocrx_word' id='word_1_224' title='bbox 1551 3498 1555 3505; x_wconf 92' lang='lat'>.</span> 
     </span>
     <span class='ocr_line' id='line_1_25' title="bbox 189 3549 1473 3638; baseline 0.003 -27"><span class='ocrx_word' id='word_1_225' title='bbox 189 3553 322 3632; x_wconf 91' lang='lat' dir='ltr'>populo</span> <span class='ocrx_word' id='word_1_226' title='bbox 347 3552 393 3613; x_wconf 93' lang='lat' dir='ltr'>de</span> <span class='ocrx_word' id='word_1_227' title='bbox 418 3549 522 3613; x_wconf 88' lang='lat' dir='ltr'>Gand</span> <span class='ocrx_word' id='word_1_228' title='bbox 547 3574 652 3616; x_wconf 87' lang='lat' dir='ltr'>senza</span> <span class='ocrx_word' id='word_1_229' title='bbox 677 3575 821 3618; x_wconf 89' lang='lat' dir='ltr'>numero</span> <span class='ocrx_word' id='word_1_230' title='bbox 847 3577 868 3618; x_wconf 94' lang='lat' dir='ltr'>o</span> <span class='ocrx_word' id='word_1_231' title='bbox 891 3554 973 3636; x_wconf 87' lang='lat' dir='ltr'>fine,</span> <span class='ocrx_word' id='word_1_232' title='bbox 998 3558 1063 3619; x_wconf 88' lang='lat' dir='ltr'>che</span> <span class='ocrx_word' id='word_1_233' title='bbox 1079 3577 1144 3638; x_wconf 89' lang='lat' dir='ltr'>per</span> <span class='ocrx_word' id='word_1_234' title='bbox 1158 3554 1288 3618; x_wconf 90' lang='lat' dir='ltr'>iudicio</span> <span class='ocrx_word' id='word_1_235' title='bbox 1313 3553 1349 3615; x_wconf 94' lang='lat' dir='ltr'>di</span> <span class='ocrx_word' id='word_1_236' title='bbox 1373 3554 1473 3617; x_wconf 88' lang='lat' dir='ltr'>assai</span> 
     </span>
     <span class='ocr_line' id='line_1_26' title="bbox 190 3657 1474 3738; baseline 0.004 -21"><span class='ocrx_word' id='word_1_237' title='bbox 190 3657 225 3719; x_wconf 92' lang='lat' dir='ltr'>di</span> <span class='ocrx_word' id='word_1_238' title='bbox 250 3669 375 3738; x_wconf 86' lang='lat' dir='ltr'>questa</span> <span class='ocrx_word' id='word_1_239' title='bbox 400 3666 495 3719; x_wconf 89' lang='lat' dir='ltr'>terra</span> <span class='ocrx_word' id='word_1_240' title='bbox 518 3658 547 3720; x_wconf 93' lang='lat' dir='ltr'>si</span> <span class='ocrx_word' id='word_1_241' title='bbox 568 3660 701 3723; x_wconf 87' lang='lat' dir='ltr'>extima</span> <span class='ocrx_word' id='word_1_242' title='bbox 725 3663 790 3724; x_wconf 89' lang='lat' dir='ltr'>che</span> <span class='ocrx_word' id='word_1_243' title='bbox 815 3663 952 3725; x_wconf 82' lang='lat' dir='ltr'>sussero</span> <span class='ocrx_word' id='word_1_244' title='bbox 970 3665 1015 3725; x_wconf 89' lang='lat' dir='ltr'>ad</span> <span class='ocrx_word' id='word_1_245' title='bbox 1033 3665 1081 3725; x_wconf 88' lang='lat' dir='ltr'>tal</span> <span class='ocrx_word' id='word_1_246' title='bbox 1097 3683 1237 3726; x_wconf 88' lang='lat' dir='ltr'>sermon</span> <span class='ocrx_word' id='word_1_247' title='bbox 1253 3673 1288 3724; x_wconf 89' lang='lat' dir='ltr'>et</span> <span class='ocrx_word' id='word_1_248' title='bbox 1302 3660 1474 3723; x_wconf 89' lang='lat' dir='ltr'>incendio</span> 
     </span>
     <span class='ocr_line' id='line_1_27' title="bbox 189 3763 1475 3851; baseline 0.005 -28"><span class='ocrx_word' id='word_1_249' title='bbox 189 3763 249 3844; x_wconf 76' lang='lat' dir='ltr'>pit</span> <span class='ocrx_word' id='word_1_250' title='bbox 274 3763 310 3824; x_wconf 91' lang='lat' dir='ltr'>di</span> <span class='ocrx_word' id='word_1_251' title='bbox 334 3763 525 3844; x_wconf 89' lang='lat' dir='ltr'>cinquanta</span> <span class='ocrx_word' id='word_1_252' title='bbox 542 3765 648 3828; x_wconf 90' lang='lat' dir='ltr'>millia</span> <span class='ocrx_word' id='word_1_253' title='bbox 672 3788 836 3849; x_wconf 89' lang='lat' dir='ltr'>persone,</span> <span class='ocrx_word' id='word_1_254' title='bbox 861 3777 898 3831; x_wconf 88' lang='lat' dir='ltr'>et</span> <span class='ocrx_word' id='word_1_255' title='bbox 915 3769 1046 3834; x_wconf 86' lang='lat' dir='ltr'>Caesar</span> <span class='ocrx_word' id='word_1_256' title='bbox 1070 3769 1215 3851; x_wconf 86' lang='lat' dir='ltr'>passovi</span> <span class='ocrx_word' id='word_1_257' title='bbox 1235 3787 1410 3851; x_wconf 90' lang='lat' dir='ltr'>appresso</span> <span class='ocrx_word' id='word_1_258' title='bbox 1436 3778 1475 3830; x_wconf 88' lang='lat' dir='ltr'>et</span> 
     </span>
     <span class='ocr_line' id='line_1_28' title="bbox 190 3869 1473 3939; baseline 0.005 -9"><span class='ocrx_word' id='word_1_259' title='bbox 190 3869 268 3932; x_wconf 86' lang='lat' dir='ltr'>fece</span> <span class='ocrx_word' id='word_1_260' title='bbox 299 3890 346 3931; x_wconf 91' lang='lat' dir='ltr'>un</span> <span class='ocrx_word' id='word_1_261' title='bbox 378 3872 437 3932; x_wconf 89' lang='lat' dir='ltr'>bel</span> <span class='ocrx_word' id='word_1_262' title='bbox 468 3871 538 3934; x_wconf 91' lang='lat' dir='ltr'>riso</span> <span class='ocrx_word' id='word_1_263' title='bbox 568 3882 604 3935; x_wconf 88' lang='lat' dir='ltr'>et</span> <span class='ocrx_word' id='word_1_264' title='bbox 626 3873 720 3937; x_wconf 87' lang='lat' dir='ltr'>festa</span> <span class='ocrx_word' id='word_1_265' title='bbox 744 3874 779 3937; x_wconf 93' lang='lat' dir='ltr'>di</span> <span class='ocrx_word' id='word_1_266' title='bbox 803 3877 852 3938; x_wconf 89' lang='lat' dir='ltr'>tal</span> <span class='ocrx_word' id='word_1_267' title='bbox 877 3896 970 3939; x_wconf 88' lang='lat' dir='ltr'>cosa.</span> <span class='ocrx_word' id='word_1_268' title='bbox 1018 3876 1125 3939; x_wconf 87' lang='lat' dir='ltr'>Eravi</span> <span class='ocrx_word' id='word_1_269' title='bbox 1149 3886 1290 3939; x_wconf 89' lang='lat' dir='ltr'>attorno</span> <span class='ocrx_word' id='word_1_270' title='bbox 1314 3875 1340 3937; x_wconf 90' lang='lat' dir='ltr'>il</span> <span class='ocrx_word' id='word_1_271' title='bbox 1363 3875 1473 3937; x_wconf 91' lang='lat' dir='ltr'>luoco</span> 
     </span>
     <span class='ocr_line' id='line_1_29' title="bbox 189 3976 1474 4060; baseline 0.005 -22"><span class='ocrx_word' id='word_1_272' title='bbox 189 3977 247 4039; x_wconf 91' lang='lat' dir='ltr'>del</span> <span class='ocrx_word' id='word_1_273' title='bbox 272 3976 409 4058; x_wconf 88' lang='lat' dir='ltr'>pulpito</span> <span class='ocrx_word' id='word_1_274' title='bbox 434 3977 457 4041; x_wconf 92' lang='lat' dir='ltr'>li</span> <span class='ocrx_word' id='word_1_275' title='bbox 483 3989 623 4060; x_wconf 89' lang='lat' dir='ltr'>quattro</span> <span class='ocrx_word' id='word_1_276' title='bbox 648 3982 762 4045; x_wconf 90' lang='lat' dir='ltr'>ordini</span> <span class='ocrx_word' id='word_1_277' title='bbox 787 3983 1002 4046; x_wconf 85' lang='lat' dir='ltr'>mendicanti</span> <span class='ocrx_word' id='word_1_278' title='bbox 1027 4005 1093 4047; x_wconf 92' lang='lat' dir='ltr'>con</span> <span class='ocrx_word' id='word_1_279' title='bbox 1118 3986 1151 4047; x_wconf 88' lang='lat' dir='ltr'>le</span> <span class='ocrx_word' id='word_1_280' title='bbox 1176 3983 1270 4047; x_wconf 87' lang='lat' dir='ltr'>croci</span> <span class='ocrx_word' id='word_1_281' title='bbox 1294 3981 1329 4044; x_wconf 94' lang='lat' dir='ltr'>in</span> <span class='ocrx_word' id='word_1_282' title='bbox 1353 3981 1474 4045; x_wconf 85' lang='lat' dir='ltr'>forma</span> 
     </span>
     <span class='ocr_line' id='line_1_30' title="bbox 190 4082 1474 4173; baseline 0.007 -29"><span class='ocrx_word' id='word_1_283' title='bbox 190 4082 226 4144; x_wconf 92' lang='lat' dir='ltr'>di</span> <span class='ocrx_word' id='word_1_284' title='bbox 250 4084 485 4163; x_wconf 88' lang='lat' dir='ltr'>processioni,</span> <span class='ocrx_word' id='word_1_285' title='bbox 519 4085 543 4147; x_wconf 94' lang='lat' dir='ltr'>li</span> <span class='ocrx_word' id='word_1_286' title='bbox 576 4088 671 4167; x_wconf 90' lang='lat' dir='ltr'>quali</span> <span class='ocrx_word' id='word_1_287' title='bbox 701 4088 735 4151; x_wconf 91' lang='lat' dir='ltr'>io</span> <span class='ocrx_word' id='word_1_288' title='bbox 768 4090 908 4153; x_wconf 88' lang='lat' dir='ltr'>haveva</span> <span class='ocrx_word' id='word_1_289' title='bbox 938 4093 972 4154; x_wconf 89' lang='lat' dir='ltr'>el</span> <span class='ocrx_word' id='word_1_290' title='bbox 1000 4091 1035 4153; x_wconf 92' lang='lat' dir='ltr'>di</span> <span class='ocrx_word' id='word_1_291' title='bbox 1059 4092 1179 4154; x_wconf 88' lang='lat' dir='ltr'>avanti</span> <span class='ocrx_word' id='word_1_292' title='bbox 1203 4111 1268 4173; x_wconf 91' lang='lat' dir='ltr'>per</span> <span class='ocrx_word' id='word_1_293' title='bbox 1294 4088 1474 4153; x_wconf 77' lang='lat' dir='ltr'>auctorita</span> 
     </span>
     <span class='ocr_line' id='line_1_31' title="bbox 189 4189 1101 4271; baseline 0.011 -21"><span class='ocrx_word' id='word_1_294' title='bbox 189 4189 388 4271; x_wconf 90' lang='lat' dir='ltr'>apostolica</span> <span class='ocrx_word' id='word_1_295' title='bbox 412 4191 576 4254; x_wconf 86' lang='lat' dir='ltr'>ordinato</span> <span class='ocrx_word' id='word_1_296' title='bbox 601 4196 666 4257; x_wconf 89' lang='lat' dir='ltr'>che</span> <span class='ocrx_word' id='word_1_297' title='bbox 691 4196 873 4259; x_wconf 88' lang='lat' dir='ltr'>venissero</span> <span class='ocrx_word' id='word_1_298' title='bbox 898 4219 919 4259; x_wconf 90' lang='lat' dir='ltr'>a</span> <span class='ocrx_word' id='word_1_299' title='bbox 944 4200 991 4260; x_wconf 90' lang='lat' dir='ltr'>tal</span> <span class='ocrx_word' id='word_1_300' title='bbox 1017 4209 1101 4261; x_wconf 89' lang='lat' dir='ltr'>att0.</span> 
     </span>
    </p>

    <p class='ocr_par' dir='ltr' id='par_1_7' title="bbox 189 4297 1472 4921">
     <span class='ocr_line' id='line_1_32' title="bbox 279 4297 1472 4387; baseline 0.008 -30"><span class='ocrx_word' id='word_1_301' title='bbox 279 4297 334 4357; x_wconf 92' lang='lat' dir='ltr'>De</span> <span class='ocrx_word' id='word_1_302' title='bbox 359 4297 418 4379; x_wconf 92' lang='lat' dir='ltr'>qui</span> <span class='ocrx_word' id='word_1_303' title='bbox 441 4299 573 4379; x_wconf 86' lang='lat' dir='ltr'>partito</span> <span class='ocrx_word' id='word_1_304' title='bbox 597 4303 708 4365; x_wconf 83' lang='lat' dir='ltr'>andro</span> <span class='ocrx_word' id='word_1_305' title='bbox 733 4303 804 4366; x_wconf 87' lang='lat' dir='ltr'>fino</span> <span class='ocrx_word' id='word_1_306' title='bbox 829 4305 864 4366; x_wconf 95' lang='lat' dir='ltr'>in</span> <span class='ocrx_word' id='word_1_307' title='bbox 890 4305 1093 4384; x_wconf 87' lang='lat' dir='ltr'>Hollandia,</span> <span class='ocrx_word' id='word_1_308' title='bbox 1117 4308 1210 4369; x_wconf 88' lang='lat' dir='ltr'>dove</span> <span class='ocrx_word' id='word_1_309' title='bbox 1227 4306 1309 4387; x_wconf 90' lang='lat' dir='ltr'>quel</span> <span class='ocrx_word' id='word_1_310' title='bbox 1333 4306 1472 4385; x_wconf 92' lang='lat' dir='ltr'>populo</span> 
     </span>
     <span class='ocr_line' id='line_1_33' title="bbox 191 4403 1472 4492; baseline 0.007 -27"><span class='ocrx_word' id='word_1_311' title='bbox 191 4411 225 4465; x_wconf 92' lang='lat' dir='ltr'>et</span> <span class='ocrx_word' id='word_1_312' title='bbox 255 4403 443 4483; x_wconf 85' lang='lat' dir='ltr'>presertim</span> <span class='ocrx_word' id='word_1_313' title='bbox 480 4407 512 4467; x_wconf 94' lang='lat' dir='ltr'>el</span> <span class='ocrx_word' id='word_1_314' title='bbox 544 4408 702 4471; x_wconf 89' lang='lat' dir='ltr'>conselio</span> <span class='ocrx_word' id='word_1_315' title='bbox 734 4410 770 4471; x_wconf 91' lang='lat' dir='ltr'>di</span> <span class='ocrx_word' id='word_1_316' title='bbox 795 4409 904 4473; x_wconf 89' lang='lat' dir='ltr'>Cesar</span> <span class='ocrx_word' id='word_1_317' title='bbox 934 4413 952 4474; x_wconf 76' lang='grc' dir='ltr'><em>ὲ</em></span> <span class='ocrx_word' id='word_1_318' title='bbox 986 4415 1094 4475; x_wconf 88' lang='lat' dir='ltr'>molto</span> <span class='ocrx_word' id='word_1_319' title='bbox 1120 4413 1247 4475; x_wconf 86' lang='lat' dir='ltr'>infetto</span> <span class='ocrx_word' id='word_1_320' title='bbox 1272 4413 1317 4473; x_wconf 90' lang='lat' dir='ltr'>de</span> <span class='ocrx_word' id='word_1_321' title='bbox 1341 4420 1472 4492; x_wconf 89' lang='lat' dir='ltr'>questa</span> 
     </span>
     <span class='ocr_line' id='line_1_34' title="bbox 189 4508 1471 4593; baseline 0.008 -22"><span class='ocrx_word' id='word_1_322' title='bbox 189 4508 334 4590; x_wconf 72' lang='lat' dir='ltr'>impieta</span> <span class='ocrx_word' id='word_1_323' title='bbox 370 4520 406 4573; x_wconf 91' lang='lat' dir='ltr'>et</span> <span class='ocrx_word' id='word_1_324' title='bbox 434 4533 539 4593; x_wconf 87' lang='lat' dir='ltr'>spero</span> <span class='ocrx_word' id='word_1_325' title='bbox 573 4515 735 4578; x_wconf 89' lang='lat' dir='ltr'>mettervi</span> <span class='ocrx_word' id='word_1_326' title='bbox 766 4519 861 4579; x_wconf 92' lang='lat' dir='ltr'>buon</span> <span class='ocrx_word' id='word_1_327' title='bbox 896 4518 1019 4582; x_wconf 90' lang='lat' dir='ltr'>ordine</span> <span class='ocrx_word' id='word_1_328' title='bbox 1054 4540 1120 4582; x_wconf 94' lang='lat' dir='ltr'>con</span> <span class='ocrx_word' id='word_1_329' title='bbox 1145 4518 1301 4581; x_wconf 84' lang='lat' dir='ltr'>l’adiuto</span> <span class='ocrx_word' id='word_1_330' title='bbox 1326 4515 1361 4577; x_wconf 94' lang='lat' dir='ltr'>di</span> <span class='ocrx_word' id='word_1_331' title='bbox 1387 4516 1471 4580; x_wconf 91' lang='lat' dir='ltr'>Dio.</span> 
     </span>
     <span class='ocr_line' id='line_1_35' title="bbox 191 4616 1472 4705; baseline 0.009 -28"><span class='ocrx_word' id='word_1_332' title='bbox 191 4616 257 4695; x_wconf 77' lang='lat' dir='ltr'>Poi</span> <span class='ocrx_word' id='word_1_333' title='bbox 289 4619 396 4680; x_wconf 89' lang='lat' dir='ltr'>credo</span> <span class='ocrx_word' id='word_1_334' title='bbox 426 4619 504 4681; x_wconf 75' lang='lat' dir='ltr'>sara</span> <span class='ocrx_word' id='word_1_335' title='bbox 536 4630 655 4702; x_wconf 91' lang='lat' dir='ltr'>tempo</span> <span class='ocrx_word' id='word_1_336' title='bbox 683 4624 750 4686; x_wconf 89' lang='lat' dir='ltr'>che</span> <span class='ocrx_word' id='word_1_337' title='bbox 773 4623 807 4686; x_wconf 91' lang='lat' dir='ltr'>io</span> <span class='ocrx_word' id='word_1_338' title='bbox 831 4626 965 4688; x_wconf 91' lang='lat' dir='ltr'>retorni</span> <span class='ocrx_word' id='word_1_339' title='bbox 997 4627 1040 4688; x_wconf 89' lang='lat' dir='ltr'>ad</span> <span class='ocrx_word' id='word_1_340' title='bbox 1067 4626 1110 4689; x_wconf 85' lang='lat' dir='ltr'>V.</span> <span class='ocrx_word' id='word_1_341' title='bbox 1136 4626 1172 4690; x_wconf 83' lang='lat' dir='ltr'>S.</span> <span class='ocrx_word' id='word_1_342' title='bbox 1197 4627 1307 4705; x_wconf 92' lang='lat' dir='ltr'>Rma,</span> <span class='ocrx_word' id='word_1_343' title='bbox 1340 4621 1369 4685; x_wconf 87' lang='lat' dir='ltr'>si</span> <span class='ocrx_word' id='word_1_344' title='bbox 1403 4645 1472 4705; x_wconf 86' lang='lat' dir='ltr'>per</span> 
     </span>
     <span class='ocr_line' id='line_1_36' title="bbox 191 4724 1471 4814; baseline 0.009 -29"><span class='ocrx_word' id='word_1_345' title='bbox 191 4745 289 4786; x_wconf 90' lang='lat' dir='ltr'>esser</span> <span class='ocrx_word' id='word_1_346' title='bbox 317 4724 376 4806; x_wconf 92' lang='lat' dir='ltr'>qui</span> <span class='ocrx_word' id='word_1_347' title='bbox 400 4728 433 4789; x_wconf 92' lang='lat' dir='ltr'>le</span> <span class='ocrx_word' id='word_1_348' title='bbox 458 4747 561 4808; x_wconf 92' lang='lat' dir='ltr'>spese</span> <span class='ocrx_word' id='word_1_349' title='bbox 585 4729 838 4811; x_wconf 81' lang='lat' dir='ltr'>grandissime,</span> <span class='ocrx_word' id='word_1_350' title='bbox 871 4736 899 4793; x_wconf 83' lang='grc'>51</span> <span class='ocrx_word' id='word_1_351' title='bbox 924 4733 1054 4814; x_wconf 69' lang='lat' dir='ltr'>perche</span> <span class='ocrx_word' id='word_1_352' title='bbox 1079 4754 1148 4796; x_wconf 95' lang='lat' dir='ltr'>non</span> <span class='ocrx_word' id='word_1_353' title='bbox 1172 4743 1268 4795; x_wconf 89' lang='lat' dir='ltr'>resta</span> <span class='ocrx_word' id='word_1_354' title='bbox 1292 4734 1349 4813; x_wconf 83' lang='lat' dir='ltr'>qui</span> <span class='ocrx_word' id='word_1_355' title='bbox 1374 4732 1471 4796; x_wconf 85' lang='lat' dir='ltr'>altro</span> 
     </span>
     <span class='ocr_line' id='line_1_37' title="bbox 191 4830 1471 4921; baseline 0.008 -26"><span class='ocrx_word' id='word_1_356' title='bbox 191 4833 236 4895; x_wconf 90' lang='lat' dir='ltr'>ad</span> <span class='ocrx_word' id='word_1_357' title='bbox 261 4830 315 4893; x_wconf 89' lang='lat' dir='ltr'>far</span> <span class='ocrx_word' id='word_1_358' title='bbox 339 4853 404 4916; x_wconf 89' lang='lat' dir='ltr'>per</span> <span class='ocrx_word' id='word_1_359' title='bbox 433 4854 488 4898; x_wconf 89' lang='lat' dir='ltr'>me</span> <span class='ocrx_word' id='word_1_360' title='bbox 520 4844 555 4900; x_wconf 92' lang='lat' dir='ltr'>et</span> <span class='ocrx_word' id='word_1_361' title='bbox 586 4835 604 4899; x_wconf 81' lang='grc' dir='ltr'>ὲ</span> <span class='ocrx_word' id='word_1_362' title='bbox 638 4837 840 4901; x_wconf 89' lang='lat' dir='ltr'>necessario</span> <span class='ocrx_word' id='word_1_363' title='bbox 872 4839 938 4903; x_wconf 90' lang='lat' dir='ltr'>che</span> <span class='ocrx_word' id='word_1_364' title='bbox 961 4858 1027 4921; x_wconf 90' lang='lat' dir='ltr'>per</span> <span class='ocrx_word' id='word_1_365' title='bbox 1051 4840 1169 4904; x_wconf 89' lang='lat' dir='ltr'>Roma</span> <span class='ocrx_word' id='word_1_366' title='bbox 1194 4839 1222 4904; x_wconf 91' lang='lat' dir='ltr'>si</span> <span class='ocrx_word' id='word_1_367' title='bbox 1247 4840 1338 4904; x_wconf 84' lang='lat' dir='ltr'>faeci</span> <span class='ocrx_word' id='word_1_368' title='bbox 1362 4843 1471 4906; x_wconf 88' lang='lat' dir='ltr'>alcun</span> 
     </span>
    </p>
   </div>
   <div class='ocr_carea' id='block_1_6' title="bbox 0 0 1670 5580">
    <p class='ocr_par' dir='ltr' id='par_1_8' title="bbox 0 0 1670 5580">
     <span class='ocr_line' id='line_1_38' title="bbox 0 0 1670 5580; baseline 0 0"><span class='ocrx_word' id='word_1_369' title='bbox 0 0 1670 5580; x_wconf 95' lang='lat' dir='ltr'> </span> 
     </span>
    </p>
   </div>
  </div>
 </body>
</html>
