3330 5580
799 480 856 536 ΜΒ
895 483 946 537 134
986 478 1043 535 84

280 638 400 691 nostre
426 626 642 692 instruttioni
666 638 765 690 tanto
791 628 957 705 evidenti,
989 630 1032 690 nc
1058 648 1200 690 carezzc
1224 626 1257 689 di
1283 631 1404 691 buone
1428 631 1568 710 parole,

280 737 323 798 ne
354 757 479 798 manco
511 736 532 799 l’
550 738 661 798 haver
685 737 824 817 parlato
850 735 1084 797 arditamente
1109 736 1201 797 dove
1227 735 1244 796 ὁ
1269 744 1362 797 stato
1387 739 1568 819 besogno,

279 846 312 905 lc
338 844 432 925 quali
457 854 547 906 tutte
571 844 627 906 vie
652 844 770 904 hanno
794 845 863 904 ben
889 844 1010 904 valuto
1035 862 1056 902 a
1080 841 1183 902 indur
1202 842 1278 902 loro
1294 862 1315 902 a
1331 840 1428 903 mille
1445 845 1567 906 buone

279 950 495 1013 conclusioni
521 960 556 1011 et
580 970 773 1031 promesse,
799 970 898 1011 corne
923 949 979 1010 noi
1005 949 1298 1023 demandavamo,
1323 968 1381 1010 ma
1405 949 1429 1011 li
1450 949 1566 1012 effetti

279 1078 366 1119 sono
391 1057 472 1119 stati
497 1056 543 1118 fin
569 1057 627 1138 qui
653 1077 752 1118 corne
777 1078 798 1118 a
821 1056 864 1118 V.
890 1054 926 1117 S.
947 1056 1039 1117 ana
1064 1054 1123 1135 gia
1148 1067 1246 1117 tante
1271 1055 1354 1117 fiate
1380 1057 1427 1117 ho
1453 1057 1565 1119 voris-

279 1164 484 1226 simarnente
509 1164 641 1226 scritto
690 1164 773 1225 Alla
798 1164 880 1243 qual
906 1165 992 1224 baso
1017 1165 1050 1224 le
1074 1162 1168 1223 mani
1193 1161 1433 1226 humilmente.

613 1643 825 1724 Aloander
854 1643 1227 1726 licooancollario.

709 1783 850 1852 (Nuntiat.
869 1783 994 1842 German
1012 1783 1043 1841 1.
1061 1783 1128 1849 167.)

763 1894 850 1958 (2319)
871 1895 960 1942 Martii
982 1893 1069 1958 1521.)

366 2020 465 2082 Hiori
502 2020 649 2082 mattino
685 2019 745 2100 poi
781 2021 815 2080 la
850 2019 1118 2081 consecratione
1151 2021 1207 2081 del
1245 2021 1490 2084 Arcivescovo
1526 2025 1563 2086 di

277 2127 459 2206 Palermo,
490 2127 547 2187 cui
570 2125 730 2188 interfuit
754 2125 887 2188 Caesar
911 2126 1111 2187 cardinales
1137 2138 1171 2187 et
1195 2136 1270 2189 tota
1294 2130 1393 2207 aula,
1428 2128 1564 2193 Caesar

277 2254 341 2313 per
372 2253 410 2295 se
441 2234 618 2295 demando
650 2234 731 2313 quel
756 2235 859 2294 luoco
886 2233 943 2293 del
968 2232 1184 2312 Evangelio:
1221 2235 1469 2316 quodcumque
1495 2240 1564 2300 sol-

276 2340 370 2401 veris
395 2353 655 2421 superterram
680 2351 746 2402 etc.
772 2342 803 2401 el
829 2341 911 2420 qual
936 2341 1113 2401 assendoli
1138 2340 1355 2422 dechiarat0,
1380 2344 1493 2406 disse:
1528 2358 1565 2408 et

276 2448 341 2508 che
366 2450 446 2509 vole
471 2448 611 2509 adunca
635 2447 689 2507 dir
714 2457 838 2528 questo
863 2446 1005 2508 ribaldo
1031 2448 1075 2508 de
1100 2447 1256 2510 Luther?

366 2555 431 2615 Poi
456 2554 576 2616 disseli
600 2557 693 2616 bene
718 2554 783 2615 che
808 2574 878 2614 non
904 2563 1079 2614 temeamo
1105 2556 1276 2636 congredi
1301 2577 1378 2618 cum
1404 2557 1565 2623 Martino

276 2661 426 2739 Lutlier,
459 2662 589 2741 perche
623 2661 681 2722 noi
708 2681 778 2722 non
804 2660 970 2722 habiamo
995 2660 1143 2742 ragione
1169 2674 1204 2724 et
1228 2663 1275 2724 lui
1300 2666 1332 2725 el
1357 2674 1469 2744 tort0,
1505 2687 1566 2730 ma

277 2767 407 2849 parchi.¹
444 2788 512 2829 non
550 2770 759 2849 besognava
796 2776 922 2856 metter
954 2768 988 2828 in
1022 2769 1264 2831 controversia
1296 2773 1413 2850 quello
1446 2773 1514 2833 che
1541 2775 1563 2836 'l

277 2872 507 2936 Sanctissimo
524 2895 610 2937 vero
633 2875 776 2956 giudice
792 2876 909 2935 havea
925 2874 1081 2937 iudicato
1099 2887 1134 2936 et
1149 2878 1401 2950 condemnato;
1426 2879 1566 2943 deinde

276 2982 341 3042 che
366 2981 389 3042 li
415 2980 565 3064 principi
590 2993 625 3043 et
650 2982 772 3063 populi
797 2983 841 3044 de
868 2985 901 3042 la
926 2983 1022 3044 dieta
1047 2983 1089 3044 ne
1115 3003 1272 3063 sapeano
1296 2984 1433 3045 iudicar
1458 2985 1491 3046 di
1511 2991 1563 3050 tal

276 3109 369 3167 cosa,
403 3089 445 3151 ne
470 3109 596 3151 manco
622 3109 730 3150 erano
756 3089 972 3170 competenti
997 3088 1120 3169 iudici,
1154 3094 1180 3151 sl
1207 3111 1307 3153 come
1332 3092 1428 3153 nullo
1451 3093 1564 3157 homo

276 3197 333 3257 del
359 3197 488 3258 mundo
522 3197 612 3257 altro
638 3198 703 3258 che
728 3196 867 3276 ’lPapa
901 3215 1000 3257 come
1025 3198 1208 3276 sempree
1240 3207 1332 3259 stato
1356 3198 1463 3271 fatto;
1497 3220 1564 3281 po-

276 3312 406 3364 stremo
430 3304 561 3384 perche
585 3303 641 3364 fra
655 3303 809 3365 Martino
826 3303 959 3364 Luther
983 3302 1017 3364 in
1036 3304 1070 3364 la
1087 3304 1356 3383 protestatione,
1383 3308 1487 3386 quale
1510 3309 1562 3371 lui

274 3409 353 3470 fece
377 3411 412 3471 in
437 3410 578 3491 scriptis
602 3409 785 3472 aColonia
809 3411 854 3470 de
879 3411 978 3472 voler
1003 3430 1099 3472 esser
1125 3410 1222 3472 udito
1246 3410 1281 3472 in
1304 3411 1563 3495 disputatione,

274 3518 418 3579 seclude
443 3526 534 3579 tutto
558 3517 579 3578 l'
594 3518 718 3579 ordine
735 3516 988 3594 ecclesiastico,
1013 3517 1091 3579 tutti
1109 3517 1280 3598 theologi,
1306 3518 1562 3604 iurisconsulti,

275 3623 446 3685 canonisti
482 3634 517 3684 et
540 3623 744 3705 philosophi
776 3634 811 3685 et
841 3624 925 3704 ogni
958 3626 1037 3686 loco
1063 3634 1239 3706 suspett0,
1272 3627 1337 3687 che
1369 3625 1386 3687 ὲ
1417 3635 1507 3689 tutto
1535 3629 1561 3692 il

274 3731 403 3791 mundo
446 3739 588 3792 excetta
619 3727 827 3809 Germania,
868 3731 980 3811 perho
1021 3751 1090 3792 non
1130 3752 1239 3812 sapea
1278 3732 1333 3793 chi
1372 3731 1419 3793 lui
1452 3736 1562 3798 volea

272 3838 384 3897 haver
416 3857 481 3917 per
511 3836 628 3898 iudice
659 3857 696 3898 se
731 3857 800 3898 non
832 3835 918 3898 forsi
944 3837 1103 3899 Hutteno
1134 3859 1213 3900 cum
1238 3848 1328 3901 tutta
1352 3840 1386 3900 la
1410 3849 1560 3904 caterva

273 3943 327 4003 de’
345 3943 512 4025 poetieuli
529 3944 574 4004 de
591 3943 841 4006 Todescharia.
878 3944 1012 4005 Addidi
1028 3945 1134 4006 etiam
1152 3948 1217 4006 che
1234 3965 1272 4006 se
1290 3946 1423 4008 luther
1438 3949 1560 4012 havea

272 4050 388 4112 animo
421 4052 466 4113 de
490 4071 659 4131 revocat,
691 4071 712 4112 o
737 4053 801 4112 che
826 4053 879 4112 lor
903 4071 1115 4132 sperasseno
1141 4053 1185 4114 de
1209 4063 1314 4133 poter
1337 4053 1392 4115 far
1416 4056 1482 4116 che
1506 4057 1558 4118 lui

272 4157 409 4220 facesse
433 4159 483 4220 tal
506 4157 630 4221 affetto
657 4159 735 4221 chel
760 4178 949 4219 revocasse
974 4158 1093 4220 avanti
1118 4159 1217 4221 iuxta
1242 4160 1391 4223 formam
1417 4162 1558 4241 Bullae,

272 4275 307 4326 et
338 4265 398 4346 poi
427 4286 575 4328 venesse
600 4266 669 4328 alla
693 4265 789 4327 dieta
813 4285 834 4325 o
859 4266 952 4327 dove
977 4287 998 4326 a
1023 4265 1071 4326 lui
1096 4266 1275 4348 piaccsse,
1310 4269 1375 4329 che
1399 4268 1441 4330 N.
1467 4267 1504 4331 S.
1531 4272 1557 4333 li

270 4373 544 4451 perdonarebbe
576 4382 612 4434 et
639 4373 918 4434 recevarebbelo
951 4392 1052 4435 como
1076 4375 1149 4435 bon
1173 4373 1275 4455 fiolo,
1307 4381 1333 4437 si
1360 4395 1460 4437 como
1486 4377 1504 4438 e
1529 4377 1556 4440 il

271 4479 374 4540 solito
400 4479 444 4540 de
468 4480 554 4541 farsi
577 4479 613 4541 in
638 4481 685 4541 tal
711 4500 805 4558 casn,
830 4478 962 4559 perche
986 4479 1029 4542 N.
1050 4480 1086 4542 S.
1112 4502 1182 4543 non
1207 4485 1288 4544 vole
1313 4482 1356 4544 ne
1381 4484 1415 4544 la
1440 4491 1556 4545 morte

271 4585 313 4645 no
340 4586 359 4646 'l
385 4605 521 4667 sanguc
546 4587 590 4648 de
615 4587 758 4664 lcuther,
783 4606 839 4648 rna
864 4589 897 4648 la
922 4588 1035 4649 salute
1061 4608 1125 4649 sua
1149 4600 1183 4649 et
1208 4589 1253 4649 de
1277 4591 1312 4650 la
1337 4589 1487 4651 Chiesia.

360 4692 511 4755 Dissemi
538 4696 604 4755 che
628 4697 704 4756 loro
728 4694 797 4756 mai
822 4695 984 4756 havcano
1009 4696 1219 4757 altramente
1239 4698 1393 4775 sporado
1418 4717 1455 4757 so
1480 4716 1551 4758 non

270 4801 335 4860 che
362 4799 380 4859 'l
406 4819 444 4861 se
469 4820 676 4874 revocasse;
712 4822 768 4863 rna
791 4802 922 4883 perche
947 4821 1012 4882 per
1037 4802 1104 4864 mie
1128 4804 1265 4883 parolle
1291 4823 1494 4882 cognoscoa
1518 4807 1552 4867 el
