3330 5580
709 466 956 530 wasone

190 616 364 704 possimus
390 612 569 683 devotioni
594 623 676 684 tuae
700 621 877 686 affirmare
902 623 990 686 nihil
1015 638 1079 685 nos
1104 637 1169 684 nec
1195 613 1385 685 iucundius
1410 612 1478 685 hoc

190 741 363 811 tempore,
389 751 454 792 nec
478 739 516 792 ut
541 728 648 791 etiam
672 729 885 807 arbitramur
909 732 954 792 ad
986 751 1170 793 comunem
1202 729 1359 793 omnium
1392 729 1477 793 lide·

191 836 274 898 lium
308 838 458 898 salutem
491 836 755 898 accomodatius
787 837 951 917 accipere
985 837 1154 919 potuisse.
1203 838 1242 900 s'i
1274 838 1370 899 enim
1395 837 1476 899 huic

190 945 344 1005 ⁸Sanctae
370 941 455 1006 Sedi
481 944 723 1025 Apostolicae,
748 944 803 1006 cui
828 944 949 1007 divina
972 944 1204 1007 Providentia
1228 945 1476 1026 praesidemus

191 1051 308 1112 omnia
339 1053 514 1112 debentur
539 1072 559 1112 a
593 1051 709 1130 nobis,
744 1050 981 1129 gratissimam
1013 1053 1207 1114 habeamus
1239 1071 1389 1113 necesse
1423 1060 1477 1113 est

191 1158 265 1219 eius
290 1178 354 1239 per
378 1168 413 1218 te
438 1168 639 1238 susceptam
665 1158 1008 1239 propugnationem;
1041 1159 1070 1220 si
1096 1179 1182 1220 vero
1207 1178 1272 1239 pro
1298 1157 1476 1220 catholica

190 1264 341 1326 veritate
374 1264 507 1326 tuenda
533 1275 567 1325 et
590 1284 656 1345 pro
681 1283 793 1345 grege
820 1274 940 1327 nostro
966 1285 987 1327 a
1011 1267 1149 1346 laqueis
1178 1264 1359 1328 Sathanae
1392 1264 1474 1327 libe·

189 1373 302 1433 rando
337 1381 373 1432 et
397 1370 515 1433 omnia
546 1370 707 1451 perferre
739 1372 901 1452 quamvis
931 1392 1060 1453 aspera
1095 1382 1130 1434 et
1163 1372 1289 1452 gravia
1321 1383 1357 1434 et
1387 1370 1474 1434 mori

190 1478 295 1540 etiam
320 1498 521 1559 possumne,
546 1498 615 1558 quo
640 1477 854 1559 accipiemus
878 1479 1010 1560 gaudio
1028 1481 1134 1542 talem
1159 1490 1282 1561 perte
1307 1478 1473 1560 publicae

190 1585 294 1647 saluti
319 1594 484 1647 navatam
509 1605 666 1665 operam,
691 1606 736 1646 ex
761 1606 831 1666 qua
855 1585 971 1648 aditus
996 1585 1112 1649 factus
1136 1587 1195 1665 sit,
1227 1586 1271 1647 ad
1298 1587 1392 1648 hanc
1415 1585 1471 1648 im·

192 1713 330 1755 manem
355 1703 493 1773 pestem
518 1713 562 1754 ex
588 1692 756 1754 cordibus
781 1701 817 1753 et
841 1693 1017 1754 mentibus
1042 1692 1226 1755 christiani
1258 1693 1383 1773 populi
1416 1712 1470 1754 ex·

191 1801 403 1862 cidendam?
451 1799 552 1880 Quod
581 1820 659 1860 cum
683 1799 733 1860 ita
758 1798 813 1878 sit,
837 1819 966 1879 resque
983 1800 1062 1862 Deo
1079 1804 1225 1881 auspice
1249 1802 1344 1860 bene
1370 1807 1471 1879 cepta

190 1929 255 1989 per
290 1917 385 1969 tuam
420 1907 585 1969 virtutem
622 1916 657 1967 et
690 1906 885 1967 charissimi
920 1908 953 1967 in
989 1905 1130 1968 Christo
1155 1905 1216 1968 filii
1251 1905 1364 1967 nostri
1389 1904 1469 1966 Cae-

189 2015 277 2076 saris
323 2014 428 2075 animi
472 2012 741 2088 excellentiam,
784 2023 1077 2093 caeterorumque
1116 2032 1303 2093 procerum
1340 2021 1470 2074 rectam

191 2123 410 2186 voluntatem
436 2123 481 2182 ad
506 2130 602 2182 tuum
628 2131 808 2200 speratum
833 2118 939 2181 finem
964 2120 1099 2181 directa
1124 2120 1179 2198 sit,
1203 2132 1238 2181 te
1265 2139 1335 2180 non
1361 2120 1469 2180 solum

190 2229 421 2290 vehementer
457 2227 744 2289 commendamus
782 2226 816 2287 in
858 2227 1020 2304 domin0,
1058 2228 1121 2288 sed
1157 2227 1302 2306 insuper
1338 2224 1470 2307 gratias

191 2335 346 2414 agimus,
381 2354 582 2415 quanquam
612 2344 646 2393 te
679 2334 839 2395 volumus
872 2335 905 2394 in
941 2342 1016 2394 toto
1041 2335 1108 2395 hoc
1134 2333 1286 2411 negocio
1311 2354 1382 2394 non
1408 2352 1471 2394 nos

191 2441 288 2521 ipsos
312 2442 511 2522 gratiamve
529 2452 695 2518 nostram,
721 2441 783 2500 sed
803 2440 915 2501 Deum
937 2451 972 2501 et
986 2441 1053 2502 llei
1077 2440 1183 2502 fidem
1201 2453 1235 2501 et
1252 2439 1470 2520 reipublicae

190 2551 338 2610 salutem
363 2548 502 2611 intueri.
551 2547 683 2608 Verum
708 2548 796 2607 baec
822 2567 963 2627 quoque
988 2567 1176 2609 accessura
1201 2557 1281 2608 sunt
1306 2567 1400 2627 quae
1423 2546 1470 2607 ita

190 2657 293 2717 nobis
317 2656 351 2717 in
377 2655 494 2717 animo
520 2665 600 2716 sunt
625 2653 736 2715 infixa
760 2665 798 2715 ut
823 2657 935 2715 donec
960 2666 1054 2715 tuam
1090 2653 1272 2735 egregiam
1306 2653 1470 2714 virtutem

189 2763 307 2843 aliquo
334 2773 475 2823 nostrae
501 2761 724 2824 liberalitatis
745 2761 876 2842 insigni
902 2762 1103 2823 testimonio
1129 2782 1199 2823 non
1215 2760 1470 2837 ornaverimuS,

190 2890 258 2931 non
297 2869 381 2930 satis
406 2869 590 2931 videamur
615 2889 692 2930 esse
727 2869 899 2949 quieturi,
935 2868 1024 2930 sicut
1060 2870 1164 2930 latius
1199 2878 1316 2929 tecum
1351 2866 1470 2929 nuncii

189 2976 297 3039 nostri
317 2988 438 3039 nostro
457 2977 597 3038 nornine
614 2977 811 3056 loquentur,
837 2977 964 3056 quibus
988 2976 1093 3037 tidem
1111 2974 1271 3036 habebis
1321 2975 1403 3036 Dat.
1437 2973 1470 3035 in

188 3084 272 3146 villa
299 3093 419 3145 nostra
444 3084 624 3154 Malliana,
650 3083 707 3144 die
732 3083 846 3163 prima
871 3083 956 3144 Maii
986 3104 1080 3160 ¹52¹·

802 3531 853 3594 so.

508 3647 574 3727 Ino
603 3647 645 3728 X
674 3646 898 3726 Electoribus
927 3643 1146 3725 Germaniae.

642 3795 741 3864 (bunt.
761 3795 886 3853 German.
904 3793 935 3850 1..
955 3792 1008 3862 60.)

603 3913 680 3980 (Cum
701 3916 795 3963 litteris
819 3927 856 3977 14.
877 3915 942 3962 Maii
965 3912 1051 3980 1521.)

277 4041 351 4102 Etsi
382 4038 509 4102 litteris
540 4059 681 4120 quoque
713 4038 919 4099 nunciorum
953 4049 1152 4101 nostrorum
1186 4038 1469 4120 testimoniisque

187 4151 392 4223 multorum,
424 4156 497 4208 tum
530 4147 607 4228 ipsa
638 4144 810 4224 imprimis
843 4143 938 4206 lama
970 4145 1177 4227 divulgante
1210 4166 1301 4226 quae
1335 4149 1467 4209 nullum

187 4257 314 4319 clarius
339 4255 470 4316 iactum
496 4255 607 4314 latere
643 4251 747 4328 sinit,
783 4251 827 4311 ad
853 4272 917 4312 nos
949 4254 1124 4333 perlatum
1159 4265 1211 4313 est
1236 4252 1467 4316 Nobilitatem

188 4375 282 4425 tuam
307 4362 340 4423 in
366 4363 433 4422 hac
459 4380 565 4421 causa
590 4359 623 4421 in
649 4379 720 4439 qua
737 4359 934 4420 catholicae
958 4358 1041 4421 fidei
1059 4362 1153 4421 salus
1178 4369 1214 4422 et
1236 4360 1369 4424 veritas
1387 4382 1466 4424 con·

187 4470 354 4549 sistebat,
389 4478 524 4530 tantam
557 4465 753 4547 prestitisse
779 4465 944 4528 virtutem
976 4487 1017 4529 ac
1047 4465 1255 4529 damnandis
1286 4468 1468 4531 erroribus

187 4574 331 4638 Martini
355 4573 502 4637 liutheri
526 4573 675 4654 ipsoque
700 4590 766 4652 pro
790 4572 988 4653 haeretico,
1022 4582 1060 4635 ut
1084 4574 1225 4654 quidem
1260 4586 1333 4649 est,
1365 4595 1467 4657 repu-

187 4684 297 4746 tando
329 4694 464 4744 tantam
496 4679 699 4742 adhibuisse
732 4689 767 4739 et
797 4679 1006 4760 religionem
1037 4681 1137 4743 simul
1172 4690 1206 4741 et
1231 4682 1467 4763 prudentiam,

187 4804 225 4853 ut
259 4800 355 4852 certe
388 4790 466 4850 Deo
502 4786 636 4869 gratias
670 4785 841 4848 maximas
877 4807 987 4868 agere
1021 4789 1214 4849 debeamus
1244 4790 1340 4870 quod
1377 4793 1466 4853 tales
