3330 5580
795 467 1023 521 0-{32451f0

268 636 348 679 sera
373 615 432 697 poi
457 614 623 676 mandate
648 613 716 675 mie
740 614 866 676 lettere
891 635 946 676 me
971 615 1103 676 mostro
1129 624 1164 676 et
1188 635 1255 677 con
1279 617 1404 696 parole
1429 628 1464 678 et
1485 637 1551 679 con

269 723 369 804 segni
388 742 531 785 esserne
548 741 655 803 sopra
671 721 776 783 modo
794 723 862 783 mal
887 732 1055 784 contento
1080 722 1146 785 che
1171 742 1243 784 non
1267 721 1364 784 fusse
1381 734 1435 785 sta
1461 723 1552 786 fatto

268 851 367 892 come
393 830 487 890 nelle
512 829 601 890 altre
625 826 720 890 citta.
754 827 848 889 Peri)
869 848 927 890 me
952 828 1045 890 disse
1069 831 1170 891 voler
1194 849 1390 910 corregger
1414 832 1484 892 tale
1501 851 1551 892 er·

267 958 347 999 rore
364 956 531 1016 processo
548 934 682 997 da'suoi
699 934 847 996 ministri
873 945 908 997 et
928 935 1053 996 ordind
1075 937 1142 997 che
1162 938 1197 998 la
1214 936 1362 999 mattina
1379 950 1552 1018 seguente

267 1046 288 1106 a
313 1046 347 1105 dl
380 1041 565 1104 XXVIIII
596 1040 692 1103 fusse
722 1061 788 1122 per
812 1052 904 1103 tutta
935 1043 969 1102 la
997 1052 1092 1103 terra
1116 1044 1323 1123 pubblicata
1352 1064 1373 1105 a
1397 1065 1485 1107 sono
1517 1046 1552 1108 di

268 1154 459 1214 trombetto
484 1151 518 1211 la
542 1147 837 1212 condemnatione
862 1150 907 1211 de
931 1149 993 1211 tali
1017 1149 1096 1211 libri
1128 1159 1164 1211 et
1187 1150 1337 1212 invitato
1370 1151 1393 1213 il
1418 1154 1552 1234 populo

268 1261 312 1321 ad
338 1257 517 1338 publicum
542 1255 742 1317 incendium
767 1256 802 1316 di
828 1255 896 1317 essi
921 1256 1015 1336 quod
1041 1267 1076 1317 et
1100 1236 1233 1318 sactum
1257 1257 1340 1329 suin
1375 1260 1551 1322 ancorclre

267 1365 363 1427 dicto
387 1365 470 1433 carl?
499 1362 593 1425 disse
618 1382 715 1424 esser
739 1375 793 1424 sta
817 1363 1004 1424 molestato
1029 1364 1075 1424 da
1089 1363 1181 1425 assai
1197 1363 1469 1444 gentilhuomini
1487 1370 1552 1429 che

267 1473 336 1534 mai
362 1472 394 1533 el
418 1472 579 1532 lassorno
604 1469 767 1546 dormire,
793 1469 1058 1532 dissuadendoli
1091 1472 1124 1532 el
1152 1469 1208 1532 far
1232 1471 1393 1534 brusciar
1420 1473 1482 1535 tali
1516 1474 1552 1535 li·

268 1577 332 1658 bri,
357 1588 392 1640 et
417 1577 497 1640 dice
521 1577 644 1641 esserli
669 1577 794 1638 durata
818 1578 889 1638 tale
903 1577 1065 1641 molestia
1089 1578 1134 1640 de
1158 1577 1220 1640 tali
1244 1578 1435 1659 importuni
1452 1582 1552 1662 quasi

268 1695 358 1747 tutta
382 1687 417 1746 la
441 1696 555 1753 notte;
581 1704 647 1764 pur
671 1684 815 1746 tandem
840 1693 878 1745 ut
901 1683 976 1745 dixi
1000 1693 1092 1746 tutto
1118 1684 1155 1746 fu
1180 1687 1249 1747 ben
1275 1686 1375 1749 fatto.

356 1792 401 1854 Et
425 1791 626 1853 anchorcbd
651 1789 700 1872 gli
725 1789 853 1851 ribaldi
885 1790 1013 1852 occulti
1043 1792 1219 1854 lutherani
1250 1792 1419 1873 fingendo
1444 1815 1554 1876 agere

267 1921 341 1962 rem
367 1909 522 1961 nostram
547 1898 578 1959 ci
603 1896 788 1960 consiliino
813 1899 880 1960 che
904 1917 974 1959 non
993 1899 1235 1962 deveressimo
1252 1900 1329 1962 fare
1350 1902 1421 1964 tale
1436 1902 1552 1965 incen-

268 2008 343 2087 dio,
368 2027 413 2068 ne
438 2006 551 2088 magis
576 2008 836 2067 exacerbentur
858 2006 981 2067 bostes
1006 2015 1131 2066 contra
1156 2025 1220 2067 nos
1243 2006 1272 2068 si
1296 2009 1410 2090 magis
1434 2020 1553 2073 tamen

269 2114 478 2176 exacerbari
495 2122 652 2194 possent.
683 2112 900 2190 'I‘uttavolta
926 2111 1089 2173 omnibus
1113 2112 1195 2174 hinc
1219 2112 1302 2175 inde
1322 2114 1500 2196 discussis,
1525 2116 1554 2178 si

267 2222 315 2284 ha
345 2231 484 2283 trovato
516 2221 582 2282 che
610 2229 736 2299 questo
760 2218 920 2280 brusciar
945 2218 978 2279 di
1003 2218 1084 2280 libri
1109 2218 1128 2280 e
1159 2239 1230 2281 una
1260 2238 1344 2283 cosa
1368 2223 1476 2284 molto
1502 2243 1552 2285 sa·

270 2331 383 2391 lutare
408 2338 444 2390 et
467 2327 563 2407 utile,
595 2329 709 2407 primo
734 2325 866 2406 perche
891 2326 1000 2387 molto
1025 2325 1156 2407 meglio
1182 2327 1255 2388 cosi
1290 2327 1318 2388 si
1342 2327 1490 2411 divulga
1519 2342 1555 2392 et

268 2457 333 2517 per
357 2435 554 2499 Germania
574 2446 610 2496 et
633 2445 723 2496 tutte
746 2436 835 2496 altre
860 2432 995 2496 nationi
1019 2434 1054 2495 la
1085 2434 1381 2497 condemnatione
1414 2437 1458 2498 de
1490 2438 1553 2499 tali

269 2542 348 2605 libri
384 2545 449 2604 che
480 2561 545 2623 per
574 2561 643 2602 una
677 2539 897 2602 intimatione
923 2540 1017 2601 della
1040 2540 1139 2602 bulla
1162 2540 1254 2604 fatta
1286 2542 1346 2604 alli
1383 2543 1554 2606 ordinarii

268 2669 355 2712 over
379 2647 511 2727 vicarii,
537 2647 696 2728 quamvis
721 2667 853 2709 ancora
875 2657 1000 2728 questo
1026 2667 1166 2728 semper
1191 2658 1226 2711 et
1250 2648 1382 2729 ubique
1407 2648 1554 2713 fecerim

268 2768 304 2820 et
327 2756 466 2818 faciam.
514 2755 654 2817 Deinde
679 2754 812 2835 perche
847 2754 870 2815 li
904 2753 985 2816 laici
1017 2753 1077 2835 gia
1108 2754 1224 2818 infetti
1249 2776 1314 2837 per
1338 2759 1371 2820 le
1395 2757 1553 2838 predica-

268 2864 355 2927 tioni
388 2872 423 2925 et
455 2861 536 2924 libri
565 2861 705 2944 volgari
738 2863 774 2924 di
807 2872 932 2942 questo
963 2862 1024 2943 piu
1049 2864 1114 2925 che
1139 2863 1234 2926 mille
1259 2863 1356 2944 Arii,
1388 2866 1554 2929 vedendo

268 2974 338 3035 tale
364 2969 528 3032 incendio
543 2969 639 3031 facto
656 2969 867 3031 auctoritate
883 2968 1081 3051 apostolica
1098 2981 1134 3032 et
1150 2971 1361 3034 executione
1378 2970 1553 3053 Caesaris,

270 3099 420 3141 moveno
445 3077 537 3139 assai
561 3097 583 3139 a
607 3077 753 3139 credere
786 3077 848 3139 tali
873 3077 954 3138 libri
978 3097 1076 3140 esser
1109 3097 1236 3140 revera
1270 3091 1305 3140 et
1337 3080 1494 3141 damnati
1519 3091 1555 3142 et

267 3183 364 3263 mali,
398 3194 434 3246 et
464 3186 577 3264 perhd
605 3204 745 3264 semper
773 3185 818 3245 ad
851 3205 930 3246 esso
961 3184 1125 3246 Incendio
1160 3184 1206 3246 da
1231 3184 1361 3247 diversi
1387 3207 1474 3248 sono
1500 3198 1554 3250 sta

269 3291 399 3372 portati
437 3302 563 3372 sponte
601 3290 699 3353 molti
736 3290 827 3353 libri.
887 3290 968 3353 Uno
1009 3301 1220 3371 argumento
1257 3291 1303 3354 mi
1339 3312 1468 3355 muove
1502 3314 1553 3355 as-

269 3398 320 3461 sai
345 3419 365 3460 a
389 3398 537 3460 credere
561 3399 631 3459 tale
656 3417 740 3459 cosa
765 3417 883 3459 essere
900 3397 1070 3478 proficua,
1095 3397 1228 3479 perche
1252 3398 1333 3461 tutti
1357 3399 1465 3480 quelli
1487 3403 1552 3462 che

269 3505 300 3568 ci
318 3505 531 3568 dissuadeno
548 3505 620 3566 taie
638 3515 736 3566 costa
761 3505 806 3565 ad
833 3524 937 3566 unum
962 3498 1123 3567 trovamo
1148 3525 1267 3568 essere
1283 3507 1492 3587 Lutherani,
1518 3519 1553 3570 et

268 3612 291 3676 li
316 3611 493 3675 manifesti
518 3610 691 3673 lutherani
716 3613 834 3673 hanno
859 3631 999 3692 sempre
1024 3611 1119 3674 omni
1143 3622 1222 3675 astu
1254 3623 1290 3675 et
1323 3623 1452 3675 conatu
1480 3636 1551 3676 cor·

268 3730 348 3782 cato
373 3718 544 3800 impedire
570 3720 617 3779 tal
643 3718 965 3796 abbrusciamentO,
991 3718 1034 3781 ed
1060 3718 1232 3781 insomma
1255 3739 1293 3782 se
1319 3741 1388 3782 non
1414 3720 1442 3781 si
1467 3723 1552 3801 puol

268 3828 371 3888 indur
386 3835 512 3907 questo
533 3825 672 3887 ribaldo
696 3826 742 3888 ad
767 3824 1066 3906 retractationem,
1092 3826 1201 3888 none
1226 3826 1386 3908 meglior,
1411 3826 1480 3889 imo
1509 3829 1552 3891 ne

267 3936 359 3996 altra
383 3933 440 3994 via
464 3931 624 4012 proficua
648 3933 713 3994 che
739 3942 874 4013 questa.

358 4039 401 4102 A’
436 4039 470 4100 dl
508 4038 627 4100 XXX
661 4040 719 4100 del
751 4049 895 4119 passato
930 4040 1153 4119 pattendomi
1185 4041 1231 4103 da
1261 4041 1449 4122 Mogontia
1488 4063 1552 4124 per

268 4147 435 4209 Wormes
459 4145 581 4208 lasciai
605 4147 639 4208 al
664 4145 866 4208 Provincial
891 4147 935 4207 de
952 4145 1175 4210 Predicatori
1199 4167 1265 4228 per
1289 4147 1481 4211 (iermania
1506 4171 1550 4213 un

268 4254 434 4316 mandato
459 4254 504 4315 de
528 4252 584 4314 far
607 4253 772 4333 predicar
795 4273 861 4335 per
885 4262 975 4314 tutta
992 4273 1055 4315 sua
1071 4253 1257 4335 provincia
1278 4266 1402 4318 contra
1419 4256 1552 4318 Luther

269 4371 305 4423 et
328 4362 362 4422 la
387 4360 683 4422 condemnatione
714 4359 798 4421 delli
828 4359 925 4429 libri;
958 4360 1041 4422 item
1074 4361 1154 4423 altri
1180 4362 1335 4425 mandati
1369 4384 1390 4426 a
1414 4364 1493 4426 tutti
1528 4365 1550 4426 li

268 4467 434 4532 conventi
459 4476 494 4529 et
518 4466 646 4529 rectori
672 4465 706 4528 di
731 4466 923 4529 Parrochie
948 4466 983 4528 di
1005 4467 1193 4550 Mogontia
1217 4470 1283 4532 che
1307 4471 1551 4549 predicassero

268 4577 305 4636 la
328 4573 525 4637 Domenica
556 4583 749 4656 seguente,
783 4584 819 4635 et
848 4575 897 4636 tal
927 4594 1038 4656 carga
1063 4574 1169 4637 lassai
1193 4576 1226 4637 al
1251 4575 1372 4648 Rev¹¹20
1398 4577 1488 4646 Cart
1519 4580 1551 4641 el

269 4683 373 4762 quale
402 4683 454 4760 (ut
477 4691 604 4762 postea
626 4680 798 4761 intellexi)
822 4680 901 4742 fece
926 4683 1072 4743 mandar
1097 4683 1142 4744 ad
1167 4681 1378 4745 executione
1403 4683 1548 4765 diligen-

269 4797 434 4851 temente.
