3330 5580
611 462 762 516 «3457
801 460 859 512 ΞΜ

92 609 165 689 eis,
200 612 249 671 ob
281 629 385 691 quam
417 628 528 688 usque
556 609 649 670 adeo
685 610 831 669 turbant
863 608 1040 689 publicam
1074 607 1377 689 tranquillitatem,

92 717 183 780 nihil
207 717 311 779 veriti
336 737 374 778 se
398 736 583 797 opponere
607 725 660 777 tot
684 715 931 797 Principibus,
954 715 1019 776 toti
1053 715 1208 796 denique
1232 714 1377 778 svevico

92 823 245 902 foederi,
260 823 296 885 in
312 843 383 904 quo
400 842 470 904 ego
486 834 608 903 partes
624 842 694 885 non
711 834 818 884 teneo
835 834 1048 903 postremas:
1072 823 1378 902 persuasissimum

93 933 232 994 habent
263 950 302 993 se
335 930 404 992 Dei
433 929 616 1011 negotium
640 949 750 1010 agere
773 929 808 991 in
833 930 987 1011 templis,
1011 929 1212 1009 coenobiis,
1243 950 1378 992 monas·

93 1038 195 1101 teriis
218 1037 412 1115 diruendis,
436 1036 715 1118 spoliandisque,
740 1050 776 1098 et
798 1035 927 1099 misere
958 1034 1161 1116 affligendis
1188 1035 1380 1098 sacerdoti·

95 1147 180 1224 bus,
216 1145 346 1226 quibus
373 1156 521 1225 recepta
553 1156 590 1205 et
621 1145 770 1224 placens
800 1143 852 1206 illi
881 1163 976 1207 nova
1008 1140 1184 1206 institutio
1210 1144 1243 1205 in
1269 1144 1380 1206 sacris

95 1255 205 1315 rebus
228 1251 424 1314 tractandis
448 1271 518 1314 non
540 1253 670 1332 placet.
729 1249 879 1314 Centum
912 1261 947 1313 et
974 1251 1127 1332 amplius
1154 1250 1282 1333 in'ginti
1306 1250 1378 1312 Mo-

99 1359 257 1422 nasteria
280 1358 434 1440 insignia
448 1368 485 1421 et
499 1357 682 1420 Ecclesiae
706 1376 776 1419 non
802 1357 994 1420 illaudatae
1018 1358 1136 1420 iacent
1159 1357 1228 1420 iam
1253 1358 1380 1439 partim

95 1465 257 1528 funditus
288 1483 429 1543 eversa,
464 1465 592 1546 partim
628 1464 679 1526 ita
708 1465 827 1527 diruta
865 1476 903 1528 ut
941 1465 1028 1528 nulli
1059 1465 1137 1526 usui
1165 1465 1234 1527 sint
1262 1464 1382 1526 futura

97 1574 208 1654 longo
232 1584 409 1654 tempore;
433 1592 515 1633 nam
537 1592 605 1653 per
628 1571 829 1634 universam
850 1570 1017 1635 Sveviam
1033 1592 1126 1654 quae
1141 1584 1195 1634 est
1212 1572 1382 1635 latissima

98 1679 212 1761 regio,
236 1689 273 1742 et
295 1678 447 1741 nominis
469 1678 654 1760 praecipui
678 1678 712 1740 in
745 1680 813 1741 hac
843 1679 1062 1760 amplissima
1092 1679 1255 1759 natione,
1288 1678 1379 1760 quic-

97 1786 183 1867 quid
207 1788 382 1849 bonorum
405 1795 483 1848 erat
504 1785 699 1866 praecipue
722 1786 919 1868 Regularis
942 1785 1046 1865 cleri,
1078 1805 1157 1848 cum
1181 1787 1379 1868 prophana·

98 1893 145 1955 tis
167 1892 279 1955 sacris
302 1892 432 1974 impiae
455 1914 580 1955 manus
604 1894 795 1957 demolitae
819 1906 911 1956 sunt.
956 1892 1003 1955 Et
1023 1893 1057 1955 in
1076 1893 1278 1976 principatu
1303 1913 1381 1954 meo

99 1999 432 2080 wirtembergensi,
455 2001 552 2062 haud
579 2000 705 2063 saciati
728 2011 782 2062 tot
809 2003 902 2063 mala
933 2020 972 2064 se
1003 2000 1100 2063 clero
1128 1999 1259 2081 passim
1292 1999 1380 2060 intu-

100 2107 202 2184 lisse,
231 2107 355 2188 paucis
378 2107 513 2188 aliquot
545 2107 580 2170 in
610 2107 682 2170 fide
705 2109 849 2189 oppidis
873 2107 1117 2187 manentibus,
1145 2106 1230 2168 mihi
1254 2107 1382 2168 condu-

101 2215 279 2297 plicarunt
303 2214 496 2296 negotium,
543 2216 648 2278 Adeo
673 2217 768 2296 quod
793 2213 949 2278 Svevico
988 2213 1112 2277 oederi
1135 2213 1280 2276 summis
1303 2213 1382 2275 viri·

103 2324 171 2384 bus
206 2322 462 2384 occurrendum
491 2321 576 2389 fnit.
608 2342 653 2383 ne
689 2334 802 2384 totum
833 2324 926 2384 hunc
956 2321 1199 2402 Principatum
1232 2320 1383 2384 factiosa

106 2428 159 2489 vis
182 2439 395 2510 occuparet,
418 2428 453 2491 in
477 2448 549 2509 qua
576 2428 813 2510 opprimenda
840 2431 923 2492 dum
955 2429 1127 2491 acerrime
1159 2430 1316 2506 laborat,
1347 2428 1381 2489 in

106 2535 222 2598 multis
244 2534 321 2598 aliis
344 2536 433 2598 locis
455 2534 627 2599 factiosae
651 2538 797 2599 rebellis
825 2539 949 2621 populi
981 2538 1144 2619 legiones
1172 2556 1236 2598 suo
1266 2536 1384 2598 animo

108 2644 408 2724 obtemperarunt,
442 2643 529 2706 nihil
563 2665 634 2705 non
663 2644 849 2722 facientes,
874 2646 970 2726 quod
994 2646 1040 2706 ad
1062 2645 1198 2706 ruinam
1224 2642 1308 2705 cleri
1335 2654 1383 2705 ut-

109 2768 253 2830 cumque
276 2748 423 2812 faceret.
469 2750 561 2812 Hinc
585 2750 718 2814 factum
750 2752 846 2832 quod
872 2751 1070 2834 Episcopus
1101 2750 1386 2815 Constantiensis

111 2855 177 2918 suis
200 2856 344 2938 oppidis
367 2857 550 2938 spoliatus,
575 2878 620 2921 ne
641 2877 720 2920 cum
739 2860 903 2921 universo
920 2862 1017 2922 clero
1034 2881 1098 2922 suo
1115 2858 1386 2941 periclitaretur,

111 2963 328 3026 conditiones
351 2963 518 3044 indignas
541 2966 732 3048 acciperet.
780 2965 881 3046 Quae
905 2968 1000 3048 apud
1035 2967 1272 3049 Argentinam
1305 2976 1386 3027 acta

110 3070 184 3151 sint,
208 3073 319 3151 pudet
343 3071 489 3137 referre.
514 3093 685 3154 nusquam
709 3074 868 3136 locorum
894 3075 1008 3156 magis
1033 3086 1086 3135 est
1111 3086 1232 3149 spreta
1256 3073 1385 3152 religio

108 3197 210 3259 quam
232 3177 318 3249 illic:
342 3189 379 3241 et
395 3180 711 3261 Argentinensium
735 3184 903 3263 exemplo
919 3181 1025 3244 vicini
1047 3182 1168 3266 populi
1188 3179 1386 3243 Marchiani

109 3283 305 3364 Badenses,
335 3295 373 3348 ut
401 3289 449 3348 ab
473 3307 543 3348 uva
567 3298 733 3349 contacta
756 3289 849 3350 solet
874 3289 1026 3352 livorem
1052 3291 1182 3352 ducere
1206 3308 1295 3367 uva,
1327 3288 1385 3349 ad·

107 3409 231 3455 versus
260 3393 461 3475 Principem
490 3414 590 3457 suum
615 3393 860 3458 lfarchionem
886 3396 1088 3479 Philippum
1124 3397 1386 3474 insurexerunt,

106 3499 167 3580 qui
189 3501 282 3562 adeo
305 3514 489 3563 mansuete
512 3502 685 3563 hactenus
720 3503 890 3584 populum
916 3525 1034 3581 suum,
1068 3517 1105 3566 ut
1129 3504 1157 3566 si
1181 3503 1260 3585 quis
1284 3503 1386 3579 alius,

108 3606 298 3671 direxerat.
345 3607 449 3669 Hunc
473 3628 494 3669 e
517 3608 639 3690 Regia
674 3629 738 3671 sua
769 3612 1027 3692 propemodum
1057 3610 1286 3689 deiecissent,
1317 3610 1384 3672 iam

107 3714 211 3777 terris
234 3713 311 3776 eius
334 3715 494 3794 locisque
517 3715 596 3777 aliis
619 3715 652 3778 in
679 3728 894 3797 potestatem
920 3739 1017 3781 suam
1042 3718 1214 3793 redactis,
1238 3716 1302 3779 nisi
1327 3737 1386 3778 «εκ,

108 3820 306 3884 terminium
329 3820 473 3902 fugiens
496 3822 749 3900 certissimum,
787 3825 947 3907 acceptis
970 3824 1090 3889 itidem
1124 3846 1295 3907 perquam
1327 3822 1387 3884 ini·

108 3928 186 4009 quis
218 3928 499 4007 conditionibus,
543 3950 581 3992 se
617 3932 782 4012 populari
818 3933 994 3995 voluntati
1031 3933 1246 3995 tradidisset.
1303 3931 1386 3995 Mox

108 4034 261 4116 proximi
284 4034 415 4097 subditi
440 4035 608 4118 Episcopi
634 4034 815 4119 Spirensis
838 4038 873 4101 in
900 4060 998 4102 suum
1015 4059 1158 4122 quoquo
1175 4038 1387 4121 Episcopum

110 4151 144 4204 et
173 4143 306 4205 clerum
329 4162 428 4204 arma
461 4155 678 4226 acceperunt
708 4158 816 4226 atque
841 4145 976 4209 aulicos
1001 4146 1165 4225 Nobiles,
1200 4145 1264 4207 etsi
1293 4144 1387 4207 Elec·

109 4249 194 4313 toris
224 4249 378 4312 Palatini
405 4250 518 4313 frater
546 4263 656 4329 esset,
691 4266 727 4315 et
751 4252 799 4315 illi
825 4252 963 4316 vicinus
990 4254 1149 4325 omnino:
1182 4264 1388 4333 tantumque

111 4355 159 4418 eis
181 4357 353 4419 successit
374 4376 453 4433 res,
487 4373 526 4420 ut
547 4358 661 4441 ipsum
686 4360 753 4422 sibi
784 4360 1045 4441 coniungerent
1074 4361 1118 4423 ad
1149 4359 1387 4423 invadendum

112 4480 173 4544 per
196 4463 318 4525 Rheni
342 4474 492 4526 tractum
517 4468 739 4529 saoerdotum
766 4486 840 4536 res:
865 4468 960 4549 quod
986 4488 1056 4531 non
1078 4466 1192 4531 minus
1216 4465 1391 4529 foeliciter

110 4568 174 4632 illis
196 4589 266 4632 con
274 4569 365 4649 tigit,
389 4591 469 4633 nani
484 4574 566 4634 dum
583 4592 704 4636 comes
722 4572 865 4637 Elector
890 4574 1073 4638 Palatinus
1091 4594 1230 4637 suorum
1248 4594 1389 4656 quoque

111 4677 290 4738 tumultum
314 4691 520 4741 exerentem
544 4700 582 4741 se
606 4679 674 4742 iam
700 4680 900 4743 formidans
925 4682 1041 4745 studet
1069 4702 1149 4743 snos
1174 4700 1318 4743 uersare
1354 4679 1387 4741 in

112 4780 380 4865 tranquillitate,
419 4784 537 4847 factae
571 4800 650 4848 sunt
681 4786 842 4871 legiones
881 4790 1074 4874 populares
1103 4788 1173 4851 voti
1210 4787 1259 4849 sui
1292 4786 1387 4869 apud
