3330 5580
716 472 963 540 >haheo

199 621 258 692 via
290 624 541 691 demonstrano
565 632 654 710 ben,
690 632 756 694 che
785 633 903 713 quello
928 631 1062 711 anime,
1098 633 1164 695 che
1194 653 1339 717 sempre
1363 634 1480 699 hanno

199 739 307 800 hauto
331 737 376 798 de
400 737 571 798 liberarse
596 736 654 798 dal
679 736 762 816 iugo
787 739 831 800 de
856 737 941 819 ogni
965 737 1180 820 obedientia,
1207 749 1245 804 et
1268 741 1483 824 superiorita

199 844 232 906 d’
247 843 336 923 altri,
361 847 479 925 (quum
504 842 549 904 sit
573 845 638 906 che
663 864 803 925 sempre
826 844 851 906 li
872 845 1083 925 Imperatori
1106 845 1166 927 gib
1191 847 1291 911 molti
1315 849 1401 912 anni
1424 850 1480 913 ha-

200 952 295 1014 hiino
325 960 471 1032 possuto
504 969 618 1031 pecco
642 944 813 1032 disponer
846 952 891 1014 de
916 952 1047 1033 quelle)
1080 954 1190 1017 hauta
1223 966 1352 1037 questa
1383 976 1481 1020 occa·

198 1057 297 1120 sione
322 1058 367 1119 de
391 1059 425 1119 la
450 1056 612 1119 doctrina
637 1059 832 1136 lutherana,
857 1059 923 1121 che
947 1058 1143 1141 destrugge
1163 1061 1247 1143 ogni
1264 1063 1482 1144 obedientia,

197 1167 317 1228 hanno
341 1162 649 1227 manifestamente
680 1175 845 1246 scoperto
878 1167 913 1227 la
936 1165 1122 1247 malignita
1145 1168 1190 1230 de
1214 1169 1236 1231 l'
1250 1170 1370 1234 anima
1394 1173 1482 1252 loro,

199 1273 264 1335 che
288 1291 353 1353 per
378 1270 498 1333 avanti
522 1280 623 1333 stava
648 1275 802 1335 occulta:
837 1272 882 1334 de
907 1274 1012 1336 modo
1036 1274 1101 1337 che
1126 1293 1198 1337 non
1221 1278 1423 1340 solamente
1446 1277 1481 1340 in

197 1382 230 1442 le
256 1377 504 1441 deliberationi
536 1378 580 1439 de
605 1379 639 1440 le
664 1378 792 1440 Diaete
817 1387 938 1442 tenute
962 1399 984 1440 a
1008 1378 1247 1464 Norimberga
1274 1402 1365 1446 sono
1390 1392 1481 1449 state

198 1484 374 1548 contrarie
405 1505 426 1546 a
449 1484 485 1547 la
508 1483 675 1564 ragione,
711 1506 768 1547 ma
793 1505 900 1548 ancor
924 1485 1033 1549 fanno
1058 1488 1150 1550 assai
1179 1489 1315 1572 peggio
1340 1490 1376 1553 in
1402 1490 1480 1554 fatti

198 1593 328 1675 perche
363 1601 456 1654 sotto
480 1612 584 1653 nome
616 1592 660 1653 de
685 1591 739 1653 far
764 1593 929 1673 predicar
953 1593 973 1654 l’
989 1593 1187 1674 Evangelio
1197 1643 1206 1675 ,
1241 1617 1314 1659 non
1337 1598 1480 1661 lassano

197 1699 362 1782 predicar
396 1719 434 1761 se
458 1717 529 1760 non
553 1698 750 1777 lutherani,
787 1711 821 1760 ct
855 1699 1107 1781 prohibiscono
1140 1722 1162 1764 a
1185 1702 1250 1765 tuti
1274 1703 1386 1785 quelli
1415 1705 1480 1767 che

198 1807 392 1889 predicano
416 1808 636 1867 altramente.

286 1914 410 1977 Fanno
435 1912 520 1994 ogni
544 1913 652 1991 male,
688 1913 839 1992 aquelli
863 1912 1021 1994 religiosi
1055 1915 1120 1977 che
1144 1914 1332 1996 seguitano
1357 1917 1481 1983 l'anti·

198 2041 267 2103 quo
292 2020 360 2082 rito
393 2021 487 2081 della
512 2017 652 2080 Chiesia
678 2019 871 2098 catholica,
907 2030 943 2082 et
965 2019 1098 2100 piliano
1122 2021 1148 2083 li
1171 2023 1248 2085 loro
1278 2024 1374 2087 lochi
1400 2046 1480 2089 con·

196 2126 395 2191 vertendoli
428 2125 462 2187 in
493 2124 544 2186 usi
570 2124 721 2207 profani.
770 2125 1015 2206 Permetten0,
1051 2127 1131 2190 anci
1161 2126 1340 2192 inducono
1365 2132 1479 2196 Pretti

197 2244 233 2297 et
248 2232 416 2296 Monachi
440 2231 545 2313 piliar
559 2231 664 2293 molie
681 2233 864 2310 monache,
889 2253 998 2296 overo
1014 2235 1131 2316 quelle
1156 2236 1221 2298 che
1236 2235 1352 2319 prima
1369 2260 1479 2303 erano

195 2342 271 2404 loro
296 2339 493 2403 concubine
519 2346 554 2399 et
578 2337 766 2401 meretrici.

284 2447 324 2508 In
346 2445 464 2508 alcuni
480 2444 573 2506 lochi
596 2445 841 2524 destruggono
861 2447 894 2507 le
908 2445 1053 2528 imagini
1072 2446 1116 2508 de
1133 2445 1267 2529 Sancti,
1293 2451 1339 2514 de
1355 2463 1479 2517 nostra

197 2555 301 2617 Dona
332 2561 368 2615 et
392 2553 450 2614 del
475 2551 651 2614 Salvator.
699 2550 777 2612 Non
804 2554 933 2615 voleno
967 2554 1033 2615 che
1058 2553 1086 2615 si
1110 2552 1227 2616 facino
1252 2557 1426 2642 orationi,
1459 2582 1480 2624 a

195 2669 318 2723 nostra
342 2658 465 2737 Dona,
501 2657 543 2719 ne
570 2679 589 2719 a
614 2658 748 2738 sancti,
781 2667 816 2721 et
839 2657 875 2721 in
900 2659 1025 2721 alcone
1050 2657 1190 2723 Chiesie
1213 2662 1333 2736 hanno
1357 2667 1480 2733 levato

194 2767 216 2829 l'
233 2767 313 2828 Ave
337 2764 468 2845 Maria,
505 2773 541 2828 et
573 2763 609 2826 in
631 2767 711 2826 loco
745 2765 789 2826 de
815 2763 923 2828 Salve
947 2764 1110 2847 Regina,
1145 2769 1276 2831 voleno
1308 2770 1339 2833 si
1370 2773 1479 2840 dichi.

195 2876 303 2937 Salve
321 2874 405 2937 Rex
424 2883 490 2937 etc.
537 2871 618 2934 Non
639 2890 792 2933 servano
816 2870 840 2933 li
865 2870 995 2952 ieiunii,
1020 2871 1064 2934 ne
1088 2881 1163 2936 tute
1187 2876 1221 2938 le
1237 2875 1329 2940 feste
1345 2880 1478 2964 debite,

195 2982 237 3044 nt
262 2982 286 3044 li
312 2978 347 3043 di
371 2978 541 3062 prohibiti
572 2979 619 3041 da
642 2995 759 3040 carne.
806 2975 887 3038 Non
911 2997 1043 3040 curano
1077 2979 1101 3042 li
1125 2979 1348 3047 Sacramenti
1373 2989 1420 3051 de
1445 2992 1479 3054 la

194 3087 336 3151 Chiesie
360 3086 614 3168 specialmente
639 3086 673 3148 la
688 3082 931 3147 Confessione.
970 3084 1014 3146 Et
1038 3105 1082 3147 ne
1099 3087 1134 3148 la
1148 3086 1372 3156 Eucharistia
1387 3116 1478 3160 sono

195 3195 242 3258 dil
267 3205 342 3257 tuto
367 3193 522 3256 discordi
546 3194 592 3254 da
616 3192 651 3253 la
675 3190 803 3252 diretta
827 3189 896 3254 via.
942 3190 994 3253 Ne
1019 3194 1148 3255 voleno
1172 3195 1238 3257 che
1259 3196 1419 3276 giovano
1444 3204 1478 3268 le

193 3301 362 3382 orationi,
398 3310 434 3364 et
457 3300 712 3380 Eleemosyne,
749 3318 768 3359 a
800 3296 825 3359 li
849 3296 1018 3360 defuncti.
1064 3297 1117 3361 Ne
1142 3319 1274 3366 cruano
1303 3304 1328 3366 li
1354 3306 1476 3373 Divini

194 3409 327 3489 Officii,
352 3411 395 3471 ne
420 3405 618 3469 ornamenti
644 3405 747 3466 dela
772 3403 922 3466 Chiesia.
970 3403 1014 3465 Et
1038 3425 1076 3467 se
1101 3407 1228 3470 alcuna
1251 3412 1368 3493 volta,
1393 3417 1476 3480 oin

195 3519 323 3579 alcuno
347 3517 426 3579 loco
451 3514 475 3576 li
491 3512 680 3594 tegimenti
703 3511 813 3573 fanno
830 3512 981 3592 qualche
997 3512 1297 3579 demonstratione
1314 3519 1359 3581 de
1374 3525 1478 3588 voler

194 3623 249 3686 far
273 3626 445 3685 observar
469 3621 649 3702 l'antiquo
673 3619 742 3682 rito
767 3618 1035 3699 Ecclesiastico,
1071 3629 1147 3683 tuta
1170 3625 1267 3686 volta
1296 3646 1367 3690 non
1392 3631 1412 3693 ὲ
1438 3653 1476 3696 se

194 3750 264 3792 non
298 3728 458 3809 fictione,
495 3728 626 3810 perche
658 3726 693 3789 in
719 3726 742 3788 li
768 3725 879 3788 effetti
913 3745 984 3788 non
1009 3728 1150 3789 lassano
1174 3731 1363 3809 praedicar
1393 3738 1477 3802 altri

193 3838 259 3900 che
292 3836 316 3899 li
339 3838 534 3916 lutherani,
570 3834 594 3896 li
626 3832 722 3915 quali
746 3852 833 3894 sono
864 3832 921 3894 del
952 3842 1028 3894 tuto
1063 3835 1229 3897 contrarii
1266 3858 1287 3900 a
1310 3839 1475 3909 l'ordine

193 3945 315 4023 Sacr0,
340 3943 472 4007 inimici
496 3943 540 4004 de
565 3941 650 4023 ogni
673 3943 756 4020 lege
780 3939 872 4002 cossi
896 3939 1078 4021 canonica,
1104 3962 1205 4004 como
1230 3944 1344 4010 civile.

281 4051 414 4115 Contra
445 4048 559 4131 questi
583 4046 773 4110 desordeni
797 4047 898 4127 Papa
923 4046 1083 4110 Adriano
1108 4051 1237 4112 mando
1262 4072 1308 4114 un
1332 4052 1476 4123 Nuncio

191 4158 419 4240 Apostolico,
444 4159 524 4219 ala
548 4154 676 4218 Diaeta
701 4155 746 4216 de
769 4152 1031 4234 Noremberga,
1065 4157 1096 4217 el
1121 4157 1203 4236 qual
1229 4177 1300 4219 non
1324 4165 1485 4249 reporto·

190 4267 280 4327 altro
312 4267 377 4328 che
402 4275 566 4344 resposta
597 4261 775 4343 captiosa;
811 4262 943 4342 perche
967 4261 1003 4323 in
1027 4264 1107 4324 loco
1136 4264 1180 4325 de
1213 4265 1278 4327 dar
1300 4271 1475 4354 remedie,

189 4391 211 4432 a
243 4371 333 4434 tanti
366 4370 495 4449 errori,
532 4370 686 4433 secundo
721 4370 787 4430 che
812 4368 1068 4430 commandano
1102 4379 1177 4432 tute
1211 4372 1292 4452 lege
1324 4375 1475 4460 antique

190 4477 359 4541 canonice
395 4488 431 4540 et
455 4476 567 4555 civili,
603 4486 638 4539 et
673 4478 707 4537 lo
733 4475 850 4537 edicto
881 4475 926 4537 de
951 4476 985 4538 la
1010 4474 1186 4539 Caesarea
1210 4478 1348 4542 Maesta
1380 4482 1475 4549 fatto

188 4585 223 4647 in
260 4586 294 4647 la
319 4585 448 4648 Diaeta
482 4585 526 4646 de
551 4581 751 4646 Wormatia
784 4584 829 4644 de
854 4602 1028 4646 consenso
1062 4584 1107 4646 de
1140 4593 1216 4646 tuto
1249 4587 1284 4649 lo
1309 4585 1501 4675 imperio„

188 4712 295 4755 senza
326 4693 429 4754 alcun
453 4700 612 4771 respetto
645 4690 689 4752 de
714 4687 787 4750 Sua
810 4687 949 4751 Maesta
979 4689 1099 4752 fecero
1124 4711 1217 4753 nove
1240 4695 1474 4780 conclusioni,

187 4810 222 4862 et
246 4799 498 4880 respondendo
522 4797 567 4859 de
592 4798 692 4859 voler
716 4797 781 4858 dar
804 4796 981 4876 remedi0,
1017 4805 1053 4859 et
1076 4796 1131 4859 far
1161 4798 1326 4878 predicar
1349 4805 1385 4866 la
1407 4823 1472 4886 pa·
