3330 5580
716 433 963 488 *ueste-2

197 579 440 662 imperitorum
465 580 602 643 animos
630 580 842 643 auctoritate
869 584 1103 661 placaturam:
1130 593 1257 664 postea
1273 604 1358 645 vero
1375 604 1479 665 quam

193 688 276 751 aliis
301 697 408 769 atque
437 688 516 749 uliis
548 688 685 750 nunciis
720 687 960 750 intelleximus
986 687 1137 751 maiores
1171 690 1330 771 quotidie
1366 703 1482 753 motus

192 793 232 858 in
258 793 336 857 istis
359 794 447 856 locis
471 794 653 871 concitari,
677 805 849 857 testamur
874 796 998 873 Deum,
1023 794 1072 857 lili
1096 796 1287 874 carissime,
1313 819 1377 859 nos
1402 818 1480 859 cum

188 901 276 964 aliis
300 902 465 964 omnibus
489 901 605 964 causis
628 912 664 963 et
686 900 898 979 rationibus,
930 912 1003 963 tum
1040 921 1126 965 vero
1157 905 1204 964 ob
1238 924 1317 964 eum
1351 924 1421 985 quo
1445 917 1481 965 te

186 1008 445 1091 prosequimur
478 1029 635 1071 amorem
664 1028 836 1070 summum
867 1019 904 1070 et
934 1008 1161 1089 singularem,
1186 1028 1317 1090 magno
1353 1011 1479 1073 dolore

187 1114 308 1178 fuisse
333 1115 498 1179 affectos:
524 1135 738 1197 quamquam
762 1115 855 1178 enim
879 1115 914 1177 in
936 1116 1002 1177 hoc
1021 1117 1113 1177 malo
1131 1118 1241 1178 multa
1257 1117 1482 1179 incommodo

189 1222 329 1303 insunt,
354 1243 446 1304 quae
471 1243 536 1285 nos
559 1223 683 1304 gregis
716 1222 828 1284 nostri
861 1224 1009 1285 salutem
1038 1242 1235 1304 pacemque
1267 1241 1482 1305 quaerentes

189 1330 432 1392 vehementer
455 1330 690 1412 perturbant,
721 1340 839 1391 tamen
871 1331 958 1391 illud
983 1340 1038 1392 est
1063 1329 1098 1391 in
1123 1329 1241 1392 animo
1267 1341 1388 1393 nostro
1414 1352 1480 1393 ma·

189 1437 333 1499 :timum
358 1447 394 1499 et
416 1436 664 1519 gravissimum
689 1437 785 1517 quod
809 1450 845 1498 te
879 1438 986 1499 talem
1016 1447 1051 1498 et
1078 1436 1141 1498 tali
1173 1438 1304 1500 virtute
1338 1439 1482 1519 ingenio

185 1543 419 1607 humanitate
443 1543 632 1626 prudentia
645 1543 823 1625 preditum
849 1544 1081 1607 clarissimum
1104 1544 1482 1626 religiosissimumque

190 1650 419 1732 principem,
449 1650 506 1712 his
529 1651 697 1733 periculis
720 1671 762 1713 ac
796 1652 974 1713 aerumnis
1002 1651 1148 1733 indigne
1176 1650 1322 1714 ierimus
1345 1651 1484 1715 conflic-

195 1757 290 1836 tari,
326 1777 417 1839 quae
451 1757 557 1820 nobis
592 1758 659 1820 hoc
698 1757 805 1820 etiam
833 1758 1000 1821 videntur
1031 1758 1236 1821 iniustiores
1269 1778 1339 1840 quo
1365 1771 1424 1821 tua
1448 1760 1482 1821 in

200 1864 274 1928 illis
298 1864 414 1947 magis
446 1875 482 1926 et
514 1864 628 1926 virtus
661 1865 778 1927 elucet
812 1879 849 1926 et
881 1865 987 1927 animi
1020 1866 1247 1947 magnitudo,
1284 1887 1352 1928 non
1390 1867 1484 1929 enim

195 1971 302 2034 cedis
317 1970 432 2034 labori
444 1991 558 2053 neque
569 1972 869 2034 succumbendum
885 1984 1001 2054 putas,
1018 1976 1081 2035 sed
1095 1975 1168 2035 alta
1184 1983 1220 2036 et
1232 1987 1352 2036 erecta
1367 1987 1484 2036 mente

198 2078 290 2141 nihil
315 2078 476 2141 exoritur
498 2079 677 2160 repentini
702 2079 805 2156 mali,
830 2078 886 2140 cui
911 2089 948 2140 tu
972 2100 1042 2142 non
1067 2080 1222 2143 subitum
1246 2100 1408 2164 opponas
1432 2101 1483 2143 re·

200 2185 369 2249 medium.
424 2185 566 2266 Quanto
604 2194 723 2248 autem
758 2185 871 2248 maior
900 2197 961 2249 tua
992 2186 1030 2249 lit
1065 2189 1176 2250 virtus
1207 2197 1243 2250 et
1273 2188 1483 2265 constantia,

202 2303 304 2354 tanto
330 2312 373 2354 ea
395 2311 487 2372 quae
511 2304 547 2356 te
571 2293 702 2374 premit
723 2294 947 2375 perturbatio
964 2294 1131 2359 odiosior.
1163 2294 1286 2376 Itaque
1311 2316 1375 2356 nos
1400 2315 1482 2357 nun·

207 2419 309 2480 quam
335 2399 518 2462 molestius
540 2399 684 2462 tulimus
707 2401 799 2462 hanc
823 2420 915 2481 quae
939 2421 1004 2464 nos
1029 2422 1223 2482 oppressos
1252 2413 1351 2464 tenet
1381 2400 1485 2464 Sedis

210 2506 437 2588 Apostolicae
451 2505 709 2587 impotentiam:
725 2509 897 2570 vellemus
913 2508 1017 2585 enim,
1034 2509 1062 2570 si
1081 2508 1214 2587 liceret,
1231 2530 1274 2571 ea
1298 2509 1361 2570 tibi
1378 2528 1485 2590 posse

206 2611 334 2675 afferre
358 2613 527 2692 subsidia,
550 2633 616 2694 per
631 2633 724 2694 quae
748 2625 785 2677 et
807 2614 1052 2695 tranquillitati
1077 2626 1160 2678 tuae
1184 2628 1220 2679 et
1234 2616 1345 2678 amori
1363 2628 1485 2678 nostro

206 2719 300 2782 inte
324 2719 524 2784 satisfieret.
570 2718 644 2783 Sed
668 2741 739 2802 quo
763 2742 829 2784 nos
853 2732 1032 2784 vertamur
1056 2743 1126 2785 non
1150 2723 1333 2801 habemus,
1357 2724 1402 2784 ad
1429 2743 1484 2784 ve·

211 2838 301 2890 teres
325 2826 418 2888 enim
448 2839 588 2889 nostras
618 2827 847 2890 difficultates
871 2849 986 2891 novae
1010 2829 1151 2910 aliquae
1182 2850 1366 2892 accessere
1397 2850 1487 2911 quas

210 2933 305 2995 novit
322 2931 439 2995 Nube·
462 2944 540 3004 tua;
565 2953 680 3015 neque
704 2954 797 2996 nunc
821 2935 989 2998 attineret
1004 2935 1122 2998 facere
1145 2957 1209 2997 nos
1225 2937 1347 2997 harum
1369 2957 1484 2999 rerum

212 3040 421 3102 mentionem
441 3039 508 3101 nisi
523 3039 585 3102 illo
599 3040 716 3103 animo
732 3061 890 3104 essemus
904 3042 1022 3104 omnia
1036 3063 1102 3124 pro
1117 3053 1178 3104 tua
1192 3063 1299 3105 causa
1314 3042 1485 3113 saciendi;

212 3159 364 3210 nostram
387 3146 550 3227 quidem,
573 3167 664 3228 quae
688 3160 831 3211 nostrae
855 3151 971 3212 adhuc
995 3150 1183 3231 potestatis
1204 3160 1275 3225 est,
1299 3150 1485 3212 auctorita·

212 3266 279 3317 tem
302 3253 579 3317 benivolentiam
603 3255 758 3317 studium
782 3256 828 3316 ad
853 3268 913 3317 tua
926 3257 1044 3318 omnia
1066 3258 1251 3319 commoda
1265 3256 1485 3336 pollicemur,

213 3383 250 3424 ac
280 3361 452 3425 vellemus
483 3371 520 3423 et
543 3373 665 3424 nostra
688 3374 724 3425 et
747 3374 809 3424 tua
832 3375 868 3426 et
891 3362 1117 3426 Serenissimi
1149 3362 1269 3425 fratris
1292 3364 1341 3425 tui
1365 3384 1484 3440 causa,

213 3479 348 3552 tempus
371 3470 438 3531 hoc
462 3468 589 3530 aetatis
612 3480 757 3532 nostrae
780 3470 905 3533 melius
929 3492 1008 3533 esse
1037 3470 1274 3551 tranquillum,
1300 3482 1338 3530 ut
1361 3490 1479 3551 quem-

213 3576 397 3638 admodum
421 3575 548 3637 eodem
572 3588 734 3658 tempore
766 3597 788 3638 a
823 3596 958 3639 summo
993 3590 1030 3639 et
1052 3577 1296 3658 omnipotente
1320 3576 1400 3639 Deo
1423 3597 1484 3658 gu·

214 3681 409 3745 berriationi
432 3681 499 3762 ipsi
521 3684 734 3762 populorum
755 3703 875 3745 sumus
893 3683 1045 3764 prefecti
1066 3684 1116 3746 sic
1138 3683 1215 3766 pati
1240 3696 1276 3745 et
1297 3683 1486 3745 coniuncto

215 3790 326 3853 animo
350 3805 458 3870 atque
480 3809 601 3852 amore
624 3809 751 3852 munus
782 3806 941 3853 nostrum
976 3810 1243 3859 exerceremus:
1275 3791 1338 3852 sed
1367 3804 1486 3852 tantae

213 3895 370 3960 incidunt
393 3897 552 3978 quotidie
575 3909 828 3978 tempestates,
858 3910 895 3960 ut
918 3918 1012 3980 pene
1035 3919 1056 3960 e
1079 3898 1243 3961 manibus
1266 3898 1396 3961 nostris
1417 3899 1485 3960 cla·

214 4023 275 4067 vus
298 4004 521 4073 excutiatur:
547 4005 581 4066 in
613 4005 722 4067 tantis
752 4015 870 4066 tamen
901 4003 1065 4067 fluctibus
1099 4005 1221 4067 divino
1248 4004 1382 4067 auxilio
1405 4023 1485 4066 con·

215 4109 322 4174 fidere
345 4112 531 4183 debemus;
555 4111 633 4192 ipse
657 4112 749 4173 enim
775 4113 873 4174 lleus
896 4124 933 4174 et
956 4124 1094 4174 mentes
1117 4113 1231 4173 bonas
1257 4110 1421 4192 inspirat,
1451 4124 1488 4171 et

215 4215 248 4280 in
269 4237 335 4281 sua
348 4237 458 4280 causa
472 4219 678 4280 laborantes
692 4239 762 4281 nen
780 4220 923 4281 deserit.
948 4218 1091 4299 Quanto
1113 4232 1230 4279 autem
1248 4219 1350 4279 labor
1373 4216 1488 4279 maior

215 4336 292 4388 tuae
314 4324 438 4387 virtuti
461 4325 666 4407 propositus
689 4338 758 4404 est,
791 4338 890 4389 tanta
923 4327 990 4388 erit
1024 4324 1162 4388 virtutis
1190 4326 1267 4387 laus
1298 4324 1486 4386 illustrior:

215 4434 275 4497 seu
302 4451 369 4495 nos
395 4452 512 4513 neque
543 4453 727 4495 monemus
758 4452 874 4514 neque
907 4435 1089 4495 hortamur
1117 4430 1346 4494 Nobilitatem
1381 4444 1489 4507 tuam,

216 4559 282 4604 non
305 4539 400 4603 enim
422 4538 483 4601 illa
505 4539 656 4602 consilio
679 4560 744 4603 nix
769 4539 1037 4602 confirmatione
1060 4539 1218 4619 indiget:
1250 4537 1336 4599 illud
1369 4537 1488 4618 potius

216 4645 451 4729 significams
490 4646 526 4707 in
561 4646 670 4709 tantis·
707 4645 978 4709 difficultatibus
1018 4645 1170 4709 omnium
1211 4664 1327 4706 rerum
1359 4643 1489 4724 quibus

216 4753 421 4836 premimur,
454 4754 545 4817 hanc
576 4766 732 4817 nestram
762 4774 842 4817 esse
872 4753 1060 4816 maximam
1096 4749 1368 4814 sollicitudinem
1392 4749 1489 4831 qued
