3330 5580
704 456 949 514 osseae*

188 600 290 663 vobis
316 603 534 675 transmitto;
560 604 681 685 quanti
705 605 854 686 periculi
878 607 923 668 sit
940 607 1015 668 eius
1031 615 1199 669 contenta
1223 615 1260 668 et
1284 605 1467 668 materiam

187 707 223 770 in
250 710 377 789 vulgus
401 711 506 791 prodi
530 720 649 774 vestre
675 733 823 775 censure
848 723 883 775 et
906 713 1037 775 iudicio
1069 712 1155 776 duxi
1186 711 1468 795 relinquendum.

191 815 397 879 Verendum
423 826 476 880 est
500 818 565 881 nisi
598 839 743 882 cesaree
771 819 965 882 maiestatis
997 819 1208 883 auctoritate
1237 819 1401 883 censuris
1435 830 1470 884 et

188 922 291 1004 penis
315 923 514 987 huiusmodi
540 928 731 1009 dampnate
756 937 791 990 et
815 926 959 1009 pessimi
984 927 1139 1008 exempli
1164 926 1368 990 libellorum
1399 926 1467 989 edi·

190 1029 307 1092 tiones
331 1040 367 1092 et
391 1032 452 1094 illa
476 1032 700 1114 imprimendi
724 1034 867 1097 licentia
892 1044 927 1097 et
959 1034 1093 1097 effrene
1123 1032 1401 1114 bibliopolarum
1435 1034 1469 1096 li·

189 1140 346 1201 bertates
379 1139 633 1220 adhibeantur,
672 1141 828 1222 pessima
862 1161 1002 1222 queque
1035 1150 1149 1203 tractu
1181 1140 1355 1222 temporis
1388 1139 1470 1204 inde

190 1255 371 1308 eventura.
419 1246 589 1327 Quamvis
624 1250 669 1311 de
699 1269 873 1330 prospero
906 1269 1072 1311 successu
1102 1269 1161 1310 res
1190 1256 1314 1312 nostre
1345 1257 1471 1311 contra

190 1351 314 1415 Gallos
327 1353 566 1434 expeditionis
583 1355 687 1419 michi
705 1356 862 1438 quotidie
880 1358 1072 1419 secundum
1085 1375 1245 1418 rumores
1260 1354 1469 1436 afferuntur,

189 1460 354 1522 desidero
380 1470 496 1524 tamen
521 1482 663 1543 quoque
689 1483 733 1524 ex
759 1464 956 1544 prestantia
979 1473 1098 1526 vestra
1115 1462 1316 1544 intelligere
1341 1463 1472 1546 quoin

190 1575 284 1627 statu
308 1587 365 1629 res
390 1567 485 1631 curie
509 1568 703 1650 imperialis
727 1581 933 1649 versentur,
958 1591 1027 1652 que
1051 1570 1122 1632 illic
1147 1589 1242 1632 nova
1265 1569 1404 1632 feratur
1428 1570 1472 1633 de

190 1675 369 1736 horrenda
392 1674 587 1756 irruptione
612 1675 843 1739 infidelissimi
876 1675 988 1741 hostis
1019 1677 1210 1740 christiane
1242 1676 1326 1740 fidei
1360 1686 1397 1739 et
1428 1678 1472 1741 de

191 1781 269 1842 aliis
293 1781 383 1843 scitu
408 1781 525 1864 dignis
549 1803 618 1863 que
641 1783 737 1846 licite
761 1784 868 1846 scribi
892 1793 1050 1867 possunt.

281 1887 354 1951 Oro
380 1887 532 1952 vicissim
556 1911 611 1952 me
636 1891 822 1954 certiorem
847 1892 998 1955 reddere
1016 1890 1132 1954 velitis
1159 1900 1324 1972 preterea
1348 1893 1472 1973 benig-

191 1995 337 2058 nitatem
361 2006 516 2059 vestram
541 2007 725 2060 exoratam
749 1998 842 2060 facio
867 2019 936 2080 quo
962 2019 1003 2061 ea
1028 2019 1097 2079 que
1121 2018 1191 2060 non
1216 1998 1326 2079 longe
1359 2019 1383 2060 a
1414 2000 1472 2060 ba·

193 2102 293 2165 silica
317 2101 351 2164 in
377 2103 499 2165 Husen
524 2114 627 2166 extra
651 2125 769 2167 muros
794 2105 1082 2168 Wormacienses
1107 2105 1174 2168 sita
1200 2125 1268 2166 una
1292 2103 1473 2167 familiari·

191 2219 264 2272 tate
289 2210 498 2273 contulimus
522 2211 593 2274 fida
618 2212 786 2275 memoria
810 2213 944 2276 habere
964 2212 1051 2274 velit
1076 2222 1111 2275 et
1138 2222 1177 2273 ut
1201 2221 1282 2273 tunc
1299 2209 1475 2292 temporis

191 2316 282 2380 inter
307 2338 371 2380 nos
395 2327 557 2399 tempore
581 2319 748 2383 abitionis
779 2329 815 2383 et
845 2340 1006 2383 recessus
1037 2319 1147 2382 nostri
1180 2317 1359 2400 peramice
1392 2337 1475 2380 con·

191 2436 336 2487 ventum
360 2435 414 2488 est
438 2446 503 2507 pro
528 2447 607 2489 mea
630 2426 801 2509 singulari
826 2447 913 2509 erga
929 2447 994 2488 vos
1018 2425 1147 2489 fiducia
1171 2445 1229 2487 res
1254 2444 1351 2487 meas
1375 2426 1477 2505 apud

191 2532 380 2594 Cesaream
395 2532 620 2596 Maiestatem
637 2534 826 2596 Dominum
841 2544 1000 2596 nostrum
1024 2532 1315 2616 gloriosissimum
1339 2531 1477 2594 ducere

192 2638 435 2701 sollicitandas
467 2648 501 2701 et
536 2641 800 2721 promovendas
837 2662 905 2722 que
943 2641 1048 2703 michi
1088 2659 1175 2721 erga
1217 2637 1478 2701 humanitatem

192 2755 348 2808 vestram
372 2745 491 2809 veniet
527 2747 737 2809 amicissime
767 2758 802 2810 et
835 2747 959 2810 summi
988 2747 1097 2810 officii
1133 2749 1212 2810 loco
1243 2746 1477 2809 demerenda.

192 2853 278 2915 Cum
302 2852 369 2914 hiis
392 2853 496 2916 vobis
520 2853 591 2916 vite
616 2864 727 2917 status
751 2866 789 2916 ut
813 2854 995 2936 regiminis
1011 2854 1241 2918 festivitatem
1265 2863 1477 2935 peroptans.

192 2961 245 3022 Ex
271 2960 405 3042 oppido
430 2971 550 3024 nostro
577 2961 732 3025 Zoibveu
756 2961 869 3024 Nonis
893 2960 1115 3043 Septembris
1139 2981 1232 3023 anno
1257 2959 1444 3025 MDXXI.

743 3086 919 3158 willelmum
939 3096 991 3144 Dei
1010 3095 1094 3157 gratia
1112 3094 1253 3157 episcopus
1272 3092 1441 3152 Argentinus

918 3183 1090 3248 Alsatiaeque
1109 3181 1293 3245 Lantgravius.

731 3364 850 3378 ννννννψυω
854 3364 936 3375 νιν-Μ

796 3597 867 3659 122.

576 3732 754 3812 Aloanda
789 3727 1101 3810 Viceomoollano.

621 3877 763 3950 (limitat.
787 3878 913 3937 German
931 3876 960 3934 L.
980 3875 1051 3945 1³6.)

673 4007 708 4059 lu.
728 3999 889 4063 Septembris
912 3994 998 4062 1521.)

283 4134 402 4218 Dopoi
426 4138 460 4198 le
484 4134 552 4198 mie
578 4136 666 4197 altre
691 4132 811 4196 scritte
844 4132 862 4194 a
895 4130 931 4193 di
961 4130 1021 4192 doi
1055 4131 1113 4192 del
1146 4137 1329 4211 presente,
1360 4125 1396 4189 io
1429 4129 1478 4191 ho

195 4245 285 4307 fatto
310 4247 430 4305 buona
453 4240 680 4323 inquisitione
716 4240 752 4302 di
777 4239 941 4303 intender
965 4258 1064 4300 come
1100 4235 1128 4299 si
1153 4244 1258 4318 porta
1284 4236 1480 4299 Antwersa

195 4352 254 4415 nel
278 4351 368 4414 fatto
392 4351 437 4413 de
462 4349 610 4428 Luther,
643 4358 678 4412 et
711 4357 814 4410 trovo
840 4347 905 4408 che
929 4345 1054 4407 invero
1078 4345 1099 4405 l'
1116 4343 1295 4406 universal
1318 4351 1411 4403 tutto
1437 4363 1478 4405 se

195 4469 302 4542 porta
324 4456 515 4520 benissimo
540 4464 678 4518 eccetto
702 4452 818 4516 alcuni
842 4451 1057 4515 Mercatanti
1081 4450 1143 4513 alti
1167 4447 1342 4528 Alamani,
1367 4456 1404 4511 et
1428 4451 1478 4511 al-

197 4566 278 4630 cuni
302 4564 437 4628 marani
461 4564 486 4626 li
511 4562 607 4645 quali
632 4562 759 4625 dicono
793 4570 829 4623 et
861 4560 969 4623 fanno
1005 4579 1073 4640 pur
1109 4559 1259 4640 qualche
1291 4555 1411 4640 pazzia
1441 4555 1480 4619 in

196 4674 300 4737 favor
323 4673 360 4734 di
383 4671 517 4734 Luther
546 4670 604 4732 del
638 4669 702 4730 che
733 4667 843 4731 Cesar
874 4666 893 4729 ὲ
928 4668 997 4729 ben
1029 4664 1206 4727 advertito
1237 4675 1273 4726 et
1300 4664 1347 4724 ha
1381 4661 1480 4727 forte

196 4781 313 4847 animo
338 4779 439 4848 same
463 4777 600 4860 grande
625 4774 912 4840 demostratione.
960 4773 1020 4835 Ma
1035 4793 1100 4857 per
1118 4765 1274 4836 Consilio
1300 4769 1336 4834 di
1359 4770 1481 4854 questi
