3330 5580
680 481 926 536 ⁰<3Mlb⁴

148 628 262 691 tensis
274 627 494 691 Clementiae
507 639 543 691 et
556 625 763 690 Sanctitatis
776 628 928 691 Vestrae
944 649 1050 691 aures
1071 631 1224 711 pulsare.
1258 632 1349 696 Nam
1362 655 1442 697 cum

149 737 182 799 is
196 737 359 818 pluribus
368 736 438 797 iam
453 736 557 797 annis
569 734 709 797 fortiter
720 750 844 814 egeret
858 750 983 798 contra
996 737 1117 799 hostes
1133 737 1216 800 fidei
1227 741 1443 809 catholicae:

151 844 260 907 nullis
276 863 420 924 quoque
431 842 634 922 pepercerit
647 841 839 919 laboribus,
857 856 910 904 tot
931 863 970 904 se
992 846 1201 926 exposuerit
1224 866 1291 927 pro
1304 850 1443 912 honore

151 949 260 1013 ¹hedis
284 949 519 1030 Apostolicae
544 950 692 1010 tutando
717 969 833 1010 rerum
857 964 892 1010 et
908 949 1004 1011 ritae
1020 970 1106 1012 suae
1123 951 1301 1033 periculis.
1326 976 1441 1037 neque

150 1057 189 1119 in
212 1058 308 1119 hunc
333 1056 428 1141 diem
452 1068 568 1117 cesset
592 1075 658 1135 pro
683 1068 807 1117 sancta
833 1055 993 1118 Ecclesia
1011 1057 1077 1118 Dei
1094 1059 1258 1135 militare,
1273 1061 1442 1144 indignis·

153 1164 283 1227 simum
308 1176 364 1225 est
380 1161 484 1224 Sedis
508 1162 742 1243 Apostolicae
766 1174 849 1222 uta
873 1182 1049 1243 quoquam
1074 1163 1261 1228 immodice
1290 1168 1325 1229 in
1349 1181 1442 1231 tran·

151 1271 334 1353 quillitate
358 1269 556 1330 studiorum
581 1288 723 1330 suorum
747 1271 992 1349 perturbetur,
1024 1269 1053 1330 si
1084 1273 1190 1333 modo
1221 1275 1294 1336 ulla
1321 1290 1441 1355 potest

152 1398 234 1441 esse
258 1375 515 1457 tranquillitas.
547 1376 606 1436 ubi
640 1388 815 1456 perpetua
847 1394 969 1457 pugna
1000 1396 1080 1439 curn
1103 1380 1274 1441 hereticis
1298 1398 1335 1444 et
1358 1381 1442 1445 fidei

153 1496 300 1547 nostrae
335 1483 499 1545 hostibus
534 1480 808 1544 conflictandum
844 1496 909 1544 est.
969 1482 1194 1566 Conquestus
1231 1504 1350 1550 autem
1387 1508 1442 1553 est

153 1592 271 1671 nobis,
294 1592 475 1672 quomodo
510 1602 592 1670 post
627 1589 851 1669 impetratum
886 1589 1037 1652 iudicem
1068 1612 1091 1653 a
1122 1592 1158 1653 S.
1194 1594 1237 1655 l'.
1270 1596 1304 1658 in
1336 1619 1444 1661 causa

154 1698 342 1781 pensionis
379 1696 562 1758 Ecclesiae
599 1696 833 1776 parrochialis
869 1695 1177 1778 Guntpurgensis.
1213 1703 1442 1767 adversarius

154 1827 240 1868 suus
264 1825 345 1867 eum
370 1806 554 1865 absentem
580 1806 661 1882 {quo
685 1803 718 1864 ei
743 1805 883 1864 sublata
914 1817 1010 1865 esset
1032 1803 1196 1868 defensio
1227 1822 1264 1869 et
1298 1810 1349 1871 sic
1383 1813 1442 1873 do·

155 1916 233 1975 lose
267 1911 480 1974 sententiam
505 1910 659 1989 aliquam
683 1909 717 1969 in
743 1908 860 1970 fictam
896 1912 1154 1974 contumaciam
1187 1929 1442 1998 extorqueret...

154 2020 258 2083 citari
283 2018 435 2081 iudicem
460 2018 581 2078 datum
606 2016 681 2077 sine
706 2036 814 2077 causa
838 2018 1009 2093 revocari,
1034 2031 1069 2080 et
1093 2039 1236 2083 causam
1257 2025 1303 2083 ad
1328 2040 1440 2087 rotam

155 2128 238 2192 Cur.
264 2128 371 2189 Rom.
396 2123 566 2186 committi
598 2124 786 2184 curaverit.
840 2121 918 2184 Xon
952 2125 1155 2187 dubitamus
1185 2146 1303 2192 autem
1334 2132 1371 2194 S.
1398 2133 1441 2194 Υ.

154 2233 380 2297 intellexisse
404 2244 573 2311 quantum
597 2230 716 2291 damni
742 2230 908 2291 universa
932 2232 1099 2293 nobilitas
1130 2248 1166 2294 et
1198 2248 1293 2297 totus
1317 2239 1443 2301 Clerus·

154 2362 202 2404 ex
227 2339 346 2404 heresi
369 2339 574 2400 Lutherana
597 2358 618 2397 a
643 2337 835 2398 rebellibus
860 2352 895 2398 et
919 2338 1103 2401 sediciosis·
1127 2346 1321 2423 acceperit:
1346 2348 1440 2427 quod

154 2449 265 2511 iudex
291 2460 427 2528 quanto
452 2445 621 2520 vicinior,
645 2464 689 2506 eo
713 2445 846 2505 certius
869 2465 1066 2525 agnoscere
1090 2450 1233 2528 poterit,
1258 2465 1293 2512 et
1318 2453 1442 2515 iustius

154 2555 376 2638 expendere.
426 2552 530 2613 [nde
554 2551 591 2612 S.
617 2550 661 2613 V.
686 2571 752 2631 pro
775 2553 900 2612 eodem
925 2566 1047 2614 nostro
1081 2554 1177 2616 fideli
1201 2558 1442 2639 supplicamus

155 2673 333 2744 quatenus
358 2660 527 2740 dignetur
556 2656 775 2719 committere
805 2670 841 2717 ut
873 2656 979 2719 iudex
1011 2662 1109 2740 prius
1142 2682 1164 2723 a
1200 2662 1236 2727 S.
1266 2665 1305 2725 l'.
1337 2670 1442 2729 datus

156 2790 276 2853 iquem
302 2768 379 2829 sine
404 2766 498 2827 omni
515 2763 711 2826 renovabili
728 2783 835 2825 causa
856 2766 1082 2828 adversarius
1105 2770 1249 2849 repulit)
1271 2771 1304 2833 in
1321 2777 1438 2853 cogni-

157 2876 254 2938 tione
271 2895 402 2936 causae
419 2873 601 2953 procedat.
617 2886 677 2932 aut
693 2870 729 2931 S.
750 2870 790 2930 Υ.
816 2872 920 2932 alicui
945 2875 1084 2952 prelato
1103 2876 1342 2956 Augustensis
1366 2884 1426 2942 dio

158 2983 250 3046 cesis
284 3002 428 3043 causam
461 2980 507 3041 de
538 2998 632 3040 novo
662 2979 875 3041 committat.
900 3000 972 3059 quo
1005 2980 1166 3043 iusticiae
1190 2997 1227 3044 et
1250 2987 1440 3066 aequitatis

159 3101 311 3170 utraque
326 3108 412 3170 pars
436 3086 605 3166 suscipiat
621 3087 930 3165 complementum.
956 3087 1187 3149 (lementiam
1205 3103 1322 3154 tamen
1340 3104 1376 3155 δ.
1398 3096 1439 3157 l'.

157 3199 302 3260 deceret
336 3206 372 3257 et
403 3196 574 3256 honorem
599 3190 704 3252 Sedis
730 3191 961 3272 Apostolicae
985 3209 1153 3272 augeret,
1187 3198 1214 3257 si
1252 3200 1349 3261 litem
1379 3223 1438 3263 ex·

155 3302 355 3385 tinguendo
380 3300 580 3383 praefatum
605 3299 752 3360 Eckium
790 3297 825 3361 S.
855 3298 896 3361 l'.
932 3314 967 3361 et
1001 3302 1083 3363 Sed.
1123 3304 1191 3384 sp.
1229 3308 1438 3371 servitorem

156 3408 453 3475 officiosissimum
469 3409 516 3467 ab
531 3404 728 3467 huiusmodi
745 3407 915 3469 molestiis
932 3407 1112 3471 liberaret.
1144 3412 1154 3461 l
1163 3412 1440 3477 Jommendamus

156 3539 222 3583 nos
246 3529 282 3580 et
306 3514 463 3577 dominia
493 3524 614 3574 nostra
647 3512 684 3572 S.
712 3511 753 3573 Υ.
781 3533 886 3592 quam
923 3514 1018 3575 lleus
1046 3535 1173 3597 regere
1204 3539 1245 3580 ac
1282 3522 1439 3602 dirigere

156 3626 326 3707 dignetur
349 3622 396 3684 ad
421 3620 575 3682 Sanctae
600 3618 783 3681 Ecclesiae
808 3620 902 3682 Suae
926 3622 1211 3701 prosperitatem.

246 3732 329 3793 Dat.
360 3728 395 3789 in
428 3726 563 3807 oppido
599 3740 721 3787 nostro
757 3724 948 3787 Monachio
980 3726 1275 3811 vicesimaquarta
1308 3737 1440 3797 mensis·

156 3835 380 3921 Septembris
406 3836 512 3895 Anno
536 3832 669 3893 Salutis
694 3831 916 3894 Lhristianae
940 3833 1129 3899 hlillesimo
1152 3838 1439 3919 quingentesimo

156 3946 325 4009 vicesimo
349 3942 484 4023 quinto.

245 4052 284 4116 E.
311 4047 518 4112 Sanctitatis
544 4046 693 4108 Vestrae
718 4060 754 4107 ot
777 4046 879 4108 Sedis
905 4048 1135 4127 Apostolicae

867 4164 1057 4213 tenuissimus
1075 4155 1265 4226 ῙΙῙΙΜῙΙΙΙ.

704 4254 798 4299 dnae·
819 4254 950 4315 palatinus
973 4254 1061 4303 ltlieni
1082 4260 1228 4321 Superiori·
1247 4270 1271 4305 et
1294 4262 1437 4311 internis.

927 4344 1052 4393 llavariae
1073 4348 1130 4393 lior
1150 4356 1201 4399 etc.
